name,ttm,03/31/2022,12/31/2021,09/30/2021,06/30/2021,03/31/2021,12/31/2020,09/30/2020,06/30/2020,03/31/2020,12/31/2019,09/30/2019,06/30/2019,03/31/2019,12/31/2018,09/30/2018,06/30/2018,03/31/2018,12/31/2017,09/30/2017,06/30/2017,03/31/2017,12/31/2016,09/30/2016,06/30/2016,03/31/2016,12/31/2015,09/30/2015,06/30/2015,03/31/2015,12/31/2014,09/30/2014,06/30/2014,03/31/2014,12/31/2013,09/30/2013,06/30/2013,03/31/2013,12/31/2012,09/30/2012,06/30/2012,03/31/2012,12/31/2011,09/30/2011,06/30/2011,03/31/2011,12/31/2010,09/30/2010,06/30/2010,03/31/2010,12/31/2009,09/30/2009,06/30/2009,03/31/2009,12/31/2008,09/30/2008,06/30/2008,03/31/2008,12/31/2007,09/30/2007,06/30/2007,03/31/2007,12/31/2006,09/30/2006,06/30/2006,03/31/2006,12/31/2005,09/30/2005,06/30/2005,03/31/2005,12/31/2004,09/30/2004,06/30/2004,03/31/2004,12/31/2003,09/30/2003,06/30/2003,03/31/2003,12/31/2002,09/30/2002,06/30/2002,03/31/2002,12/31/2001,09/30/2001,06/30/2001,03/31/2001,12/31/2000,09/30/2000,06/30/2000,03/31/2000,12/31/1999,09/30/1999,06/30/1999,03/31/1999,12/31/1998,09/30/1998,06/30/1998,03/31/1998,12/31/1997,09/30/1997,06/30/1997,03/31/1997,12/31/1996,09/30/1996,06/30/1996,03/31/1996,12/31/1995,09/30/1995,06/30/1995,03/31/1995,12/31/1994,09/30/1994,06/30/1994,03/31/1994,12/31/1993,09/30/1993,06/30/1993,03/31/1993,12/31/1992,09/30/1992,06/30/1992,03/31/1992,12/31/1991,09/30/1991,06/30/1991,03/31/1991,12/31/1990,09/30/1990,06/30/1990,03/31/1990,12/31/1989,09/30/1989,06/30/1989,03/31/1989,12/31/1988,09/30/1988,06/30/1988,03/31/1988
TotalRevenue,"8,929,000,000","2,346,000,000","2,131,000,000","2,213,000,000","2,239,000,000","1,915,000,000","1,925,000,000","1,904,000,000","1,625,000,000","1,601,000,000","1,692,000,000","1,883,000,000","1,918,000,000","1,667,000,000","1,724,000,000","1,818,000,000","1,824,000,000","1,691,000,000","1,606,000,000","1,703,000,000","1,597,000,000","1,478,000,000","1,383,000,000","1,518,000,000","1,545,000,000","1,231,000,000","1,268,000,000","1,461,000,000","1,414,000,000","1,207,000,000","1,261,000,000","1,382,000,000","1,355,000,000","1,278,000,000","1,278,000,000","1,320,000,000","1,347,000,000","1,350,000,000","1,159,000,000","1,276,000,000","1,391,000,000","1,346,000,000","1,196,000,000","1,450,000,000","1,451,000,000","1,238,000,000","1,168,000,000","1,186,000,000","1,378,000,000","1,265,000,000","1,162,000,000","1,348,000,000","1,219,000,000","1,074,000,000","1,291,000,000","1,629,000,000","1,574,000,000","1,353,000,000","1,304,000,000","1,268,000,000","1,534,000,000","1,324,000,000","-4,075,000,000","1,661,000,000","1,722,000,000","1,601,000,000","1,713,000,000","1,618,000,000","1,590,000,000","1,402,000,000","1,484,000,000","1,541,000,000","1,441,000,000","1,209,000,000","1,275,000,000","1,349,000,000","1,239,000,000","1,133,000,000","1,174,000,000","1,306,000,000","1,285,000,000","1,107,000,000","1,165,000,000","1,291,000,000","1,239,000,000","1,067,000,000","1,107,000,000","1,281,000,000","2,552,000,000","1,257,000,000","1,275,000,000","1,333,000,000","1,310,000,000","1,130,000,000","1,262,000,000","1,324,000,000","1,286,000,000","1,137,000,000","1,243,000,000","1,238,000,000","1,017,000,000","875,000,000","1,002,000,000","1,025,000,000","956,000,000","849,000,000","964,000,000","927,000,000","877,000,000","844,000,000","886,000,000","936,000,000","852,000,000","677,000,000","754,000,000","785,000,000","754,000,000","651,000,000","734,000,000","786,000,000","732,000,000","626,000,000","659,000,000","759,000,000","745,000,000","620,000,000","769,000,000","823,000,000","771,000,000","748,000,000","871,000,000","743,000,000","721,000,000","665,000,000","704,000,000","760,000,000","735,000,000","632,000,000"
	OperatingRevenue,"8,929,000,000","2,346,000,000","2,131,000,000","2,213,000,000","2,239,000,000","1,915,000,000","1,925,000,000","1,904,000,000","1,625,000,000","1,601,000,000","1,692,000,000","1,883,000,000","1,918,000,000","1,667,000,000","1,724,000,000","1,818,000,000","1,824,000,000","1,691,000,000","1,606,000,000","1,703,000,000","1,597,000,000","1,478,000,000","1,383,000,000","1,518,000,000","1,545,000,000","1,231,000,000","1,268,000,000","1,461,000,000","1,414,000,000","1,207,000,000","1,261,000,000","1,382,000,000","1,355,000,000","1,278,000,000","1,278,000,000","1,320,000,000","1,347,000,000","1,350,000,000","1,159,000,000","1,276,000,000","1,391,000,000","1,346,000,000","1,196,000,000","1,450,000,000","1,451,000,000","1,238,000,000","1,168,000,000","1,186,000,000","1,378,000,000","1,265,000,000","1,162,000,000","1,348,000,000","1,219,000,000","1,074,000,000","1,291,000,000","1,629,000,000","1,574,000,000","1,353,000,000","1,304,000,000","1,268,000,000","1,534,000,000","1,324,000,000","-4,075,000,000","1,661,000,000","1,722,000,000","1,601,000,000","1,713,000,000","1,618,000,000","1,590,000,000","1,402,000,000","1,484,000,000","1,541,000,000","1,441,000,000","1,209,000,000","1,275,000,000","1,349,000,000","1,239,000,000","1,133,000,000","1,174,000,000","1,306,000,000","1,285,000,000","1,107,000,000","1,165,000,000","1,291,000,000","1,239,000,000","1,067,000,000","1,107,000,000","1,281,000,000","2,552,000,000","1,257,000,000","1,275,000,000","1,333,000,000","1,310,000,000","1,130,000,000","1,262,000,000","1,324,000,000","1,286,000,000","1,137,000,000","1,243,000,000","1,238,000,000","1,017,000,000","875,000,000","1,002,000,000","1,025,000,000","956,000,000","849,000,000","964,000,000","927,000,000","877,000,000","844,000,000","886,000,000","936,000,000","852,000,000","677,000,000","754,000,000","785,000,000","754,000,000","651,000,000","734,000,000","786,000,000","732,000,000","626,000,000","659,000,000","759,000,000","745,000,000","620,000,000","769,000,000","823,000,000","771,000,000","748,000,000","871,000,000","743,000,000","721,000,000","665,000,000","704,000,000","760,000,000","735,000,000","632,000,000"
CostOfRevenue,"6,537,000,000","1,727,000,000","1,572,000,000","1,617,000,000","1,621,000,000","1,471,000,000","1,441,000,000","1,427,000,000","1,282,000,000","1,295,000,000","1,309,000,000","1,422,000,000","1,478,000,000","1,342,000,000","1,313,000,000","1,370,000,000","1,406,000,000","1,336,000,000","1,210,000,000","1,279,000,000","1,188,000,000","1,135,000,000","1,064,000,000","1,144,000,000","1,129,000,000","959,000,000","972,000,000","1,121,000,000","1,106,000,000","998,000,000","1,018,000,000","1,131,000,000","1,107,000,000","1,044,000,000","1,045,000,000","1,067,000,000","1,080,000,000","1,137,000,000","989,000,000","1,074,000,000","1,152,000,000","1,160,000,000","966,000,000","1,133,000,000","1,172,000,000","1,036,000,000","968,000,000","950,000,000","1,094,000,000","1,029,000,000","1,001,000,000","1,068,000,000","969,000,000","916,000,000","1,102,000,000","1,373,000,000","1,327,000,000","1,161,000,000","1,152,000,000","1,061,000,000","1,288,000,000","1,131,000,000","-3,327,000,000","1,368,000,000","1,426,000,000","1,332,000,000","1,405,000,000","1,315,000,000","1,278,000,000","1,167,000,000","1,190,000,000","1,244,000,000","1,178,000,000","1,037,000,000","1,045,000,000","1,127,000,000","1,024,000,000","974,000,000","1,055,000,000","1,097,000,000","1,043,000,000","935,000,000","981,000,000","1,046,000,000","1,014,000,000","896,000,000","1,011,000,000","1,036,000,000","996,000,000","972,000,000","1,140,000,000","931,000,000","935,000,000","818,000,000","1,108,000,000","1,012,000,000","938,000,000","886,000,000","1,184,000,000","908,000,000","739,000,000","615,000,000","850,000,000","715,000,000","669,000,000","600,000,000","809,000,000","653,000,000","608,000,000","600,000,000","749,000,000","675,000,000","616,000,000","496,000,000","543,000,000","584,000,000","565,000,000","488,000,000","543,000,000","582,000,000","546,000,000","466,000,000","492,000,000","547,000,000","539,000,000","462,000,000","556,000,000","564,000,000","515,000,000","497,000,000",,,,,,,,
GrossProfit,"2,392,000,000","619,000,000","559,000,000","596,000,000","618,000,000","444,000,000","484,000,000","477,000,000","343,000,000","306,000,000","383,000,000","461,000,000","440,000,000","325,000,000","411,000,000","448,000,000","418,000,000","355,000,000","396,000,000","424,000,000","409,000,000","343,000,000","319,000,000","374,000,000","416,000,000","272,000,000","296,000,000","340,000,000","308,000,000","209,000,000","243,000,000","251,000,000","248,000,000","234,000,000","233,000,000","253,000,000","267,000,000","213,000,000","170,000,000","202,000,000","239,000,000","186,000,000","230,000,000","317,000,000","279,000,000","202,000,000","200,000,000","236,000,000","284,000,000","236,000,000","161,000,000","280,000,000","250,000,000","158,000,000","189,000,000","256,000,000","247,000,000","192,000,000","152,000,000","207,000,000","246,000,000","193,000,000","-748,000,000","293,000,000","296,000,000","269,000,000","308,000,000","303,000,000","312,000,000","235,000,000","294,000,000","297,000,000","263,000,000","172,000,000","230,000,000","222,000,000","215,000,000","159,000,000","119,000,000","209,000,000","242,000,000","172,000,000","184,000,000","245,000,000","225,000,000","171,000,000","96,000,000","245,000,000","1,556,000,000","285,000,000","135,000,000","402,000,000","375,000,000","312,000,000","154,000,000","312,000,000","348,000,000","251,000,000","59,000,000","330,000,000","278,000,000","260,000,000","152,000,000","310,000,000","287,000,000","249,000,000","155,000,000","274,000,000","269,000,000","244,000,000","137,000,000","261,000,000","236,000,000","181,000,000","211,000,000","201,000,000","189,000,000","163,000,000","191,000,000","204,000,000","186,000,000","160,000,000","167,000,000","212,000,000","206,000,000","158,000,000","213,000,000","259,000,000","256,000,000","251,000,000",,,,,,,,
OperatingExpense,"812,000,000","179,000,000","236,000,000","204,000,000","193,000,000","146,000,000","212,000,000","185,000,000","175,000,000","232,000,000","214,000,000","186,000,000","213,000,000","209,000,000","189,000,000","193,000,000","215,000,000","228,000,000","246,000,000","197,000,000","219,000,000","173,000,000","183,000,000","167,000,000","176,000,000","156,000,000","158,000,000","144,000,000","152,000,000","151,000,000","139,000,000","144,000,000","175,000,000","126,000,000","129,000,000","147,000,000","149,000,000","156,000,000","154,000,000","143,000,000","149,000,000","164,000,000","142,000,000","140,000,000","160,000,000","141,000,000","266,000,000","152,000,000","156,000,000","147,000,000","159,000,000","156,000,000","154,000,000","154,000,000","150,000,000","173,000,000","189,000,000","171,000,000","159,000,000","125,000,000","174,000,000","159,000,000","-273,000,000","124,000,000","111,000,000","144,000,000","73,000,000","156,000,000","139,000,000","4,480,000,000","127,000,000","139,000,000","141,000,000","128,000,000","108,000,000","113,000,000","134,000,000","117,000,000","109,000,000","2,505,000,000","146,000,000","136,000,000","142,000,000","151,000,000","144,000,000","158,000,000","225,000,000","159,000,000","937,000,000","180,000,000","3,000,000","222,000,000","218,000,000","203,000,000","1,522,000,000","200,000,000","213,000,000","196,000,000","86,000,000","235,000,000","173,000,000","183,000,000","56,000,000","182,000,000","1,049,000,000","180,000,000","52,000,000","152,000,000","154,000,000","172,000,000","-42,000,000","153,000,000","141,000,000","248,000,000","138,000,000","131,000,000","116,000,000","143,000,000","150,000,000","133,000,000","122,000,000","123,000,000","932,000,000","143,000,000","145,000,000","151,000,000","220,000,000","158,000,000","154,000,000","153,000,000",,,,,,,,
	SellingGeneralAndAdministration,"767,000,000","184,000,000","209,000,000","186,000,000","188,000,000","174,000,000","171,000,000","163,000,000","151,000,000","179,000,000","171,000,000","164,000,000","181,000,000","182,000,000","169,000,000","159,000,000","187,000,000","185,000,000","163,000,000","160,000,000","155,000,000","142,000,000","158,000,000","141,000,000","151,000,000","134,000,000","136,000,000","130,000,000","130,000,000","129,000,000","115,000,000","110,000,000","130,000,000","132,000,000","135,000,000","128,000,000","134,000,000","133,000,000","129,000,000","115,000,000","128,000,000","137,000,000","130,000,000","119,000,000","141,000,000","135,000,000","131,000,000","123,000,000","138,000,000","124,000,000","147,000,000","140,000,000","134,000,000","130,000,000","165,000,000","157,000,000","172,000,000","142,000,000","142,000,000","110,000,000","158,000,000","158,000,000","-284,000,000","141,000,000","140,000,000","131,000,000","156,000,000","144,000,000","141,000,000","124,000,000","155,000,000","131,000,000","129,000,000","115,000,000","114,000,000","115,000,000","116,000,000","114,000,000","120,000,000","131,000,000","144,000,000","127,000,000","128,000,000","141,000,000","128,000,000","127,000,000","105,000,000","143,000,000","146,000,000","148,000,000","109,000,000","167,000,000","166,000,000","150,000,000","125,000,000","152,000,000","166,000,000","144,000,000","110,000,000","190,000,000","134,000,000","146,000,000","-802,000,000","145,000,000","1,017,000,000","149,000,000","58,000,000","121,000,000","123,000,000","142,000,000","-71,000,000","123,000,000","113,000,000","221,000,000","103,000,000","102,000,000","95,000,000","115,000,000","117,000,000","102,000,000","92,000,000","93,000,000","897,000,000","110,000,000","106,000,000","112,000,000","179,000,000","111,000,000","111,000,000","112,000,000",,,,,,,,
		GeneralAndAdministrativeExpense,,,,,,,,,,,,,,,,,,,,,,,,,,,,,,,,,,,,,,,,,,,,,,,"131,000,000","123,000,000","138,000,000","124,000,000","147,000,000","140,000,000","134,000,000","130,000,000",,,,,,,,,,,,,,,,,,,,,,,,,,,,,,,,,,,,,,,,,,,,,,,,,,,,,,,,,,,,,,,,,,,,,,,,,,,,,,,,,,,,
			SalariesAndWages,,,,,,,,,,,,,,,,,,,,,,,,,,,,,,,,,,,,,,,,,,,,,,,"0","0","0","0","12,000,000","5,000,000","6,000,000","6,000,000",,,,,,,,,,,,,,,,,,,,,,,,,,,,,,,,,,,,,,,,,,,,,,,,,,,,,,,,,,,,,,,,,,,,,,,,,,,,,,,,,,,,
			OtherGandA,,,,,,,,,,,,,,,,,,,,,,,,,,,,,,,,,,,,,,,,,,,,,,,"131,000,000","123,000,000","138,000,000","124,000,000","135,000,000","135,000,000","128,000,000","124,000,000",,,,,,,,,,,,,,,,,,,,,,,,,,,,,,,,,,,,,,,,,,,,,,,,,,,,,,,,,,,,,,,,,,,,,,,,,,,,,,,,,,,,
		SellingAndMarketingExpense,,,,,,,,,,,,,,,,,,,,,,,,,,,,,,,,,,,,,,,,"115,000,000",,"137,000,000",,,,,,,,,,,,,,,,,,,,,,,,,,,,,,,,,,,,,,,,,,,,,,,,,,,,,,,,,,,,,,,,,,,,,,,,,,,,,,,,,,,,,,,,,,,,,,,,
	ResearchAndDevelopment,"94,000,000","23,000,000","28,000,000","21,000,000","22,000,000","20,000,000","23,000,000","20,000,000","18,000,000","21,000,000","22,000,000","21,000,000","22,000,000","22,000,000","23,000,000","21,000,000","22,000,000","23,000,000","21,000,000","22,000,000","21,000,000","21,000,000","22,000,000","20,000,000","21,000,000","19,000,000","20,000,000","18,000,000","18,000,000","17,000,000","19,000,000","18,000,000","20,000,000","19,000,000","20,000,000","19,000,000","20,000,000","18,000,000","19,000,000","20,000,000","21,000,000","19,000,000","19,000,000","20,000,000","19,000,000","19,000,000","21,000,000","19,000,000","18,000,000","18,000,000","16,000,000","15,000,000","15,000,000","15,000,000","17,000,000","16,000,000","17,000,000","19,000,000","17,000,000","15,000,000","16,000,000",,,,,,,,,,,,,,,,,,,,,,,,,,,,,,,,,,,,,,,,,,,,,,,,,,,,,,,,,,,,,,,,,,,,,,,,,,,,,
	DepreciationAmortizationDepletionIncomeStatement,,,,,,,,,,,,,,,,,,,,,,,,,,,,,,,,,,,,,,,,,,,,,,,,,,,,,,,,,,,,,,,,,,,,,,,,,,,,,,,,,,,,,,,,,,,,"55,000,000","52,000,000","53,000,000",,"48,000,000","47,000,000","52,000,000",,"45,000,000","39,000,000","37,000,000",,"37,000,000","32,000,000","31,000,000",,"31,000,000","31,000,000","30,000,000",,"30,000,000","28,000,000","27,000,000","35,000,000","29,000,000","21,000,000","28,000,000","33,000,000","31,000,000","30,000,000","30,000,000","35,000,000","33,000,000","39,000,000","39,000,000","41,000,000","47,000,000","43,000,000","41,000,000",,,,,,,,
		DepreciationAndAmortizationInIncomeStatement,,,,,,,,,,,,,,,,,,,,,,,,,,,,,,,,,,,,,,,,,,,,,,,,,,,,,,,,,,,,,,,,,,,,,,,,,,,,,,,,,,,,,,,,,,,,"55,000,000","52,000,000","53,000,000",,"48,000,000","47,000,000","52,000,000",,"45,000,000","39,000,000","37,000,000",,"37,000,000","32,000,000","31,000,000",,"31,000,000","31,000,000","30,000,000",,"30,000,000","28,000,000","27,000,000","35,000,000","29,000,000","21,000,000","28,000,000","33,000,000","31,000,000","30,000,000","30,000,000","35,000,000","33,000,000","39,000,000","39,000,000","41,000,000","47,000,000","43,000,000","41,000,000",,,,,,,,
			DepreciationIncomeStatement,,,,,,,,,,,,,,,,,,,,,,,,,,,,,,,,,,,,,,,,,,,,,,,,,,,,,,,,,,,,,,,,,,,,,,,,,,,,,,,,,,,,,,,,,,,,"55,000,000","52,000,000","53,000,000",,"48,000,000","47,000,000","52,000,000",,"45,000,000","39,000,000","37,000,000",,"37,000,000","32,000,000","31,000,000",,"31,000,000","31,000,000","30,000,000",,"30,000,000","28,000,000","27,000,000","35,000,000","29,000,000","21,000,000","28,000,000","33,000,000","31,000,000","30,000,000","30,000,000","35,000,000","33,000,000","39,000,000","39,000,000","41,000,000","47,000,000","43,000,000","41,000,000",,,,,,,,
	OtherOperatingExpenses,"-49,000,000","-28,000,000","-1,000,000","-3,000,000","-17,000,000","-48,000,000","18,000,000","2,000,000","6,000,000","32,000,000","21,000,000","1,000,000","10,000,000","5,000,000","-3,000,000","13,000,000","6,000,000","20,000,000","62,000,000","15,000,000","43,000,000","10,000,000","3,000,000","6,000,000","4,000,000","3,000,000","2,000,000","-4,000,000","4,000,000","5,000,000","5,000,000","16,000,000","25,000,000","-25,000,000","-26,000,000",,"-5,000,000","5,000,000","6,000,000","8,000,000",,"8,000,000","-7,000,000","1,000,000",,"-13,000,000","114,000,000","10,000,000",,"5,000,000","-4,000,000","1,000,000","5,000,000","9,000,000",,,,"10,000,000",,,,"1,000,000","11,000,000","-17,000,000","-29,000,000","13,000,000","-83,000,000","12,000,000","-2,000,000","4,356,000,000","-28,000,000","8,000,000","12,000,000","13,000,000","-6,000,000","-2,000,000","18,000,000","3,000,000","-11,000,000","2,374,000,000","2,000,000","9,000,000","14,000,000","10,000,000","16,000,000","31,000,000","120,000,000","16,000,000","791,000,000","32,000,000",,,,,,,,,,,,,,,,,,,,,,,,,,,,,,,,,,,,,,,,,,,,,,,,
OperatingIncome,"1,580,000,000","440,000,000","323,000,000","392,000,000","425,000,000","298,000,000","272,000,000","292,000,000","168,000,000","74,000,000","169,000,000","275,000,000","227,000,000","116,000,000","222,000,000","255,000,000","203,000,000","127,000,000","150,000,000","227,000,000","190,000,000","170,000,000","136,000,000","207,000,000","240,000,000","116,000,000","138,000,000","196,000,000","156,000,000","58,000,000","104,000,000","107,000,000","73,000,000","108,000,000","104,000,000","106,000,000","118,000,000","57,000,000","16,000,000","59,000,000","90,000,000","22,000,000","88,000,000","177,000,000","119,000,000","61,000,000","-66,000,000","84,000,000","128,000,000","89,000,000","2,000,000","124,000,000","96,000,000","4,000,000","39,000,000","83,000,000","58,000,000","21,000,000","-7,000,000","82,000,000","72,000,000","34,000,000","-475,000,000","169,000,000","185,000,000","125,000,000","235,000,000","147,000,000","173,000,000","-4,245,000,000","167,000,000","158,000,000","122,000,000","44,000,000","122,000,000","109,000,000","81,000,000","42,000,000","10,000,000","-2,296,000,000","96,000,000","36,000,000","42,000,000","94,000,000","81,000,000","13,000,000","-129,000,000","86,000,000","619,000,000","105,000,000","132,000,000","180,000,000","157,000,000","109,000,000","-1,368,000,000","112,000,000","135,000,000","55,000,000","-27,000,000","95,000,000","105,000,000","77,000,000","96,000,000","128,000,000","-762,000,000","69,000,000","103,000,000","122,000,000","115,000,000","72,000,000","179,000,000","108,000,000","95,000,000","-67,000,000","73,000,000","70,000,000","73,000,000","20,000,000","41,000,000","71,000,000","64,000,000","37,000,000","-765,000,000","69,000,000","61,000,000","7,000,000","-7,000,000","101,000,000","102,000,000","98,000,000","-1,699,000,000","743,000,000","721,000,000","665,000,000","-1,650,000,000","760,000,000","735,000,000","632,000,000"
NetNonOperatingInterestIncomeExpense,"-121,000,000","-28,000,000","-29,000,000","-31,000,000","-33,000,000","-33,000,000","-34,000,000","-35,000,000","-36,000,000","-27,000,000","-30,000,000","-33,000,000","-32,000,000","-36,000,000","-25,000,000","-31,000,000","-33,000,000","-28,000,000","-26,000,000","-28,000,000","-27,000,000","-26,000,000","-28,000,000","-28,000,000","-29,000,000","-23,000,000","-20,000,000","-28,000,000","-26,000,000","-26,000,000","-28,000,000","-28,000,000","-31,000,000","-27,000,000","-25,000,000","-29,000,000","-29,000,000","-29,000,000","-29,000,000","-29,000,000","-28,000,000","-28,000,000","-27,000,000","-28,000,000","-28,000,000","-25,000,000","-25,000,000","-28,000,000","31,000,000","-26,000,000","-30,000,000","-30,000,000","26,000,000","25,000,000",,,,,,,,,,,,,,,,,,,,,,,,,,,,,,,,,,,,,,,,,,,,,,,,,,,,,,,,,,,,,,,,,,,,,,,,,,,,,,,,,,,,
	InterestExpenseNonOperating,"121,000,000","28,000,000","29,000,000","31,000,000","33,000,000","33,000,000","34,000,000","35,000,000","36,000,000","27,000,000","30,000,000","33,000,000","32,000,000","36,000,000","25,000,000","31,000,000","33,000,000","28,000,000","26,000,000","28,000,000","27,000,000","26,000,000","28,000,000","28,000,000","29,000,000","23,000,000","20,000,000","28,000,000","26,000,000","26,000,000","28,000,000","28,000,000","31,000,000","27,000,000","25,000,000","29,000,000","29,000,000","29,000,000","29,000,000","29,000,000","28,000,000","28,000,000",,,"28,000,000","25,000,000",,,,,"30,000,000","30,000,000",,,,,,,,,,,,,,,,,,,,,,,,,,,,,,,,,,,,,,,,,,,,,,,,,,,,,,,,,,,,,,,,,,,,,,,,,,,,,,,,,,,,,,
	TotalOtherFinanceCost,,,,,,,,,,,"30,000,000","33,000,000","32,000,000","36,000,000","25,000,000","31,000,000","33,000,000","28,000,000","26,000,000","28,000,000","27,000,000","26,000,000","28,000,000","28,000,000","29,000,000","23,000,000","20,000,000","28,000,000","26,000,000","26,000,000","28,000,000","28,000,000","31,000,000","27,000,000","25,000,000","29,000,000","29,000,000","29,000,000","29,000,000",,,,,"28,000,000",,,,"28,000,000","-31,000,000","26,000,000",,,"-26,000,000","-25,000,000",,,,,,,,,,,,,,,,,,,,,,,,,,,,,,,,,,,,,,,,,,,,,,,,,,,,,,,,,,,,,,,,,,,,,,,,,,,,,,,,,,,,
OtherIncomeExpense,"0","2,000,000","2,000,000","-7,000,000","3,000,000","3,000,000","3,000,000","4,000,000","3,000,000","-940,000,000","-41,000,000","-30,000,000","3,000,000","2,000,000","3,000,000","4,000,000","3,000,000","4,000,000","0","-71,000,000",,,"0","-1,000,000",,,"0",,"5,000,000",,,,,,,,,,"-74,000,000",,"-5,000,000","-34,000,000",,,"16,000,000",,"-5,000,000","-15,000,000","-3,000,000","-6,000,000","0","-4,000,000","-8,000,000","-22,000,000","-24,000,000","15,000,000","6,000,000","-12,000,000","-39,000,000","1,000,000","6,000,000","-2,000,000","-32,000,000","-10,000,000","-17,000,000","-10,000,000","-5,000,000","-8,000,000","-4,000,000","-36,000,000","-21,000,000","-5,000,000","-28,000,000","-10,000,000","-10,000,000","-5,000,000","-38,000,000","-34,000,000","-54,000,000","-46,000,000","-26,000,000","-33,000,000","-29,000,000","-31,000,000","-24,000,000","-30,000,000","-50,000,000","-6,000,000",,,,"1,000,000",,"-3,000,000","-300,000,000","196,000,000","-1,000,000","-12,000,000","-81,000,000","5,000,000","5,000,000","3,000,000","-45,000,000","3,000,000","-15,000,000","-14,000,000",,"3,000,000","4,000,000","3,000,000","-87,000,000",,"-1,000,000","-1,000,000","-1,000,000","4,000,000","1,000,000","1,000,000","1,000,000","-1,000,000",,"2,000,000","2,000,000","2,000,000","1,000,000","1,000,000","1,000,000","1,000,000","1,000,000","1,000,000",,,,,,,,
	SpecialIncomeCharges,,,"0","-9,000,000","0","0","0","0","0","-944,000,000","0","-32,000,000",,,"0","0",,,"0","-71,000,000",,,"0","-1,000,000","0",,"0","0","5,000,000",,,,,,"0",,,,"-74,000,000",,"-5,000,000","-34,000,000","0","0","16,000,000","0","-5,000,000","-15,000,000","-3,000,000","-6,000,000","0","-4,000,000","-8,000,000","-22,000,000","-24,000,000","15,000,000","6,000,000","-12,000,000","-39,000,000","1,000,000","6,000,000","-2,000,000","-32,000,000","-10,000,000","-17,000,000","-10,000,000","-5,000,000","-8,000,000","-4,000,000","-36,000,000","-21,000,000","-5,000,000","-28,000,000","-10,000,000","-10,000,000","-5,000,000","-38,000,000","-34,000,000","-54,000,000","-46,000,000","-26,000,000","-33,000,000","-29,000,000","-31,000,000","-24,000,000","-30,000,000","-50,000,000","-6,000,000",,,"2,000,000","1,000,000",,"-3,000,000","-300,000,000","196,000,000","-1,000,000","-12,000,000","-81,000,000","5,000,000","5,000,000","3,000,000","-45,000,000","3,000,000","-15,000,000","-14,000,000","-10,000,000","3,000,000","4,000,000","3,000,000","-87,000,000",,"-1,000,000","-1,000,000","-1,000,000","4,000,000","1,000,000","1,000,000","1,000,000","-1,000,000",,"2,000,000","2,000,000","2,000,000","1,000,000","1,000,000","1,000,000","1,000,000","1,000,000","1,000,000",,,,,,,,
		RestructuringAndMergernAcquisition,,,,,,,,,,,,,,,,,,,,,,,,,,,,,,,,,,,,,,,,,,,"0","0","0","0",,,,,,"4,000,000",,,"0","2,000,000","4,000,000","2,000,000","27,000,000",,,"1,000,000","27,000,000","10,000,000","17,000,000","10,000,000","5,000,000","8,000,000","4,000,000","36,000,000","21,000,000","5,000,000","28,000,000","10,000,000","10,000,000","5,000,000","38,000,000","34,000,000","54,000,000","46,000,000","26,000,000","33,000,000","29,000,000","31,000,000","24,000,000","30,000,000","50,000,000","6,000,000",,,,,,,,,,,,,,,,,,,,,,,,,,,,,,,,,,,,,,,,,,,,,,,,,,
		ImpairmentOfCapitalAssets,,,"0","0","0","0","0","0","0","944,000,000",,,,,,,,,,,,,,,,,,,,,,,,,,,,,,,,,,,,,,,,,,,,,,,,,,,,,,,,,,,,,,,,,,,,,,,,,,,,,,,,,,,,,,,,,,,,,,,,,,,,,,,,,,,,,,,,,,,,,,,,,,,,,,,,
		OtherSpecialCharges,,,"0","9,000,000",,,,,,,"0","32,000,000",,,,,,,"0","71,000,000",,,"0","1,000,000",,,"0",,"-5,000,000",,,,,,,,,,"74,000,000",,,,,,"-16,000,000",,,,,,,,,,,"-17,000,000","-10,000,000","10,000,000","12,000,000",,,"1,000,000",,,,,,,,,,,,,,,,,,,,,,,,,,,,,,,,,,,,,,,,,,,,,,,,,,,,,,,,,,,,,,,,,,,,,,,,,,,,
	OtherNonOperatingIncomeExpenses,"9,000,000","2,000,000","2,000,000","2,000,000","3,000,000","3,000,000","3,000,000","4,000,000","3,000,000","4,000,000","-41,000,000","2,000,000","3,000,000","2,000,000","3,000,000","4,000,000","3,000,000","4,000,000",,,,,,,,,,,,,,,,,,,,,,,,,,,,,,,,,,,,,,,,,,,,,,,,,,,,,,,,,,,,,,,,,,,,,,,,,,,,,,,,,,,,,,,,,,,,,,,,,,,,,,,,,,,,,,,,,,,,,,,,
PretaxIncome,"1,459,000,000","414,000,000","296,000,000","354,000,000","395,000,000","268,000,000","241,000,000","261,000,000","135,000,000","-893,000,000","98,000,000","212,000,000","198,000,000","82,000,000","200,000,000","228,000,000","173,000,000","103,000,000","124,000,000","128,000,000","163,000,000","144,000,000","108,000,000","178,000,000","211,000,000","93,000,000","118,000,000","168,000,000","135,000,000","32,000,000","30,000,000","79,000,000","42,000,000","81,000,000","79,000,000","77,000,000","89,000,000","28,000,000","-87,000,000","30,000,000","57,000,000","-40,000,000","61,000,000","149,000,000","107,000,000","36,000,000","-96,000,000","41,000,000","94,000,000","57,000,000","-28,000,000","90,000,000","62,000,000","-43,000,000","-11,000,000","69,000,000","35,000,000","-13,000,000","-78,000,000","56,000,000","47,000,000","1,000,000","-309,000,000","88,000,000","82,000,000","50,000,000","31,000,000","-400,000,000","169,000,000","-4,282,000,000","146,000,000","167,000,000","93,000,000","33,000,000","110,000,000","102,000,000","43,000,000","4,000,000","-47,000,000","-2,347,000,000","66,000,000","-1,000,000","8,000,000","55,000,000","55,000,000","-17,000,000","-190,000,000","25,000,000","-689,000,000","63,000,000","99,000,000","139,000,000","117,000,000","71,000,000","-1,325,000,000","267,000,000","93,000,000","1,000,000","-141,000,000","64,000,000","87,000,000","61,000,000","30,000,000","111,000,000","-777,000,000","55,000,000","75,000,000","105,000,000","96,000,000","49,000,000","67,000,000","84,000,000","71,000,000","-90,000,000","51,000,000","51,000,000","52,000,000","-2,000,000","18,000,000","43,000,000","33,000,000","11,000,000","-792,000,000","40,000,000","26,000,000","-27,000,000","-45,000,000","61,000,000","60,000,000","57,000,000",,,,,,,,
TaxProvision,"367,000,000","107,000,000","69,000,000","94,000,000","97,000,000","59,000,000","10,000,000","56,000,000","39,000,000","24,000,000","27,000,000","61,000,000","59,000,000","39,000,000","29,000,000","67,000,000","49,000,000","11,000,000","127,000,000","32,000,000","67,000,000","43,000,000","16,000,000","65,000,000","73,000,000","34,000,000","8,000,000","55,000,000","44,000,000","13,000,000","-4,000,000","27,000,000","21,000,000","-39,000,000","-3,000,000","26,000,000","39,000,000","6,000,000","-36,000,000","-14,000,000","17,000,000","5,000,000","11,000,000","23,000,000","29,000,000","11,000,000","14,000,000","-19,000,000","-844,000,000","9,000,000","37,000,000","-8,000,000","29,000,000","-14,000,000","35,000,000","880,000,000","2,000,000","2,000,000","-38,000,000","16,000,000","16,000,000",,"126,000,000","25,000,000","-169,000,000","-10,000,000","-304,000,000","-134,000,000","99,000,000","-48,000,000","73,000,000","71,000,000","56,000,000","27,000,000","72,000,000","47,000,000","24,000,000","2,000,000","-9,000,000","10,000,000","30,000,000","0","11,000,000","26,000,000","25,000,000","-5,000,000","-68,000,000","10,000,000","-267,000,000","13,000,000","31,000,000","50,000,000","41,000,000","27,000,000","-465,000,000","132,000,000","34,000,000","-7,000,000","-39,000,000","5,000,000","24,000,000","19,000,000","-31,000,000","31,000,000","-304,000,000","16,000,000","21,000,000","35,000,000","33,000,000","16,000,000","24,000,000","31,000,000","26,000,000","-23,000,000","18,000,000","3,000,000","19,000,000","7,000,000","6,000,000","11,000,000","11,000,000","5,000,000","-258,000,000","13,000,000","11,000,000","-4,000,000","-13,000,000","26,000,000","21,000,000","24,000,000",,,,,,,,
EarningsFromEquityInterestNetOfTax,"0","0","1,000,000","-1,000,000","0","1,000,000","-1,000,000","1,000,000","-1,000,000","1,000,000","1,000,000","0","-1,000,000","1,000,000","0","1,000,000","-2,000,000",,"0","0","0",,"-4,000,000",,"1,000,000",,"0","0","1,000,000",,"0","0","1,000,000","0","0","0","0","0","-4,000,000","0","0","0","1,000,000","0","1,000,000","0","1,000,000","1,000,000","1,000,000","1,000,000","0","-1,000,000","0","1,000,000",,,,,,,,,,,,,,,,,,,,,,,,,,,,,,,,,,,,,,,,,,,,,,,,,,,,,,,,,,,,,,,,,,,,,,,,,,,,,,,,,,,,
NetIncomeCommonStockholders,"1,089,000,000","304,000,000","227,000,000","260,000,000","298,000,000","210,000,000","232,000,000","206,000,000","96,000,000","-917,000,000","73,000,000","150,000,000","138,000,000","44,000,000","171,000,000","161,000,000","121,000,000","92,000,000","-4,000,000","96,000,000","96,000,000","101,000,000","86,000,000","112,000,000","138,000,000","57,000,000","109,000,000","112,000,000","91,000,000","18,000,000","33,000,000","52,000,000","21,000,000","120,000,000","82,000,000","51,000,000","49,000,000","22,000,000","-56,000,000","44,000,000","39,000,000","-46,000,000","50,000,000","124,000,000","78,000,000","24,000,000","-110,000,000","58,000,000","937,000,000","48,000,000","-21,000,000","80,000,000","33,000,000","-28,000,000","-45,000,000","-810,000,000","31,000,000","-15,000,000","-46,000,000","112,000,000","29,000,000","1,000,000","-441,000,000","62,000,000","251,000,000","63,000,000","338,000,000","-267,000,000","67,000,000","-4,237,000,000","72,000,000","94,000,000","33,000,000","5,000,000","43,000,000","55,000,000","18,000,000","-1,000,000","-39,000,000","-2,359,000,000","36,000,000","-6,000,000","-7,000,000","27,000,000","29,000,000","-10,000,000","-115,000,000","14,000,000","-425,000,000","48,000,000","61,000,000","89,000,000","76,000,000","44,000,000","-868,000,000","96,000,000","59,000,000","8,000,000","-117,000,000","59,000,000","63,000,000","42,000,000","70,000,000","80,000,000","-473,000,000","39,000,000","66,000,000","70,000,000","63,000,000","33,000,000","43,000,000","53,000,000","45,000,000","18,000,000","33,000,000","48,000,000","33,000,000","17,000,000","14,000,000","32,000,000","21,000,000","6,000,000","-534,000,000","27,000,000","15,000,000","-23,000,000","-32,000,000","35,000,000","39,000,000","33,000,000","46,000,000","38,000,000","54,000,000","34,000,000","58,000,000","57,000,000","52,000,000","28,000,000"
	NetIncome,"1,089,000,000","304,000,000","227,000,000","260,000,000","298,000,000","210,000,000","232,000,000","206,000,000","96,000,000","-917,000,000","73,000,000","150,000,000","138,000,000","44,000,000","171,000,000","161,000,000","121,000,000","92,000,000","-4,000,000","96,000,000","96,000,000","101,000,000","86,000,000","112,000,000","138,000,000","57,000,000","109,000,000","112,000,000","91,000,000","18,000,000","33,000,000","52,000,000","21,000,000","120,000,000","82,000,000","51,000,000","49,000,000","22,000,000","-56,000,000","44,000,000","39,000,000","-46,000,000","50,000,000","124,000,000","78,000,000","24,000,000","-110,000,000","58,000,000","937,000,000","48,000,000","-21,000,000","80,000,000","33,000,000","-28,000,000","-45,000,000","-810,000,000","31,000,000","-15,000,000","-46,000,000","112,000,000","29,000,000","1,000,000","-441,000,000","62,000,000","251,000,000","63,000,000","338,000,000","-267,000,000","67,000,000","-4,237,000,000","72,000,000","94,000,000","33,000,000","5,000,000","43,000,000","55,000,000","18,000,000","-1,000,000","-39,000,000","-2,359,000,000","36,000,000","-6,000,000","-7,000,000","27,000,000","29,000,000","-10,000,000","-115,000,000","14,000,000","-425,000,000","48,000,000","61,000,000","89,000,000","76,000,000","44,000,000","-868,000,000","96,000,000","59,000,000","8,000,000","-117,000,000","59,000,000","63,000,000","42,000,000","70,000,000","80,000,000","-473,000,000","39,000,000","66,000,000","70,000,000","63,000,000","33,000,000","43,000,000","53,000,000","45,000,000","18,000,000","33,000,000","48,000,000","33,000,000","17,000,000","14,000,000","32,000,000","21,000,000","6,000,000","-534,000,000","27,000,000","15,000,000","-23,000,000","-32,000,000","35,000,000","39,000,000","33,000,000","46,000,000","38,000,000","54,000,000","34,000,000","58,000,000","57,000,000","52,000,000","28,000,000"
		NetIncomeIncludingNoncontrollingInterests,"1,092,000,000","307,000,000","228,000,000","259,000,000","298,000,000","210,000,000","230,000,000","206,000,000","95,000,000","-916,000,000","72,000,000","151,000,000","138,000,000","44,000,000","171,000,000","162,000,000","122,000,000","92,000,000","-3,000,000","96,000,000","96,000,000","101,000,000","88,000,000","113,000,000","139,000,000","59,000,000","110,000,000","113,000,000","92,000,000","19,000,000","34,000,000","52,000,000","22,000,000","120,000,000","82,000,000","51,000,000","50,000,000","22,000,000","-55,000,000","44,000,000","40,000,000","-45,000,000","51,000,000","126,000,000","79,000,000","25,000,000","-109,000,000","61,000,000","939,000,000","49,000,000","-19,000,000","81,000,000","33,000,000","-28,000,000","-46,000,000","-811,000,000","33,000,000","-15,000,000","-46,000,000","114,000,000","31,000,000","1,000,000","-435,000,000","63,000,000","251,000,000","60,000,000","335,000,000","-266,000,000","70,000,000","-4,234,000,000","75,000,000","96,000,000","34,000,000","6,000,000","44,000,000","55,000,000","19,000,000","2,000,000","-38,000,000","-2,357,000,000","37,000,000","-6,000,000","-6,000,000","29,000,000","30,000,000","-12,000,000","-119,000,000","17,000,000","-423,000,000","50,000,000","72,000,000","87,000,000","75,000,000","42,000,000","-846,000,000","92,000,000","54,000,000","3,000,000","-117,000,000","59,000,000","63,000,000","42,000,000","61,000,000","80,000,000","-473,000,000","39,000,000","54,000,000","70,000,000","63,000,000","33,000,000","43,000,000","53,000,000","45,000,000","18,000,000","33,000,000","48,000,000","33,000,000","17,000,000","14,000,000","32,000,000","21,000,000","6,000,000","-534,000,000","27,000,000","15,000,000","-23,000,000","-32,000,000","35,000,000","39,000,000","33,000,000","46,000,000","38,000,000","54,000,000","34,000,000","58,000,000","57,000,000","52,000,000","28,000,000"
			NetIncomeContinuousOperations,"1,092,000,000","307,000,000","228,000,000","259,000,000","298,000,000","210,000,000","230,000,000","206,000,000","95,000,000","-916,000,000","72,000,000","151,000,000","138,000,000","44,000,000","171,000,000","162,000,000","122,000,000","92,000,000","-3,000,000","96,000,000","96,000,000","101,000,000","88,000,000","113,000,000","139,000,000","59,000,000","110,000,000","113,000,000","92,000,000","19,000,000","34,000,000","52,000,000","22,000,000","120,000,000","82,000,000","51,000,000","50,000,000","22,000,000","-55,000,000","44,000,000","40,000,000","-45,000,000","51,000,000","126,000,000","79,000,000","25,000,000","-109,000,000","61,000,000","939,000,000","49,000,000","-19,000,000","81,000,000","33,000,000","-28,000,000","-45,000,000","-810,000,000","31,000,000","-15,000,000","-40,000,000","38,000,000","29,000,000","1,000,000","-439,000,000","63,000,000","251,000,000","60,000,000","335,000,000","-266,000,000","70,000,000","-4,234,000,000","67,000,000","96,000,000","34,000,000","6,000,000","43,000,000","55,000,000","18,000,000","-1,000,000","-39,000,000","-2,359,000,000","36,000,000","-6,000,000","-6,000,000","29,000,000","30,000,000","-12,000,000","-121,000,000","17,000,000","-423,000,000","50,000,000","61,000,000","89,000,000","76,000,000","44,000,000","-868,000,000","135,000,000","59,000,000","8,000,000","-102,000,000","59,000,000","63,000,000","42,000,000","70,000,000","80,000,000","-473,000,000","39,000,000","66,000,000","70,000,000","63,000,000","33,000,000","43,000,000","53,000,000","45,000,000","-67,000,000","33,000,000","48,000,000","33,000,000","-9,000,000","12,000,000","32,000,000","22,000,000","6,000,000","-534,000,000","27,000,000","15,000,000","-23,000,000","-32,000,000","35,000,000","39,000,000","33,000,000","46,000,000","38,000,000","54,000,000","34,000,000","58,000,000","57,000,000","52,000,000","28,000,000"
			NetIncomeDiscontinuousOperations,,,,,,,,,,,,,,,,,,,,,,,,,,,,,,,,,,,,,,,,,,,,,,,,,,,,,,,,,,,"-6,000,000","74,000,000",,,,,,,,,,,,,,,,,,,,,,,,,,,,,,,,,,,,,,,,,,,,,,,,,,,,,,,,,,,,,,,,,,,,,,,,,,,,,,
			NetIncomeExtraordinary,,,,,,,,,,,,,,,,,,,,,,,,,,,,,,,,,,,,,,,,,,,,,,,,,,,,,,,,,,,,,,,,,,,,,,,,,,,"0","0","0","0","-882,000,000","0","0",,,,,,,,,,,,,,,,,,,,,,,,,,,,,,"0",,,"85,000,000","0",,,"26,000,000",,,,,,,,,,,,,,,,,,,,
			NetIncomeFromTaxLossCarryforward,,,,,,,,,,,,,,,,,,,,,,,,,,,,,,,,,,,,,,,,,,,,,,,,,,,,,,,,,,,,,,,,,,,,,,,,,,,,,,,,,,,,,,,,,,,,,,,,"-39,000,000",,,,,,,,,,,,,,,,,,,,,,,"2,000,000",,"-1,000,000",,,,,,,,,,,,,,,,,
		MinorityInterests,"-3,000,000","-3,000,000","-1,000,000","1,000,000","0","0","2,000,000","0","1,000,000","-1,000,000","1,000,000","-1,000,000","0","0","0","-1,000,000","-1,000,000",,"-1,000,000","0","0","0","-2,000,000","-1,000,000","-1,000,000","-2,000,000","-1,000,000","-1,000,000","-1,000,000","-1,000,000","-1,000,000","0","-1,000,000","0","0","0","-1,000,000","0","-1,000,000","0","-1,000,000","-1,000,000","-1,000,000","-2,000,000","-1,000,000","-1,000,000","-1,000,000","-3,000,000","-2,000,000","-1,000,000","-2,000,000","-1,000,000","0","0","1,000,000","1,000,000","-2,000,000",,"0","-2,000,000","-2,000,000",,"-6,000,000","-1,000,000","0","3,000,000","3,000,000","-1,000,000","-3,000,000","-3,000,000","-3,000,000","-2,000,000","-1,000,000","-1,000,000","-1,000,000","0","-1,000,000","-3,000,000","-1,000,000","-2,000,000","-1,000,000","0","-1,000,000","-2,000,000","-1,000,000","2,000,000","4,000,000","-3,000,000","-2,000,000","-2,000,000","-11,000,000","2,000,000","1,000,000","2,000,000","-22,000,000","4,000,000","5,000,000","5,000,000",,,,,,,,,,,,,,,,,,,,,,,,,,,,,,,,,,,,,,,,
DilutedNIAvailtoComStockholders,"1,089,000,000","304,000,000","227,000,000","260,000,000","298,000,000","210,000,000","232,000,000","206,000,000","96,000,000","-917,000,000","73,000,000","150,000,000","138,000,000","44,000,000","171,000,000","161,000,000","121,000,000","92,000,000","-4,000,000","96,000,000","96,000,000","101,000,000","86,000,000","112,000,000","138,000,000","57,000,000","109,000,000","112,000,000","91,000,000","18,000,000","33,000,000","52,000,000","21,000,000","120,000,000","82,000,000","51,000,000","49,000,000","22,000,000","-56,000,000","44,000,000","39,000,000","-46,000,000","50,000,000","124,000,000","78,000,000","24,000,000","-110,000,000","58,000,000","937,000,000","48,000,000","-21,000,000","80,000,000","33,000,000","-28,000,000","-45,000,000","-810,000,000","31,000,000","-15,000,000","-46,000,000","112,000,000","29,000,000","1,000,000","-441,000,000","62,000,000","251,000,000","63,000,000","338,000,000","-267,000,000","67,000,000","-4,237,000,000","72,000,000","94,000,000","33,000,000","5,000,000","43,000,000","55,000,000","18,000,000","-1,000,000","-39,000,000","-2,359,000,000","36,000,000","-6,000,000","-7,000,000","27,000,000","29,000,000","-10,000,000","-115,000,000","14,000,000","-425,000,000","48,000,000","61,000,000","89,000,000","76,000,000","44,000,000","-868,000,000","96,000,000","59,000,000","8,000,000","-117,000,000","59,000,000","63,000,000","42,000,000","70,000,000","80,000,000","-473,000,000","39,000,000","66,000,000","70,000,000","63,000,000","33,000,000","43,000,000","53,000,000","45,000,000","18,000,000","33,000,000","48,000,000","33,000,000","17,000,000","14,000,000","32,000,000","21,000,000","6,000,000","-534,000,000","27,000,000","15,000,000","-23,000,000","-32,000,000","35,000,000","39,000,000","33,000,000","46,000,000","38,000,000","54,000,000","34,000,000","58,000,000","57,000,000","52,000,000","28,000,000"
BasicEPS,,"3.06","2.25","2.52","2.85","1.99","2.15","1.89","0.88","-8.43","0.67","1.37","1.27","0.4","1.56","1.46","1.09","0.83",,"0.86","0.86","0.9","0.77","0.98","1.2","0.49",,"0.96","0.77","0.15",,"0.44","0.18","1.02","0.7","0.43","0.41","0.19","-0.47","0.37","0.32","-0.38",,"1.02","0.63","0.19",,"0.46","7.39","0.38",,"0.64","0.27","-0.23",,"-6.36","0.24","-0.12",,"0.87","0.23","0.01",,"1.13","4.54","1.14",,"-4.82","1.22","-76.59",,"1.7","0.59","0.09",,"0.99","0.33","-0.02",,"-42.84","0.65","-0.11",,"0.5","0.53","-0.19",,"0.25","-7.76","0.88",,"1.64","1.41","0.81",,"1.79","1.09","0.16",,"1.09","1.17","0.79",,"1.53","-9.19","0.75",,"1.35","1.25","0.71",,"1.19","1.03","0.41",,"1.09","0.76","0.4",,"0.75","0.49","0.13",,"0.64","0.34","-0.54",,"0.83","0.92","0.79",,"0.89","1.28","0.82",,"1.36","1.32","0.66"
DilutedEPS,,"3.03","2.23","2.5","2.82","1.98","2.13","1.88","0.88","-8.43","0.66","1.36","1.26","0.4","1.55","1.45","1.08","0.82",,"0.85","0.85","0.89","0.76","0.97","1.19","0.49",,"0.95","0.77","0.15",,"0.44","0.18","1.01","0.69","0.43","0.41","0.18","-0.47","0.37","0.32","-0.38",,"1.01","0.62","0.19",,"0.46","7.33","0.38",,"0.63","0.26","-0.23",,"-6.36","0.24","-0.12",,"0.86","0.22","0.01",,"1.04","4.19","1.05",,"-4.82","1.13","-76.59",,"1.57","0.55","0.09",,"0.92","0.3","-0.02",,"-42.84","0.6","-0.11",,"0.46","0.49","-0.19",,"0.25","-7.76","0.84",,"1.53","1.31","0.77",,"1.66","1.02","0.16",,"1.04","1.11","0.76",,"1.44","-9.19","0.73",,"1.28","1.2","0.68",,"1.09","0.95","0.4",,"1.01","0.71","0.4",,"0.71","0.48","0.13",,"0.62","0.34","-0.54",,"0.83","0.92","0.79",,"0.89","1.28","0.82",,"1.36","1.32","0.66"
BasicAverageShares,,"99,500,000","100,900,000","103,100,000","104,600,000","105,400,000","108,100,000","108,800,000","108,600,000","108,800,000","109,300,000","109,200,000","109,000,000","109,500,000","109,400,000","110,000,000","110,900,000","111,500,000",,"111,000,000","111,600,000","112,300,000","112,800,000","114,100,000","115,100,000","115,500,000",,"117,200,000","117,500,000","117,800,000",,"117,400,000","117,400,000","117,800,000","117,600,000","118,000,000","119,100,000","118,500,000","118,000,000","117,900,000","120,800,000","121,100,000",,"121,700,000","124,000,000","123,800,000",,"125,100,000","126,800,000","126,500,000",,"124,500,000","124,500,000","124,300,000",,"127,400,000","128,900,000","128,800,000",,"128,100,000","128,100,000","128,100,000",,"55,300,000","55,300,000","55,300,000",,"55,300,000","55,300,000","55,300,000",,"55,300,000","55,300,000","55,300,000",,"55,200,000","55,200,000","55,100,000",,"55,000,000","55,000,000","55,100,000",,"55,100,000","55,100,000","55,000,000",,"55,000,000","54,800,000","54,600,000",,"54,268,293","53,900,709","54,320,988",,"53,631,285","54,128,440","50,000,000",,"54,128,440","53,846,154","53,164,557",,"52,287,582","51,468,988","52,000,000",,"51,851,852","50,400,000","46,478,873",,"44,537,815","43,689,320","43,902,439",,"44,036,697","43,421,053","42,500,000",,"42,666,667","42,857,143","46,153,846",,"42,187,500","44,117,647","42,592,593",,"42,168,675","42,391,304","41,772,152",,"42,696,629","42,187,500","41,463,415",,"41,911,765","39,393,939","42,424,242"
DilutedAverageShares,,"100,200,000","101,700,000","103,900,000","105,500,000","106,000,000","109,100,000","109,500,000","108,900,000","108,800,000","110,200,000","110,000,000","109,500,000","110,100,000","110,300,000","110,900,000","111,900,000","112,800,000",,"112,700,000","113,100,000","113,500,000","114,100,000","115,400,000","116,400,000","116,500,000",,"118,300,000","118,300,000","118,500,000",,"118,100,000","118,300,000","118,700,000","118,500,000","118,800,000","120,400,000","119,600,000","118,000,000","118,800,000","121,500,000","121,100,000",,"122,600,000","125,400,000","125,300,000",,"126,600,000","127,900,000","127,500,000",,"127,100,000","126,100,000","124,300,000",,"127,400,000","130,400,000","128,800,000",,"130,800,000","131,100,000","131,100,000",,"59,900,000","59,900,000","59,900,000",,"55,300,000","59,900,000","55,300,000",,"59,900,000","59,900,000","59,900,000",,"59,900,000","59,900,000","55,100,000",,"55,000,000","59,800,000","55,100,000",,"59,900,000","59,900,000","55,000,000",,"55,500,000","54,800,000","59,800,000",,"58,169,935","58,015,267","57,142,857",,"57,831,325","57,843,137","50,000,000",,"56,730,769","56,756,757","55,263,158",,"55,555,556","51,468,988","53,424,658",,"54,687,500","52,500,000","48,529,412",,"48,623,853","47,368,421","45,000,000",,"47,524,752","46,478,873","42,500,000",,"45,070,423","43,750,000","46,153,846",,"43,548,387","44,117,647","42,592,593",,"42,168,675","42,391,304","41,772,152",,"42,696,629","42,187,500","41,463,415",,"41,911,765","39,393,939","42,424,242"
TotalOperatingIncomeAsReported,"1,580,000,000","440,000,000","323,000,000","392,000,000","425,000,000","298,000,000","272,000,000","292,000,000","168,000,000","-870,000,000","169,000,000","275,000,000","227,000,000","116,000,000","222,000,000","255,000,000","203,000,000","127,000,000","150,000,000","227,000,000","190,000,000","170,000,000","136,000,000","207,000,000","240,000,000","116,000,000","138,000,000","196,000,000","156,000,000","58,000,000","104,000,000","107,000,000","73,000,000","108,000,000","104,000,000","106,000,000","118,000,000","57,000,000","16,000,000",,,,,,,,,,,,,,,,,,,,,,,,,,,,,,,,,,,,,,,,,,,,,,,,,,,,,,,,,,,,,,,,,,,,,,,,,,,,,,,,,,,,,,,,,,,,,,,,,,,
TotalExpenses,"7,349,000,000","1,906,000,000","1,808,000,000","1,821,000,000","1,814,000,000","1,617,000,000","1,653,000,000","1,612,000,000","1,457,000,000","1,527,000,000","1,523,000,000","1,608,000,000","1,691,000,000","1,551,000,000","1,502,000,000","1,563,000,000","1,621,000,000","1,564,000,000","1,456,000,000","1,476,000,000","1,407,000,000","1,308,000,000","1,247,000,000","1,311,000,000","1,305,000,000","1,115,000,000","1,130,000,000","1,265,000,000","1,258,000,000","1,149,000,000","1,157,000,000","1,275,000,000","1,282,000,000","1,170,000,000","1,174,000,000","1,214,000,000","1,229,000,000","1,293,000,000","1,143,000,000","1,217,000,000","1,301,000,000","1,324,000,000","1,108,000,000","1,273,000,000","1,332,000,000","1,177,000,000","1,234,000,000","1,102,000,000","1,250,000,000","1,176,000,000","1,160,000,000","1,224,000,000","1,123,000,000","1,070,000,000","1,252,000,000","1,546,000,000","1,516,000,000","1,332,000,000","1,311,000,000","1,186,000,000","1,462,000,000","1,290,000,000","-3,600,000,000","1,492,000,000","1,537,000,000","1,476,000,000","1,478,000,000","1,471,000,000","1,417,000,000","5,647,000,000","1,317,000,000","1,383,000,000","1,319,000,000","1,165,000,000","1,153,000,000","1,240,000,000","1,158,000,000","1,091,000,000","1,164,000,000","3,602,000,000","1,189,000,000","1,071,000,000","1,123,000,000","1,197,000,000","1,158,000,000","1,054,000,000","1,236,000,000","1,195,000,000","1,933,000,000","1,152,000,000","1,143,000,000","1,153,000,000","1,153,000,000","1,021,000,000","2,630,000,000","1,212,000,000","1,151,000,000","1,082,000,000","1,270,000,000","1,143,000,000","912,000,000","798,000,000","906,000,000","897,000,000","1,718,000,000","780,000,000","861,000,000","805,000,000","762,000,000","772,000,000","707,000,000","828,000,000","757,000,000","744,000,000","681,000,000","715,000,000","681,000,000","631,000,000","693,000,000","715,000,000","668,000,000","589,000,000","1,424,000,000","690,000,000","684,000,000","613,000,000","776,000,000","722,000,000","669,000,000","650,000,000",,,,,,,,
NetIncomeFromContinuingAndDiscontinuedOperation,"1,089,000,000","304,000,000","227,000,000","260,000,000","298,000,000","210,000,000","232,000,000","206,000,000","96,000,000","-917,000,000","73,000,000","150,000,000","138,000,000","44,000,000","171,000,000","161,000,000","121,000,000","92,000,000","-4,000,000","96,000,000","96,000,000","101,000,000","86,000,000","112,000,000","138,000,000","57,000,000","109,000,000","112,000,000","91,000,000","18,000,000","33,000,000","52,000,000","21,000,000","120,000,000","82,000,000","51,000,000","49,000,000","22,000,000","-56,000,000","44,000,000","39,000,000","-46,000,000","50,000,000","124,000,000","78,000,000","24,000,000","-110,000,000","58,000,000","937,000,000","48,000,000","-21,000,000","80,000,000","33,000,000","-28,000,000","-45,000,000","-810,000,000","31,000,000","-15,000,000","-46,000,000","112,000,000","29,000,000","1,000,000","-441,000,000","62,000,000","251,000,000","63,000,000","338,000,000","-267,000,000","67,000,000","-4,237,000,000","72,000,000","94,000,000","33,000,000","5,000,000","43,000,000","55,000,000","18,000,000","-1,000,000","843,000,000","-2,359,000,000","36,000,000","-6,000,000","-7,000,000","27,000,000","29,000,000","-10,000,000","-115,000,000","14,000,000","-425,000,000","48,000,000","61,000,000","89,000,000","76,000,000","44,000,000","-868,000,000","135,000,000","59,000,000","8,000,000","-102,000,000","59,000,000","63,000,000","42,000,000","70,000,000","80,000,000","-473,000,000","39,000,000","66,000,000","70,000,000","63,000,000","33,000,000","43,000,000","53,000,000","45,000,000","-67,000,000","33,000,000","48,000,000","33,000,000","-9,000,000","12,000,000","32,000,000","22,000,000","6,000,000","-534,000,000","27,000,000","15,000,000","-23,000,000","-32,000,000","35,000,000","39,000,000","33,000,000","46,000,000","38,000,000","54,000,000","34,000,000","58,000,000","57,000,000","52,000,000","28,000,000"
NormalizedIncome,"1,095,736,120.631","304,000,000","227,000,000","266,570,000","298,000,000","210,000,000","232,000,000","206,000,000","96,000,000","-227,880,000","73,000,000","172,720,000","138,000,000","44,000,000","171,000,000","161,000,000","121,000,000","92,000,000","-4,000,000","149,250,000","96,000,000","101,000,000","86,000,000","112,630,000","138,000,000","57,000,000","109,000,000","112,000,000","87,650,000","18,000,000","33,000,000","52,000,000","21,000,000","120,000,000","82,000,000","51,000,000","49,000,000","22,000,000","-56,000,000","44,000,000","42,508,771.93","-23,900,000","50,000,000","124,000,000","66,336,448.598","24,000,000","-106,750,000","67,750,000","938,950,000","53,052,631.579","-21,000,000","82,600,000","38,200,000","-13,162,790.698","-29,400,000","-819,750,000","25,342,857.143","-7,200,000","-14,650,000","37,285,714.286","25,042,553.191","2,300,000","-421,800,000","69,159,090.909","261,200,000","69,000,000","341,000,000","-261,680,000","69,400,000","-4,201,403,549.743","84,600,000","97,000,000","49,800,000","11,000,000","49,000,000","58,000,000","40,800,000","19,400,000","886,659,574.468","-2,331,400,000","51,600,000","27,000,000","10,400,000","45,600,000","43,400,000","11,176,470.588","-82,894,736.842","17,600,000","-425,000,000","48,000,000","59,626,262.626","88,359,712.23","76,000,000","45,859,154.93","-673,283,018.868","17,400,000","59,634,408.602","15,200,000","-43,404,255.319","54,390,625","59,379,310.345","39,934,426.23","97,000,000","77,837,837.838","-463,868,725.869","48,927,272.727","73,200,000","68,000,000","60,375,000","30,979,591.837","98,835,820.896","53,000,000","45,633,802.817","-66,255,555.556","33,647,058.824","44,235,294.118","32,365,384.615","-9,600,000","11,333,333.333","32,744,186.047","22,000,000","4,800,000","-535,348,484.848","25,650,000","14,400,000","-23,851,851.852","-32,711,111.111","34,400,000","38,350,000","32,400,000","46,000,000","38,000,000","54,000,000","34,000,000","58,000,000","57,000,000","52,000,000","28,000,000"
InterestExpense,"121,000,000","28,000,000","29,000,000","31,000,000","33,000,000","33,000,000","34,000,000","35,000,000","36,000,000","27,000,000","30,000,000","33,000,000","32,000,000","36,000,000","25,000,000","31,000,000","33,000,000","28,000,000","26,000,000","28,000,000","27,000,000","26,000,000","28,000,000","28,000,000","29,000,000","23,000,000","20,000,000","28,000,000","26,000,000","26,000,000","28,000,000","28,000,000","31,000,000","27,000,000","25,000,000","29,000,000","29,000,000","29,000,000","29,000,000","29,000,000","28,000,000","28,000,000",,,"28,000,000","25,000,000",,,,,"30,000,000","30,000,000",,,,,,,,,,,,,,,,,,,,,,,,,,,,,,,,,,,,,,,,,,,,,,,,,,,,,,,,,,,,,,,,,,,,,,,,,,,,,,,,,,,,,,
NetInterestIncome,"-121,000,000","-28,000,000","-29,000,000","-31,000,000","-33,000,000","-33,000,000","-34,000,000","-35,000,000","-36,000,000","-27,000,000","-30,000,000","-33,000,000","-32,000,000","-36,000,000","-25,000,000","-31,000,000","-33,000,000","-28,000,000","-26,000,000","-28,000,000","-27,000,000","-26,000,000","-28,000,000","-28,000,000","-29,000,000","-23,000,000","-20,000,000","-28,000,000","-26,000,000","-26,000,000","-28,000,000","-28,000,000","-31,000,000","-27,000,000","-25,000,000","-29,000,000","-29,000,000","-29,000,000","-29,000,000","-29,000,000","-28,000,000","-28,000,000","-27,000,000","-28,000,000","-28,000,000","-25,000,000","-25,000,000","-28,000,000","31,000,000","-26,000,000","-30,000,000","-30,000,000","26,000,000","25,000,000",,,,,,,,,,,,,,,,,,,,,,,,,,,,,,,,,,,,,,,,,,,,,,,,,,,,,,,,,,,,,,,,,,,,,,,,,,,,,,,,,,,,
EBIT,"1,580,000,000","442,000,000","325,000,000","385,000,000","428,000,000","301,000,000","275,000,000","296,000,000","171,000,000","-866,000,000","128,000,000","245,000,000","230,000,000","118,000,000","225,000,000","259,000,000","206,000,000","131,000,000","150,000,000","156,000,000","190,000,000","170,000,000","136,000,000","206,000,000","240,000,000","116,000,000","138,000,000","196,000,000","161,000,000","58,000,000","58,000,000","107,000,000","73,000,000","108,000,000","104,000,000","106,000,000","118,000,000","57,000,000","-58,000,000","59,000,000","85,000,000","-12,000,000","88,000,000","177,000,000","135,000,000","61,000,000","-95,000,000","84,000,000","128,000,000","89,000,000","2,000,000","120,000,000","96,000,000","4,000,000","31,000,000","83,000,000","58,000,000","21,000,000","-7,000,000","82,000,000","72,000,000","34,000,000","-475,000,000","169,000,000","185,000,000","125,000,000","235,000,000","147,000,000","173,000,000","-4,245,000,000","167,000,000","158,000,000","122,000,000","44,000,000","122,000,000","109,000,000","81,000,000","42,000,000","10,000,000","-2,296,000,000","96,000,000","36,000,000","42,000,000","94,000,000","81,000,000","13,000,000","-129,000,000","86,000,000","619,000,000","105,000,000","132,000,000","180,000,000","157,000,000","109,000,000","-1,368,000,000","112,000,000","135,000,000","55,000,000","-27,000,000","95,000,000","105,000,000","77,000,000","96,000,000","128,000,000","-762,000,000","69,000,000","103,000,000","122,000,000","115,000,000","72,000,000","179,000,000","108,000,000","95,000,000","-67,000,000","73,000,000","70,000,000","73,000,000","20,000,000","41,000,000","71,000,000","64,000,000","37,000,000","-765,000,000","69,000,000","61,000,000","7,000,000","-7,000,000","101,000,000","102,000,000","98,000,000","-1,699,000,000","743,000,000","721,000,000","665,000,000","-1,650,000,000","760,000,000","735,000,000","632,000,000"
EBITDA,"2,095,000,000"
ReconciledCostOfRevenue,"6,537,000,000","1,727,000,000","1,572,000,000","1,617,000,000","1,621,000,000","1,471,000,000","1,441,000,000","1,427,000,000","1,282,000,000","1,295,000,000","1,309,000,000","1,422,000,000","1,478,000,000","1,342,000,000","1,313,000,000","1,370,000,000","1,406,000,000","1,336,000,000","1,210,000,000","1,279,000,000","1,188,000,000","1,135,000,000","1,064,000,000","1,144,000,000","1,129,000,000","959,000,000","972,000,000","1,121,000,000","1,106,000,000","998,000,000","1,018,000,000","1,131,000,000","1,107,000,000","1,044,000,000","1,045,000,000","1,067,000,000","1,080,000,000","1,137,000,000","989,000,000","1,074,000,000","1,152,000,000","1,160,000,000","966,000,000","1,133,000,000","1,172,000,000","1,036,000,000","968,000,000","950,000,000","1,094,000,000","1,029,000,000","1,001,000,000","1,068,000,000","969,000,000","916,000,000","1,102,000,000","1,373,000,000","1,327,000,000","1,161,000,000","1,152,000,000","1,061,000,000","1,288,000,000","1,131,000,000","-3,327,000,000","1,368,000,000","1,426,000,000","1,332,000,000","1,405,000,000","1,315,000,000","1,278,000,000","1,167,000,000","1,190,000,000","1,244,000,000","1,178,000,000","1,037,000,000","1,045,000,000","1,127,000,000","1,024,000,000","974,000,000","1,055,000,000","1,097,000,000","1,043,000,000","935,000,000","981,000,000","1,046,000,000","1,014,000,000","896,000,000","1,011,000,000","1,036,000,000","996,000,000","972,000,000","1,140,000,000","1,041,000,000","1,039,000,000","924,000,000","1,108,000,000","1,108,000,000","1,032,000,000","990,000,000","1,184,000,000","998,000,000","817,000,000","689,000,000","850,000,000","789,000,000","733,000,000","662,000,000","809,000,000","715,000,000","670,000,000","660,000,000","749,000,000","735,000,000","672,000,000","550,000,000","613,000,000","642,000,000","615,000,000","544,000,000","609,000,000","644,000,000","606,000,000","526,000,000","562,000,000","599,000,000","617,000,000","540,000,000","638,000,000","658,000,000","601,000,000","579,000,000",,,,,,,,
ReconciledDepreciation,"515,000,000","132,000,000","132,000,000","129,000,000","122,000,000","119,000,000","141,000,000","120,000,000","116,000,000","116,000,000","120,000,000","112,000,000","112,000,000","113,000,000","110,000,000","107,000,000","107,000,000","109,000,000","102,000,000","101,000,000","84,000,000","84,000,000","101,000,000","84,000,000","82,000,000","76,000,000","76,000,000","73,000,000","76,000,000","75,000,000","75,000,000","75,000,000","78,000,000","76,000,000","97,000,000","78,000,000","79,000,000","78,000,000","80,000,000","89,000,000","91,000,000","89,000,000","75,000,000","78,000,000","85,000,000","80,000,000","78,000,000","83,000,000","79,000,000","80,000,000","87,000,000","80,000,000","74,000,000","84,000,000","91,000,000","84,000,000","79,000,000","77,000,000","104,000,000","81,000,000","81,000,000","77,000,000","-115,000,000","60,000,000","64,000,000","60,000,000","54,000,000","59,000,000","59,000,000","59,000,000","61,000,000","56,000,000","58,000,000","53,000,000","54,000,000","51,000,000","51,000,000","50,000,000","25,000,000","85,000,000","48,000,000","47,000,000","76,000,000","51,000,000","56,000,000","54,000,000","66,000,000","44,000,000","45,000,000","48,000,000","370,000,000","-55,000,000","-52,000,000","-53,000,000","344,000,000","-48,000,000","-47,000,000","-52,000,000","294,000,000","-45,000,000","-39,000,000","-37,000,000","232,000,000","-37,000,000","-32,000,000","-31,000,000",,"-31,000,000","-31,000,000","-30,000,000",,"-30,000,000","-28,000,000","-27,000,000","-35,000,000","-29,000,000","-29,000,000","-28,000,000","-33,000,000","-31,000,000","-30,000,000","-30,000,000","-35,000,000","-19,000,000","-39,000,000","-39,000,000","-41,000,000","-47,000,000","-43,000,000","-41,000,000",,,,,,,,
NetIncomeFromContinuingOperationNetMinorityInterest,"1,089,000,000","304,000,000","227,000,000","260,000,000","298,000,000","210,000,000","232,000,000","206,000,000","96,000,000","-917,000,000","73,000,000","150,000,000","138,000,000","44,000,000","171,000,000","161,000,000","121,000,000","92,000,000","-4,000,000","96,000,000","96,000,000","101,000,000","86,000,000","112,000,000","138,000,000","57,000,000","109,000,000","112,000,000","91,000,000","18,000,000","33,000,000","52,000,000","21,000,000","120,000,000","82,000,000","51,000,000","49,000,000","22,000,000","-56,000,000","44,000,000","39,000,000","-46,000,000","50,000,000","124,000,000","78,000,000","24,000,000","-110,000,000","58,000,000","937,000,000","48,000,000","-21,000,000","80,000,000","33,000,000","-28,000,000","-45,000,000","-810,000,000","31,000,000","-15,000,000","-40,000,000","38,000,000","29,000,000","1,000,000","-441,000,000","62,000,000","251,000,000","63,000,000","338,000,000","-267,000,000","67,000,000","-4,237,000,000","72,000,000","94,000,000","33,000,000","5,000,000","43,000,000","55,000,000","18,000,000","-1,000,000","843,000,000","-2,359,000,000","36,000,000","-6,000,000","-7,000,000","27,000,000","29,000,000","-10,000,000","-115,000,000","14,000,000","-425,000,000","48,000,000","61,000,000","89,000,000","76,000,000","44,000,000","-868,000,000","135,000,000","59,000,000","8,000,000","-102,000,000","59,000,000","63,000,000","42,000,000","70,000,000","80,000,000","-473,000,000","39,000,000","66,000,000","70,000,000","63,000,000","33,000,000","43,000,000","53,000,000","45,000,000","-67,000,000","33,000,000","48,000,000","33,000,000","-9,000,000","12,000,000","32,000,000","22,000,000","6,000,000","-534,000,000","27,000,000","15,000,000","-23,000,000","-32,000,000","35,000,000","39,000,000","33,000,000","46,000,000","38,000,000","54,000,000","34,000,000","58,000,000","57,000,000","52,000,000","28,000,000"
TotalUnusualItemsExcludingGoodwill,"-9,000,000",,"0","-9,000,000","0","0","0","0","0","-944,000,000","0","-32,000,000",,,"0","0",,,"0","-71,000,000",,,"0","-1,000,000","0",,"0","0","5,000,000",,,,,,"0",,,,"-74,000,000",,"-5,000,000","-34,000,000","0","0","16,000,000","0","-5,000,000","-15,000,000","-3,000,000","-6,000,000","0","-4,000,000","-8,000,000","-22,000,000","-24,000,000","15,000,000","6,000,000","-12,000,000","-39,000,000","1,000,000","6,000,000","-2,000,000","-32,000,000","-10,000,000","-17,000,000","-10,000,000","-5,000,000","-8,000,000","-4,000,000","-36,000,000","-21,000,000","-5,000,000","-28,000,000","-10,000,000","-10,000,000","-5,000,000","-38,000,000","-34,000,000","-54,000,000","-46,000,000","-26,000,000","-33,000,000","-29,000,000","-31,000,000","-24,000,000","-30,000,000","-50,000,000","-6,000,000",,,"2,000,000","1,000,000",,"-3,000,000","-300,000,000","196,000,000","-1,000,000","-12,000,000","-81,000,000","5,000,000","5,000,000","3,000,000","-45,000,000","3,000,000","-15,000,000","-14,000,000","-10,000,000","3,000,000","4,000,000","3,000,000","-87,000,000",,"-1,000,000","-1,000,000","-1,000,000","4,000,000","1,000,000","1,000,000","1,000,000","-1,000,000",,"2,000,000","2,000,000","2,000,000","1,000,000","1,000,000","1,000,000","1,000,000","1,000,000","1,000,000",,,,,,,,
TotalUnusualItems,"-9,000,000",,"0","-9,000,000","0","0","0","0","0","-944,000,000","0","-32,000,000",,,"0","0",,,"0","-71,000,000",,,"0","-1,000,000","0",,"0","0","5,000,000",,,,,,"0",,,,"-74,000,000",,"-5,000,000","-34,000,000","0","0","16,000,000","0","-5,000,000","-15,000,000","-3,000,000","-6,000,000","0","-4,000,000","-8,000,000","-22,000,000","-24,000,000","15,000,000","6,000,000","-12,000,000","-39,000,000","1,000,000","6,000,000","-2,000,000","-32,000,000","-10,000,000","-17,000,000","-10,000,000","-5,000,000","-8,000,000","-4,000,000","-36,000,000","-21,000,000","-5,000,000","-28,000,000","-10,000,000","-10,000,000","-5,000,000","-38,000,000","-34,000,000","-54,000,000","-46,000,000","-26,000,000","-33,000,000","-29,000,000","-31,000,000","-24,000,000","-30,000,000","-50,000,000","-6,000,000",,,"2,000,000","1,000,000",,"-3,000,000","-300,000,000","196,000,000","-1,000,000","-12,000,000","-81,000,000","5,000,000","5,000,000","3,000,000","-45,000,000","3,000,000","-15,000,000","-14,000,000","-10,000,000","3,000,000","4,000,000","3,000,000","-87,000,000",,"-1,000,000","-1,000,000","-1,000,000","4,000,000","1,000,000","1,000,000","1,000,000","-1,000,000",,"2,000,000","2,000,000","2,000,000","1,000,000","1,000,000","1,000,000","1,000,000","1,000,000","1,000,000",,,,,,,,
NormalizedEBITDA,"2,104,000,000","574,000,000","457,000,000","523,000,000","550,000,000","420,000,000","416,000,000","416,000,000","287,000,000","194,000,000","248,000,000","389,000,000","342,000,000","231,000,000","335,000,000","366,000,000","313,000,000","240,000,000","252,000,000","328,000,000","274,000,000","254,000,000","237,000,000","291,000,000","322,000,000","192,000,000","214,000,000","269,000,000","232,000,000","133,000,000","133,000,000","182,000,000","151,000,000","184,000,000","201,000,000","184,000,000","197,000,000","135,000,000","22,000,000","148,000,000","181,000,000","111,000,000","163,000,000","255,000,000","204,000,000","141,000,000","-12,000,000","182,000,000","210,000,000","175,000,000","89,000,000","204,000,000","178,000,000","110,000,000","146,000,000","152,000,000","131,000,000","110,000,000","136,000,000","162,000,000","147,000,000","113,000,000","-443,000,000","239,000,000","266,000,000","195,000,000","294,000,000","214,000,000","236,000,000","-4,150,000,000","249,000,000","219,000,000","208,000,000","107,000,000","186,000,000","165,000,000","170,000,000","126,000,000","89,000,000","-2,165,000,000","170,000,000","116,000,000","147,000,000","176,000,000","161,000,000","97,000,000","-13,000,000","136,000,000","664,000,000","153,000,000","500,000,000","234,000,000","209,000,000","165,000,000","-724,000,000","-36,000,000","183,000,000","119,000,000","348,000,000","135,000,000","139,000,000","111,000,000","373,000,000","162,000,000","-715,000,000","114,000,000","113,000,000","150,000,000","142,000,000","99,000,000","266,000,000","138,000,000","124,000,000","-39,000,000","109,000,000","95,000,000","93,000,000","47,000,000","73,000,000","103,000,000","94,000,000","65,000,000","-732,000,000","100,000,000","99,000,000","45,000,000","33,000,000","147,000,000","144,000,000","138,000,000","-1,699,000,000","743,000,000","721,000,000","665,000,000","-1,650,000,000","760,000,000","735,000,000","632,000,000"
TaxRateForCalcs,"0.252","0.26","0.233","0.27","0.25","0.22","0.041","0.21","0.289","0.27","0.276","0.29","0.3","0.27","0.145","0.29","0.28","0.11","0.4","0.25","0.4","0.3","0.148","0.37","0.35","0.37","0.068","0.33","0.33","0.4","0.35","0.34","0.35","0.35","0.35","0.34","0.35","0.21","0.35","0.35","0.298","0.35","0.18","0.154","0.271","0.306","0.35","0.35","0.35","0.158","0.35","0.35","0.35","0.326","0.35","0.35","0.057","0.35","0.35","0.286","0.34","0.35","0.4","0.284","0.4","0.4","0.4","0.335","0.4","0.011","0.4","0.4","0.4","0.4","0.4","0.4","0.4","0.4","0.191","0.4","0.4","0","0.4","0.4","0.4","0.294","0.358","0.4","0.388","0.206","0.313","0.36","0.35","0.38","0.351","0.4","0.366","0.4","0.277","0.078","0.276","0.311","0.4","0.279","0.391","0.291","0.28","0.333","0.344","0.327","0.358","0.369","0.366","0.256","0.353","0.059","0.365","0.4","0.333","0.256","0.333","0.4","0.326","0.325","0.4","0.148","0.289","0.4","0.35","0.4","0.4","0.4","0.4","0.4","0.4","0.4","0.4","0.4"
TaxEffectOfUnusualItems,"-2,263,879.369","0","0","-2,430,000","0","0","0","0","0","-254,880,000","0","-9,280,000","0","0","0","0","0","0","0","-17,750,000","0","0","0","-370,000","0","0","0","0","1,650,000","0","0","0","0","0","0","0","0","0","0","0","-1,491,228.07","-11,900,000","0","0","4,336,448.598","0","-1,750,000","-5,250,000","-1,050,000","-947,368.421","0","-1,400,000","-2,800,000","-7,162,790.698","-8,400,000","5,250,000","342,857.143","-4,200,000","-13,650,000","285,714.286","2,042,553.191","-700,000","-12,800,000","-2,840,909.091","-6,800,000","-4,000,000","-2,000,000","-2,680,000","-1,600,000","-403,549.743","-8,400,000","-2,000,000","-11,200,000","-4,000,000","-4,000,000","-2,000,000","-15,200,000","-13,600,000","-10,340,425.532","-18,400,000","-10,400,000","0","-11,600,000","-12,400,000","-9,600,000","-8,823,529.412","-17,894,736.842","-2,400,000","0","0","626,262.626","359,712.23","0","-1,140,845.07","-105,283,018.868","78,400,000","-365,591.398","-4,800,000","-22,404,255.319","390,625","1,379,310.345","934,426.23","-18,000,000","837,837.838","-5,868,725.869","-4,072,727.273","-2,800,000","1,000,000","1,375,000","979,591.837","-31,164,179.104","0","-366,197.183","-255,555.556","-352,941.176","235,294.118","365,384.615","400,000","333,333.333","-255,813.953","0","800,000","651,515.152","650,000","400,000","148,148.148","288,888.889","400,000","350,000","400,000","0","0","0","0","0","0","0","0"