name,ttm,03/31/2022,12/31/2021,09/30/2021,06/30/2021,03/31/2021,12/31/2020,09/30/2020,06/30/2020,03/31/2020,12/31/2019,09/30/2019,06/30/2019,03/31/2019,12/31/2018,09/30/2018,06/30/2018,03/31/2018,12/31/2017,09/30/2017,06/30/2017,03/31/2017,12/31/2016,09/30/2016,06/30/2016,03/31/2016,12/31/2015,09/30/2015,06/30/2015,03/31/2015,12/31/2014,09/30/2014,06/30/2014,03/31/2014,12/31/2013,09/30/2013,06/30/2013,03/31/2013,12/31/2012,09/30/2012,06/30/2012,03/31/2012,12/31/2011,09/30/2011,06/30/2011,03/31/2011,12/31/2010,09/30/2010,06/30/2010,03/31/2010,12/31/2009,09/30/2009,06/30/2009,03/31/2009,12/31/2008,09/30/2008,06/30/2008,03/31/2008,12/31/2007,09/30/2007,06/30/2007,03/31/2007,12/31/2006,09/30/2006,06/30/2006,03/31/2006,12/31/2005,09/30/2005,06/30/2005,03/31/2005,12/31/2004,09/30/2004,06/30/2004,03/31/2004,12/31/2003,09/30/2003,06/30/2003,03/31/2003,12/31/2002,09/30/2002,06/30/2002,03/31/2002,12/31/2001,09/30/2001,06/30/2001,03/31/2001,12/31/2000,09/30/2000,06/30/2000,03/31/2000,12/31/1999,09/30/1999,06/30/1999,03/31/1999,12/31/1998,09/30/1998,06/30/1998,03/31/1998,12/31/1997,09/30/1997,06/30/1997,03/31/1997,12/31/1996,09/30/1996,06/30/1996,03/31/1996
TotalRevenue,"351,117,000","92,097,000","88,826,000","85,678,000","84,516,000","93,067,000","102,707,000","83,582,000","88,807,000","92,066,000","73,028,000","73,296,000","73,394,000","72,462,000","69,284,000","68,990,000","69,214,000","63,632,000","48,332,000","49,544,000","48,332,000","46,525,000","41,349,000","39,208,000","34,256,000","23,515,000","24,378,000","23,237,000","22,151,000","21,563,000","21,711,000","22,886,000","22,512,000","21,617,000","17,108,000","21,656,000","21,862,000","20,187,000","21,054,000","22,878,000","22,935,000","23,416,000","23,486,000","22,951,000","23,542,000","22,796,000","23,406,000","23,787,000","23,295,000","21,938,000","20,641,000","21,247,000","20,309,000","18,856,000","17,723,000","18,237,000","16,882,000","18,005,000","17,101,000","17,393,000","12,924,000","8,036,000","9,868,000","21,062,000","20,952,000","19,844,000","21,395,000","21,724,000","20,847,000","21,050,000","21,090,000","19,221,000","18,021,000","18,429,000","19,168,000","19,429,000","18,728,000","19,067,000","18,916,000","16,912,000","17,769,000","18,093,000","19,446,000","16,730,000","16,233,000","15,531,000","15,223,000","12,583,000","14,066,000","13,966,000","13,700,000","13,600,000","13,100,000","13,200,000","11,200,000","11,700,000","12,000,000","11,700,000","11,600,000","11,500,000","11,400,000","11,100,000","11,200,000","10,800,000","8,900,000",
	OperatingRevenue,"351,117,000","92,097,000","88,826,000","85,678,000","84,516,000","93,067,000","102,707,000","83,582,000","88,807,000","92,066,000","73,028,000","73,296,000","73,394,000","72,462,000","69,284,000","68,990,000","69,214,000","63,632,000","48,332,000","49,544,000","48,332,000","46,525,000","41,349,000","39,208,000","34,256,000","23,515,000","24,378,000","23,237,000","22,151,000","21,563,000","21,711,000","22,886,000","22,512,000","21,617,000","17,108,000","21,656,000","21,862,000","20,187,000","21,054,000","22,878,000","22,935,000","23,416,000","23,486,000","22,951,000","23,542,000","22,796,000","23,406,000","23,787,000","23,295,000","21,938,000","20,641,000","21,247,000","20,309,000","18,856,000","17,723,000","18,237,000","16,882,000","18,005,000","17,101,000","17,393,000","12,924,000","8,036,000","9,868,000","21,062,000","20,952,000","19,844,000","21,395,000","21,724,000","20,847,000","21,050,000","21,090,000","19,221,000","18,021,000","18,429,000","19,168,000","19,429,000","18,728,000","19,067,000","18,916,000","16,912,000","17,769,000","18,093,000","19,446,000","16,730,000","16,233,000","15,531,000","15,223,000","12,583,000","14,066,000","13,966,000","13,700,000","13,600,000","13,100,000","13,200,000","11,200,000","11,700,000","12,000,000","11,700,000","11,600,000","11,500,000","11,400,000","11,100,000","11,200,000","10,800,000","8,900,000",
PretaxIncome,"132,598,000","33,733,000","26,735,000","31,521,000","40,609,000","43,376,000","43,483,000","-7,534,000","24,516,000","20,577,000","26,631,000","31,273,000","23,445,000","26,009,000","31,001,000","29,349,000","18,720,000","6,432,000","20,142,000","18,517,000","10,849,000","15,817,000","9,036,000","13,917,000","5,589,000","6,656,000","8,007,000","7,280,000","7,912,000","8,006,000","7,423,000","7,955,000","7,884,000","7,270,000","2,723,000","7,626,000","7,761,000","6,833,000","6,164,000","7,639,000","8,368,000","8,776,000","8,466,000","7,822,000","7,957,000","7,968,000","7,481,000","8,427,000","7,835,000","7,036,000","5,274,000","7,394,000","5,869,000","6,272,000","4,941,000","5,574,000","5,114,000","5,996,000","4,551,000","4,708,000","-930,000","-7,394,000","-2,338,000","7,498,000","7,417,000","6,618,000","7,279,000","7,432,000","7,490,000","7,631,000","7,565,000","6,896,000","6,293,000","6,947,000","6,784,000","8,324,000","7,663,000","8,076,000","7,958,000","6,638,000","7,584,000","7,715,000","9,239,000","6,994,000","6,910,000","6,166,000","6,004,000","4,068,000","6,605,000","6,532,000","5,800,000","6,600,000","6,200,000","6,400,000","4,500,000","5,100,000","5,100,000","5,500,000","5,300,000","5,500,000","5,300,000","5,400,000","5,200,000","-13,500,000","3,800,000",
TaxProvision,"29,460,000","7,974,000","4,078,000","7,354,000","10,054,000","10,679,000","10,419,000","-2,608,000","5,878,000","4,044,000","3,181,000","6,302,000","4,465,000","4,836,000","4,269,000","5,278,000","3,018,000","1,005,000","10,186,000","5,700,000","3,170,000","3,799,000","2,984,000","4,789,000","1,928,000","2,451,000","2,778,000","2,582,000","2,779,000","2,744,000","2,491,000","2,790,000","2,767,000","2,563,000","785,000","2,658,000","2,774,000","2,397,000","2,123,000","2,680,000","2,995,000","3,129,000","3,007,000","2,748,000","2,854,000","2,862,000","1,697,000","3,189,000","2,884,000","2,632,000","1,707,000","2,860,000","2,270,000","2,319,000","1,440,000","1,852,000","1,579,000","1,990,000","1,457,000","1,582,000","-1,207,000","-1,972,000","-898,000","2,592,000","2,565,000","2,304,000","2,433,000","2,602,000","2,615,000","2,685,000","2,572,000","2,444,000","2,272,000","2,469,000","2,436,000","2,994,000","2,716,000","2,827,000","2,790,000","1,848,000","2,448,000","2,666,000","3,191,000","2,312,000","2,417,000","2,145,000","2,093,000","248,000","2,267,000","2,218,000","1,800,000","2,400,000","2,200,000","2,300,000","1,500,000","1,800,000","1,900,000","2,000,000","1,800,000","2,000,000","1,900,000","2,000,000","2,000,000","-3,700,000","1,300,000",
NetIncomeCommonStockholders,"99,122,000","24,755,000","21,653,000","23,163,000","29,551,000","31,693,000","32,060,000","-6,019,000","18,638,000","16,533,000","23,450,000","24,971,000","18,980,000","21,173,000","26,732,000","24,071,000","15,702,000","5,427,000","9,956,000","12,817,000","7,679,000","12,018,000","6,052,000","9,128,000","3,661,000","4,205,000","5,229,000","4,698,000","5,133,000","5,262,000","4,932,000","5,165,000","5,117,000","4,707,000","1,938,000","4,968,000","4,987,000","4,436,000","4,041,000","4,959,000","5,373,000","5,647,000","5,459,000","5,074,000","5,103,000","5,106,000","5,784,000","5,238,000","4,951,000","4,404,000","1,936,000","3,997,000","3,061,000","3,495,000","3,501,000","3,722,000","3,535,000","4,006,000","3,094,000","3,126,000","277,000","-5,422,000","-1,440,000","4,906,000","4,852,000","4,314,000","4,846,000","4,830,000","4,875,000","4,946,000","4,993,000","4,452,000","4,021,000","4,478,000","4,348,000","5,330,000","4,947,000","5,249,000","5,168,000","4,790,000","5,136,000","5,049,000","4,963,000","4,682,000","4,493,000","4,021,000","3,911,000","3,820,000","4,338,000","4,314,000","4,000,000","4,200,000","4,000,000","4,100,000","3,000,000","3,300,000","3,200,000","3,500,000","3,500,000","3,500,000","3,400,000","3,400,000","3,200,000","-9,800,000","2,500,000","2,500,000"
	NetIncome,"103,138,000","25,759,000","22,657,000","24,167,000","30,555,000","32,697,000","33,064,000","-4,926,000","18,638,000","16,533,000","23,450,000","24,971,000","18,980,000","21,173,000","26,732,000","24,071,000","15,702,000","5,427,000","9,956,000","12,817,000","7,679,000","12,018,000","6,052,000","9,128,000","3,661,000","4,205,000","5,229,000","4,698,000","5,133,000","5,262,000","4,932,000","5,165,000","5,117,000","4,707,000","1,938,000","4,968,000","4,987,000","4,436,000","4,041,000","4,959,000","5,373,000","5,647,000","5,459,000","5,074,000","5,103,000","5,106,000","5,784,000","5,238,000","4,951,000","4,404,000","3,567,000","4,534,000","3,599,000","3,953,000","3,501,000","3,722,000","3,535,000","4,006,000","3,094,000","3,126,000","277,000","-5,422,000","-1,440,000","4,906,000","4,852,000","4,314,000","4,846,000","4,830,000","4,875,000","4,946,000","4,993,000","4,452,000","4,021,000","4,478,000","4,348,000","5,330,000","4,947,000","5,249,000","5,168,000","4,790,000","5,136,000","5,049,000","4,963,000","4,682,000","4,493,000","4,021,000","3,911,000","3,820,000","4,338,000","4,314,000","4,000,000","4,200,000","4,000,000","4,100,000","3,000,000","3,300,000","3,200,000","3,500,000","3,500,000","3,500,000","3,400,000","3,400,000","3,200,000","-9,800,000","2,500,000","2,500,000"
		NetIncomeIncludingNoncontrollingInterests,"103,138,000","25,759,000","22,657,000","24,167,000","30,555,000","32,697,000","33,064,000","-4,926,000","18,638,000","16,533,000","23,450,000","24,971,000","18,980,000","21,173,000","26,732,000","24,071,000","15,702,000","5,427,000","9,956,000","12,817,000","7,679,000","12,018,000","6,052,000","9,128,000","3,661,000","4,205,000","5,229,000","4,698,000","5,133,000","5,262,000","4,932,000","5,165,000","5,117,000","4,707,000","1,938,000","4,968,000","4,987,000","4,436,000","4,041,000","4,959,000","5,373,000","5,647,000","5,459,000","5,074,000","5,103,000","5,106,000","5,784,000","5,238,000","4,951,000","4,404,000","3,567,000","4,534,000","3,599,000","3,953,000","3,501,000","3,722,000","3,535,000","4,006,000","3,094,000","3,126,000","277,000","-5,422,000","-1,440,000","4,906,000","4,852,000","4,314,000","4,846,000","4,830,000","4,875,000","4,946,000","4,993,000","4,452,000","4,021,000","4,478,000","4,348,000","5,330,000","4,947,000","5,249,000","5,168,000","4,790,000","5,136,000","5,049,000","4,963,000","4,682,000","4,493,000","4,021,000","3,911,000","3,820,000","4,338,000","4,314,000","4,000,000","4,200,000","4,000,000","4,100,000","3,000,000","3,300,000","3,200,000","3,500,000","3,500,000","3,500,000","3,400,000","3,400,000","3,200,000","-9,800,000","2,500,000","2,500,000"
			NetIncomeContinuousOperations,"103,138,000","25,759,000","22,657,000","24,167,000","30,555,000","32,697,000","33,064,000","-4,926,000","18,638,000","16,533,000","23,450,000","24,971,000","18,980,000","21,173,000","26,732,000","24,071,000","15,702,000","5,427,000","9,956,000","12,817,000","7,679,000","12,018,000","6,052,000","9,128,000","3,661,000","4,205,000","5,229,000","4,698,000","5,133,000","5,262,000","4,932,000","5,165,000","5,117,000","4,707,000","1,938,000","4,968,000","4,987,000","4,436,000","4,041,000","4,959,000","5,373,000","5,647,000","5,459,000","5,074,000","5,103,000","5,106,000","5,784,000","5,238,000","4,951,000","4,404,000","3,567,000","4,534,000","3,599,000","3,953,000","3,501,000","3,722,000","3,535,000","4,006,000","3,094,000","3,126,000","277,000","-5,422,000","-1,440,000","4,906,000","4,852,000","4,314,000","4,846,000","4,830,000","4,875,000","4,946,000","4,993,000","4,452,000","4,021,000","4,478,000","4,348,000","5,330,000","4,947,000","5,249,000","5,168,000","4,790,000","5,136,000","5,049,000","6,048,000","4,682,000","4,493,000","4,021,000","3,911,000","3,820,000","4,338,000","4,314,000","4,000,000","4,200,000","4,000,000","4,100,000","3,000,000","3,300,000","3,200,000","3,500,000","3,500,000","3,500,000","3,400,000","3,400,000","3,200,000","-9,800,000","2,500,000","2,500,000"
	PreferredStockDividends,"4,016,000","1,004,000","1,004,000","1,004,000","1,004,000","1,004,000","1,004,000","1,093,000",,,,,,,,,,,,,,,,,,,,,,,,,,,,,,,,,,,,,,,,,,,"1,631,000","537,000","538,000","458,000",,,,,,,,,,,,,,,,,,,,,,,,,,,,,,,,,,,,,,,,,,,,,,,,,,,,
	OtherunderPreferredStockDividend,,,,,,,,,,,,,,,,,,,,,,,,,,,,,,,,,,,,,,,,,,,,,,,,,,,,,"1,076,000",,,,,,,,,,,,,,,,,,,,,,,,,,,,,,,,,,,,,,,,,,,,,,,,,,,,,
DilutedNIAvailtoComStockholders,"99,122,000","24,755,000","21,653,000","23,163,000","29,551,000","31,693,000","32,060,000","-6,019,000","18,638,000","16,533,000","23,450,000","24,971,000","18,980,000","21,173,000","26,732,000","24,071,000","15,702,000","5,427,000","9,956,000","12,817,000","7,679,000","12,018,000","6,052,000","9,128,000","3,661,000","4,205,000","5,229,000","4,698,000","5,133,000","5,262,000","4,932,000","5,165,000","5,117,000","4,707,000","1,938,000","4,968,000","4,987,000","4,436,000","4,041,000","4,959,000","5,373,000","5,647,000","5,459,000","5,074,000","5,103,000","5,106,000","5,784,000","5,238,000","4,951,000","4,404,000","1,936,000","3,997,000","3,061,000","3,495,000","3,501,000","3,722,000","3,535,000","4,006,000","3,094,000","3,126,000","277,000","-5,422,000","-1,440,000","4,906,000","4,852,000","4,314,000","4,846,000","4,830,000","4,875,000","4,946,000","4,993,000","4,452,000","4,021,000","4,478,000","4,348,000","5,330,000","4,947,000","5,249,000","5,168,000","4,790,000","5,136,000","5,049,000","4,963,000","4,682,000","4,493,000","4,021,000","3,911,000","3,820,000","4,338,000","4,314,000","4,000,000","4,200,000","4,000,000","4,100,000","3,000,000","3,300,000","3,200,000","3,500,000","3,500,000","3,500,000","3,400,000","3,400,000","3,200,000","-9,800,000","2,500,000","2,500,000"
BasicEPS,,"0.42","0.37","0.4","0.49","0.53","0.53","-0.1","0.31","0.28","0.47","0.5","0.37","0.43","0.56","0.5","0.33","0.12","0.31","0.4","0.24","0.38","0.22","0.36","0.16","0.25","0.31","0.28","0.31","0.32","0.3","0.31","0.31","0.28","0.12","0.29","0.29","0.26","0.23","0.28","0.3","0.31",,"0.28","0.28","0.28",,"0.29","0.27","0.24",,"0.34","0.26","0.3",,"0.32","0.3","0.34",,"0.27","0.02","-0.47",,"0.43","0.42","0.37",,"0.41","0.41","0.41",,"0.37","0.33","0.37",,"0.43","0.4","0.42",,"0.38","0.4","0.253",,"0.34","0.313","0.28",,"0.253","0.28","0.267",,"0.156","0.142","0.147",,"0.111","0.102","0.056",,"0.053","0.049","0.047",,"-0.129","0.092","0.092"
DilutedEPS,,"0.42","0.37","0.39","0.49","0.53","0.53","-0.1","0.31","0.27","0.47","0.49","0.37","0.42","0.55","0.5","0.32","0.12","0.3","0.39","0.23","0.36","0.22","0.35","0.16","0.25","0.31","0.28","0.31","0.32","0.3","0.31","0.3","0.28","0.11","0.29","0.29","0.26","0.23","0.28","0.3","0.31",,"0.28","0.28","0.28",,"0.29","0.27","0.24",,"0.34","0.26","0.3",,"0.32","0.3","0.34",,"0.27","0.02","-0.47",,"0.42","0.41","0.36",,"0.4","0.4","0.4",,"0.35","0.32","0.35",,"0.41","0.38","0.4",,"0.35","0.37","0.24",,"0.32","0.3","0.267",,"0.24","0.273","0.26",,"0.151","0.142","0.147",,"0.111","0.102","0.056",,"0.053","0.049","0.047",,"-0.129","0.092","0.092"
BasicAverageShares,,"58,739,000","58,801,000","59,311,000","59,701,000","59,840,000","59,961,000","59,935,000","59,877,000","59,876,000","49,890,000","50,491,000","50,687,000","49,526,000","47,709,000","47,685,000","47,718,000","43,880,000","32,225,000","32,184,000","32,122,000","31,901,000","27,461,000","25,435,000","22,478,000","16,906,000","16,867,000","16,733,000","16,401,000","16,476,000","16,504,000","16,623,000","16,740,000","16,884,000","16,855,000","17,047,000","17,105,000","17,285,000","17,412,000","17,561,000","17,889,000","18,064,000",,"18,227,000","18,181,000","18,162,000",,"18,146,000","18,135,000","18,132,000",,"11,724,000","11,710,000","11,696,000",,"11,678,000","11,666,000","11,653,000",,"11,561,000","11,520,000","11,486,000",,"11,465,000","11,518,000","11,721,000",,"11,793,000","11,818,000","11,971,000",,"12,096,000","12,158,000","12,165,000",,"12,293,000","12,420,000","12,442,000",,"12,719,000","12,960,000","19,771,500",,"13,785,000","14,254,500","14,532,000",,"15,136,500","15,541,500","16,297,500",,"19,740,630","21,022,489","21,022,489",,"22,124,437","23,289,355","23,289,354",,"27,163,419","27,163,419","27,163,419",,"27,163,418","27,163,418","27,163,418"
DilutedAverageShares,,"58,943,000","59,044,000","59,515,000","59,966,000","60,101,000","60,057,000","59,935,000","59,999,000","60,479,000","50,450,000","50,966,000","51,290,000","50,150,000","48,411,000","48,572,000","48,704,000","44,846,000","33,168,000","33,106,000","33,138,000","33,090,000","28,128,000","25,889,000","22,880,000","17,118,000","17,126,000","16,953,000","16,593,000","16,637,000","16,597,000","16,704,000","16,822,000","17,050,000","17,056,000","17,210,000","17,144,000","17,324,000","17,451,000","17,621,000","17,930,000","18,108,000",,"18,276,000","18,231,000","18,211,000",,"18,194,000","18,183,000","18,180,000",,"11,772,000","11,757,000","11,743,000",,"11,751,000","11,740,000","11,706,000",,"11,643,000","11,607,000","11,486,000",,"11,689,000","11,831,000","12,107,000",,"12,184,000","12,194,000","12,468,000",,"12,634,000","12,656,000","12,848,000",,"13,072,000","13,075,000","13,210,000",,"13,666,000","13,904,000","20,841,000",,"14,616,000","14,970,000","15,205,500",,"15,751,500","15,889,500","16,566,000",,"19,740,630","21,022,489","21,022,489",,"22,124,437","23,289,355","23,289,354",,"27,163,419","27,163,419","27,163,419",,"27,163,418","27,163,418","27,163,418"
NetIncomeFromContinuingAndDiscontinuedOperation,"103,138,000","25,759,000","22,657,000","24,167,000","30,555,000","32,697,000","33,064,000","-4,926,000","18,638,000","16,533,000","23,450,000","24,971,000","18,980,000","21,173,000","26,732,000","24,071,000","15,702,000","5,427,000","9,956,000","12,817,000","7,679,000","12,018,000","6,052,000","9,128,000","3,661,000","4,205,000","5,229,000","4,698,000","5,133,000","5,262,000","4,932,000","5,165,000","5,117,000","4,707,000","1,938,000","4,968,000","4,987,000","4,436,000","4,041,000","4,959,000","5,373,000","5,647,000","5,459,000","5,074,000","5,103,000","5,106,000","5,784,000","5,238,000","4,951,000","4,404,000","3,567,000","4,534,000","3,599,000","3,953,000","3,501,000","3,722,000","3,535,000","4,006,000","3,094,000","3,126,000","277,000","-5,422,000","-1,440,000","4,906,000","4,852,000","4,314,000","4,846,000","4,830,000","4,875,000","4,946,000","4,993,000","4,452,000","4,021,000","4,478,000","4,348,000","5,330,000","4,947,000","5,249,000","5,168,000","4,790,000","5,136,000","5,049,000","6,048,000","4,682,000","4,493,000","4,021,000","3,911,000","3,820,000","4,338,000","4,314,000","4,000,000","4,200,000","4,000,000","4,100,000","3,000,000","3,300,000","3,200,000","3,500,000","3,500,000","3,500,000","3,400,000","3,400,000","3,200,000","-9,800,000","2,500,000","2,500,000"
NormalizedIncome,"114,668,473.401","27,568,916","29,216,385.824","27,420,614","30,910,696","33,752,600","36,491,073.753","-2,459,112","21,666,600","25,583,613","27,064,668.995","27,030,638","25,255,070","25,609,300","28,564,376.375","27,032,840","23,601,185","21,228,368","11,118,200","14,699,932","13,697,708","13,674,800","10,543,446.658","10,029,344","8,574,810","5,347,656","5,654,790.933","5,400,405","5,279,674","5,194,986","4,811,075.306","5,180,576","5,186,443","4,727,704","2,384,957.033","5,090,388","4,939,418","4,434,702","4,010,187.703","4,933,033.25","5,403,178.179","5,679,172.972","5,549,918.852","5,221,899.77","5,126,087.596","5,340,537.651","6,010,535.49","5,265,970.808","4,968,693.427","4,613,684.48","3,567,000","4,534,000","2,769,923.837","3,953,630.261","3,501,000","3,722,000","3,535,000","4,006,000","3,094,000","3,126,000","277,000","-4,678,436.57","-1,440,000","2,645,366.498","4,852,000","4,314,000","4,846,000","4,830,000","4,875,000","4,946,000","4,993,000","4,452,000","4,021,000","4,478,000","11,648,717.571","3,194,542.287","3,076,139.241","5,249,000","5,291,387.786","4,795,051.22","5,136,000","5,049,000","6,048,000","4,682,000","4,493,000","4,021,000","3,911,000","3,820,000","4,338,000","4,314,000","4,000,000","4,200,000","4,000,000","4,100,000","3,000,000","3,300,000","3,200,000","3,500,000","3,500,000","3,500,000","3,400,000","3,400,000","3,200,000","-9,800,000","2,500,000","2,500,000"
InterestIncome,"348,201,000","90,983,000","88,457,000","85,420,000","83,341,000","84,874,000","92,562,000","92,962,000","95,877,000","98,207,000","77,075,000","76,887,000","78,410,000","76,422,000","72,358,000","71,382,000","70,078,000","62,837,000","47,906,000","48,030,000","46,879,000","46,014,000","39,904,000","37,307,000","33,141,000","23,073,000","23,148,000","21,970,000","20,576,000","20,169,000","20,068,000","20,142,000","19,898,000","19,745,000","19,961,000","19,984,000","20,161,000","20,052,000","21,189,000","21,514,000","22,049,000","22,863,000","23,415,000","23,443,000","24,237,000","24,291,000","24,756,000","25,728,000","25,807,000","25,076,000","23,414,000","23,841,000","24,216,000","24,390,000","24,982,000","25,234,000","25,667,000","27,522,000","27,815,000","28,223,000","28,553,000","30,372,000","29,891,000","30,316,000","28,568,000","27,786,000","27,289,000","26,328,000","24,860,000","24,321,000","23,589,000","23,187,000","22,145,000","22,030,000","22,096,000","22,699,000","24,313,000","25,428,000","25,903,000","27,271,000","26,869,000","28,414,000","29,482,000","29,950,000","29,420,000","29,309,000","29,864,000","29,547,000","28,613,000","28,082,000","27,600,000","27,100,000","26,600,000","26,000,000","26,700,000","26,500,000","26,200,000","26,200,000","26,200,000","25,600,000","24,300,000","22,500,000","21,200,000","20,400,000","19,800,000",
InterestExpense,"32,240,000","6,756,000","7,871,000","8,288,000","9,325,000","11,270,000","14,711,000","16,174,000","17,210,000","18,562,000","13,721,000","13,495,000","13,573,000","12,034,000","10,517,000","9,878,000","8,631,000","7,126,000","5,401,000","4,974,000","4,705,000","4,531,000","4,150,000","3,372,000","3,127,000","2,514,000","2,460,000","2,395,000","2,143,000","2,036,000","2,044,000","2,042,000","1,739,000","1,680,000","1,709,000","2,440,000","2,617,000","2,863,000","3,172,000","3,514,000","3,659,000","3,758,000","4,143,000","4,371,000","4,592,000","4,954,000","5,877,000","6,160,000","6,110,000","6,106,000","6,468,000","7,139,000","8,062,000","8,728,000","10,086,000","10,604,000","11,405,000","13,287,000","14,831,000","15,392,000","15,854,000","15,964,000","16,060,000","15,857,000","14,157,000","12,369,000","11,878,000","10,918,000","9,931,000","9,144,000","9,106,000","8,917,000","8,637,000","8,270,000","8,536,000","8,904,000","9,412,000","10,041,000","10,973,000","11,699,000","12,206,000","12,746,000","14,390,000","15,700,000","16,479,000","16,578,000","17,511,000","17,386,000","16,069,000","15,446,000","15,200,000","14,800,000","14,600,000","14,300,000","15,300,000","15,700,000","15,300,000","15,100,000","15,400,000","14,700,000","13,500,000","12,000,000","10,900,000","10,200,000","11,600,000",
NetInterestIncome,"315,961,000","84,227,000","80,586,000","77,132,000","74,016,000","73,604,000","77,851,000","76,788,000","78,667,000","79,645,000","63,354,000","63,392,000","64,837,000","64,388,000","61,841,000","61,504,000","61,447,000","55,711,000","42,505,000","43,056,000","42,174,000","41,483,000","35,754,000","33,935,000","30,014,000","20,559,000","20,688,000","19,575,000","18,433,000","18,133,000","18,024,000","18,100,000","18,159,000","18,065,000","18,252,000","17,544,000","17,544,000","17,189,000","18,017,000","18,000,000","18,390,000","19,105,000","19,272,000","19,072,000","19,645,000","19,337,000","18,879,000","19,568,000","19,697,000","18,970,000","16,946,000","16,702,000","16,154,000","15,662,000","14,896,000","14,630,000","14,262,000","14,235,000","12,984,000","12,831,000","12,699,000","14,408,000","13,831,000","14,459,000","14,411,000","15,417,000","15,411,000","15,410,000","14,929,000","15,177,000","14,483,000","14,270,000","13,508,000","13,760,000","13,560,000","13,795,000","14,901,000","15,387,000","14,930,000","15,572,000","14,663,000","15,668,000","15,092,000","14,250,000","12,941,000","12,731,000","12,353,000","12,161,000","12,544,000","12,636,000","12,400,000","12,300,000","12,000,000","11,700,000","11,400,000","10,800,000","10,900,000","11,100,000","10,800,000","10,900,000","10,800,000","10,500,000","10,300,000","10,200,000","8,200,000",
ReconciledDepreciation,"15,381,000","3,983,000","4,562,000","3,448,000","3,388,000","3,484,000","3,716,000","3,660,000","3,640,000","3,716,000","2,922,000","3,004,000","3,233,000","3,273,000","3,120,000","3,006,000","3,333,000","3,156,000","2,210,000","2,022,000","2,119,000","2,076,000","1,681,000","1,529,000","1,325,000","1,031,000","947,000","936,000","821,000","897,000","897,000","1,029,000","1,009,000","997,000","1,011,000","1,048,000","1,092,000","1,066,000","1,081,000","1,078,000","1,062,000","1,038,000","-801,000","1,083,000","1,090,000","1,082,000","842,000","539,000","533,000","532,000","2,963,000","571,000","556,000","562,000","3,868,000","-1,239,000","1,311,000","1,204,000","-683,000","1,467,000","1,681,000","2,644,000","954,000","1,587,000","1,729,000","1,328,000","382,000","1,603,000","2,062,000","1,519,000","405,000","2,328,000","1,019,000","1,570,000","343,000","2,060,000","3,492,000","2,641,000","1,016,000","3,438,000","1,899,000","1,799,000","2,582,000","2,527,000","2,159,000","1,665,000","1,478,000","1,811,000","1,385,000","1,351,000","2,300,000","700,000","1,800,000","1,500,000","2,500,000","1,600,000","2,200,000","2,100,000","2,100,000","2,200,000","2,100,000","1,900,000","-400,000","1,200,000",,
NetIncomeFromContinuingOperationNetMinorityInterest,"103,138,000","25,759,000","22,657,000","24,167,000","30,555,000","32,697,000","33,064,000","-4,926,000","18,638,000","16,533,000","23,450,000","24,971,000","18,980,000","21,173,000","26,732,000","24,071,000","15,702,000","5,427,000","9,956,000","12,817,000","7,679,000","12,018,000","6,052,000","9,128,000","3,661,000","4,205,000","5,229,000","4,698,000","5,133,000","5,262,000","4,932,000","5,165,000","5,117,000","4,707,000","1,938,000","4,968,000","4,987,000","4,436,000","4,041,000","4,959,000","5,373,000","5,647,000","5,459,000","5,074,000","5,103,000","5,106,000","5,784,000","5,238,000","4,951,000","4,404,000","3,567,000","4,534,000","3,599,000","3,953,000","3,501,000","3,722,000","3,535,000","4,006,000","3,094,000","3,126,000","277,000","-5,422,000","-1,440,000","4,906,000","4,852,000","4,314,000","4,846,000","4,830,000","4,875,000","4,946,000","4,993,000","4,452,000","4,021,000","4,478,000","4,348,000","5,330,000","4,947,000","5,249,000","5,168,000","4,790,000","5,136,000","5,049,000","6,048,000","4,682,000","4,493,000","4,021,000","3,911,000","3,820,000","4,338,000","4,314,000","4,000,000","4,200,000","4,000,000","4,100,000","3,000,000","3,300,000","3,200,000","3,500,000","3,500,000","3,500,000","3,400,000","3,400,000","3,200,000","-9,800,000","2,500,000","2,500,000"
TotalUnusualItemsExcludingGoodwill,"-14,824,000","-2,369,000","-7,740,000","-4,242,000","-473,000","-1,400,000","-4,507,000","-3,772,000","-3,985,000","-11,271,000","-4,105,000","-2,581,000","-7,747,000","-5,450,000","-2,125,000","-3,612,000","-9,415,000","-18,722,000","-1,937,000","-2,721,000","-8,501,000","-2,180,000","-6,706,000","-1,374,000","-7,502,000","-1,808,000","-652,000","-1,089,000","-226,000","102,000","182,000","-24,000","-107,000","-32,000","-628,000","-188,000","74,000","2,000","47,000","40,000","-47,000","-50,000","-141,000","-228,000","-36,000","-366,000","-293,000","-45,000","-28,000","-335,000",,,"1,352,000","-1,000",,,,,"0",,,"-1,014,000",,"3,455,000",,,,,,,,,,,"-11,391,000","3,335,000","2,898,000",,"-190,000","-7,000",,,,,,,,,,,,,,,,,,,,,,,,,,
TotalUnusualItems,"-14,824,000","-2,369,000","-7,740,000","-4,242,000","-473,000","-1,400,000","-4,507,000","-3,772,000","-3,985,000","-11,271,000","-4,105,000","-2,581,000","-7,747,000","-5,450,000","-2,125,000","-3,612,000","-9,415,000","-18,722,000","-1,937,000","-2,721,000","-8,501,000","-2,180,000","-6,706,000","-1,374,000","-7,502,000","-1,808,000","-652,000","-1,089,000","-226,000","102,000","182,000","-24,000","-107,000","-32,000","-628,000","-188,000","74,000","2,000","47,000","40,000","-47,000","-50,000","-141,000","-228,000","-36,000","-366,000","-293,000","-45,000","-28,000","-335,000",,,"1,352,000","-1,000",,,,,"0",,,"-1,014,000",,"3,455,000",,,,,,,,,,,"-11,391,000","3,335,000","2,898,000",,"-190,000","-7,000",,,,,,,,,,,,,,,,,,,,,,,,,,
TaxRateForCalcs,"0.222","0.236","0.153","0.233","0.248","0.246","0.24","0.346","0.24","0.197","0.119","0.202","0.19","0.186","0.138","0.18","0.161","0.156","0.4","0.308","0.292","0.24","0.33","0.344","0.345","0.368","0.347","0.355","0.351","0.343","0.336","0.351","0.351","0.353","0.288","0.349","0.357","0.351","0.344","0.351","0.358","0.357","0.355","0.351","0.359","0.359","0.227","0.378","0.368","0.374","0.324","0.387","0.387","0.37","0.291","0.332","0.309","0.332","0.32","0.336","0.35","0.267","0.384","0.346","0.346","0.348","0.334","0.35","0.349","0.352","0.34","0.354","0.361","0.355","0.359","0.36","0.354","0.35","0.351","0.278","0.323","0.346","0.345","0.331","0.35","0.348","0.349","0.061","0.343","0.34","0.31","0.364","0.355","0.359","0.333","0.353","0.373","0.364","0.34","0.364","0.358","0.37","0.385","0.274","0.342","0.4"
TaxEffectOfUnusualItems,"-3,293,526.599","-559,084","-1,180,614.176","-988,386","-117,304","-344,400","-1,079,926.247","-1,305,112","-956,400","-2,220,387","-490,331.005","-521,362","-1,471,930","-1,013,700","-292,623.625","-650,160","-1,515,815","-2,920,632","-774,800","-838,068","-2,482,292","-523,200","-2,214,553.342","-472,656","-2,588,190","-665,344","-226,209.067","-386,595","-79,326","34,986","61,075.306","-8,424","-37,557","-11,296","-181,042.967","-65,612","26,418","702","16,187.703","14,033.25","-16,821.821","-17,827.028","-50,081.148","-80,100.23","-12,912.404","-131,462.349","-66,464.51","-17,029.192","-10,306.573","-125,315.52","0","0","522,923.837","-369.739","0","0","0","0","0","0","0","-270,436.57","0","1,194,366.498","0","0","0","0","0","0","0","0","0","0","-4,090,282.429","1,199,542.287","1,027,139.241","0","-66,612.214","-1,948.78","0","0","0","0","0","0","0","0","0","0","0","0","0","0","0","0","0","0","0","0","0","0","0","0","0","0"