name,ttm,03/31/2022,12/31/2021,09/30/2021,06/30/2021,03/31/2021,12/31/2020,09/30/2020,06/30/2020,03/31/2020,12/31/2019,09/30/2019,06/30/2019,03/31/2019,12/31/2018,09/30/2018,06/30/2018,03/31/2018,12/31/2017,09/30/2017,06/30/2017,03/31/2017,12/31/2016,09/30/2016,06/30/2016,03/31/2016,12/31/2015,09/30/2015,06/30/2015,03/31/2015,12/31/2014,09/30/2014,06/30/2014,03/31/2014,12/31/2013,09/30/2013,06/30/2013,03/31/2013,12/31/2012,09/30/2012,06/30/2012,03/31/2012,12/31/2011,09/30/2011,06/30/2011,03/31/2011,12/31/2010,09/30/2010,06/30/2010,03/31/2010,12/31/2009,09/30/2009,06/30/2009,03/31/2009,12/31/2008,09/30/2008,06/30/2008,03/31/2008,12/31/2007,09/30/2007,06/30/2007,03/31/2007,12/31/2006,09/30/2006,06/30/2006,03/31/2006,12/31/2005,09/30/2005,06/30/2005,03/31/2005,12/31/2004,09/30/2004,06/30/2004,03/31/2004,12/31/2003,09/30/2003,06/30/2003,03/31/2003,12/31/2002,09/30/2002,06/30/2002,03/31/2002,12/31/2001,09/30/2001,06/30/2001,03/31/2001,12/31/2000,09/30/2000,06/30/2000,03/31/2000,12/31/1999,09/30/1999,06/30/1999,03/31/1999,12/31/1998,09/30/1998,06/30/1998,03/31/1998,12/31/1997,09/30/1997,06/30/1997,03/31/1997,12/31/1996,09/30/1996,06/30/1996,03/31/1996,12/31/1995,09/30/1995,06/30/1995,03/31/1995,12/31/1994,09/30/1994,06/30/1994,03/31/1994,12/31/1993,09/30/1993,06/30/1993,03/31/1993,12/31/1992,09/30/1992,06/30/1992,03/31/1992
TotalRevenue,"1,038,356,000","249,315,000","249,949,000","281,672,000","257,420,000","273,768,000","263,785,000","119,177,000","256,395,000","253,024,000","246,668,000","233,195,000","225,279,000","223,688,000","219,750,000","221,852,000","219,881,000","220,199,000","221,206,000","219,638,000","235,797,000","231,744,000","234,486,000","224,638,000","228,824,000","212,879,000","210,512,000","201,974,000","197,711,000","133,420,000","131,321,000","130,665,000","121,800,000","121,001,000","111,137,000","103,301,000","102,515,000","101,761,000","95,012,000","87,108,000","83,825,000","84,515,000","76,304,000","72,818,000","72,606,000","70,476,000","71,114,000","69,724,000","58,805,000","58,678,000","49,373,000","49,753,000","49,152,000","49,160,000","49,162,000","59,999,000","43,735,000","40,866,000","39,594,000","39,224,000","38,162,000","42,668,000","35,884,000","35,243,000","31,061,000","30,751,000","27,302,000","25,994,000","25,754,000","28,606,000","24,240,000","22,607,000","22,345,000","21,536,000","19,988,000","20,926,000","20,789,000","24,564,000","27,901,000","30,882,000","34,404,000","43,924,000","55,952,000","66,835,000","65,654,000","69,177,000","80,120,000","68,011,000","23,405,000","26,117,000","30,275,000","31,300,000","30,800,000","30,000,000","26,138,000","28,500,000","27,800,000","26,300,000","24,720,000","23,600,000","22,500,000","20,000,000","19,427,000","18,800,000","17,700,000","17,200,000","16,400,000","15,800,000","14,700,000","14,500,000","13,700,000","8,800,000","8,100,000","7,300,000","6,700,000","5,000,000","4,700,000","4,400,000","1,400,000","1,500,000","1,500,000","1,500,000"
	OperatingRevenue,"1,036,074,000","248,282,000","249,498,000","281,248,000","257,046,000","273,296,000","263,465,000","118,783,000","254,403,000","252,095,000","245,015,000","232,513,000","225,041,000","222,485,000","219,375,000","221,195,000","219,278,000","219,668,000","220,010,000","218,842,000","233,034,000","231,053,000","231,505,000","224,638,000","228,824,000","212,879,000","210,512,000","201,974,000","197,711,000","133,420,000","131,321,000","130,665,000","121,800,000","120,749,000","111,137,000","103,301,000","102,364,000","101,761,000","94,350,000","87,108,000","83,825,000","84,515,000","76,304,000","72,818,000","72,606,000","70,476,000","71,114,000","69,724,000","58,805,000","58,678,000","49,373,000","49,753,000","49,152,000","49,160,000","49,162,000","59,999,000","43,735,000","40,866,000","40,115,000","39,260,000","38,220,000","42,708,000","35,884,000","35,243,000","31,130,000","30,864,000","27,432,000","26,019,000","25,778,000","28,647,000","24,259,000","22,614,000","22,422,000","21,536,000","17,184,000","20,926,000","20,789,000","24,564,000","28,643,000","30,882,000","34,025,000","43,952,000","53,862,000","65,576,000","65,654,000","70,044,000","80,120,000","67,902,000","23,405,000","26,117,000","30,275,000","31,300,000","30,800,000","30,000,000","26,100,000","28,500,000","27,800,000","26,300,000","24,700,000","23,600,000","22,500,000","20,000,000","19,400,000","18,800,000","17,700,000","17,200,000","16,400,000","15,800,000","14,700,000","14,500,000","13,700,000","8,800,000","8,100,000","7,300,000","6,700,000","5,000,000","4,700,000","4,400,000","1,400,000","1,500,000","1,500,000","1,500,000"
CostOfRevenue,"13,134,000","3,603,000","3,258,000","3,272,000","3,001,000","2,729,000","2,868,000","2,127,000","3,655,000","3,666,000","3,100,000","3,921,000","4,030,000","3,882,000",,,,,,,,,,,,,,,,,,,,,,,,,,"0","0","0","50,000","148,000","225,000","230,000","149,000","480,000","2,797,000","4,572,000","-15,750,000","4,899,000","5,498,000","5,353,000","-20,833,000","20,833,000","0","0",,,,,,,,,,,,,,,,,,,,,,,,,,,,,,,,,,,,,,,,,,,,,,,,,,,,,,,,,,,,,,,,
GrossProfit,"1,025,222,000","245,712,000","246,691,000","278,400,000","254,419,000","271,039,000","260,917,000","117,050,000","252,740,000","249,358,000","243,568,000","229,274,000","221,249,000","219,806,000",,,,,,,,,,,,,,,,,,,,,,,,,,"87,108,000","83,825,000","84,515,000","76,254,000","72,670,000","72,381,000","70,246,000","70,965,000","69,244,000","56,008,000","54,106,000","65,123,000","44,854,000","43,654,000","43,807,000","69,995,000","39,166,000","43,735,000","40,866,000",,,,,,,,,,,,,,,,,,,,,,,,,,,,,,,,,,,,,,,,,,,,,,,,,,,,,,,,,,,,,,,,
OperatingExpense,"485,359,000","100,961,000","152,883,000","126,980,000","104,535,000","99,977,000","102,228,000","127,960,000","97,570,000","100,052,000","94,597,000","90,458,000","87,512,000","86,985,000","88,480,000","82,951,000","85,410,000","94,650,000","88,294,000","95,384,000","84,564,000","84,921,000","87,838,000","80,741,000","76,183,000","78,012,000","80,459,000","70,604,000","69,457,000","36,622,000","37,501,000","36,083,000","40,359,000","37,925,000","37,461,000","39,985,000","37,773,000","37,156,000","36,009,000","33,478,000","32,153,000","32,673,000","32,672,000","29,264,000","33,828,000","30,444,000","29,039,000","32,118,000","20,123,000","18,397,000","37,899,000","13,768,000","14,076,000","14,090,000","40,997,000","13,001,000","16,952,000","12,490,000","13,710,000","11,873,000","11,596,000","11,372,000","12,725,000","14,208,000","9,855,000","9,867,000","6,439,000","13,919,000","9,158,000","12,039,000","11,596,000","7,620,000","4,168,000","26,788,000","249,000","11,865,000","7,915,000","13,467,000","34,629,000","34,457,000","27,455,000","31,329,000","52,724,000","58,308,000","72,806,000","55,879,000","136,496,000","73,300,000","7,614,000","7,633,000","48,231,000","-6,500,000","-5,900,000","-5,600,000","43,607,000","-5,800,000","-5,800,000","-5,100,000","33,746,000","-4,300,000","-4,300,000","-3,600,000","27,901,000","-3,400,000","-3,400,000","-3,400,000","-3,600,000","-3,200,000","-3,200,000","-3,200,000","-3,300,000","-1,300,000","-1,100,000","-1,000,000","-900,000","-600,000","-600,000","-600,000",,,,
	SellingGeneralAndAdministration,"64,861,000","16,385,000","17,904,000","15,372,000","15,200,000","16,152,000","15,185,000","14,812,000","13,969,000","15,923,000","14,099,000","13,762,000","13,875,000","16,133,000","17,556,000","14,240,000","15,237,000","16,475,000","12,058,000","11,560,000","11,541,000","12,524,000","11,152,000","12,428,000","11,832,000","10,455,000","12,086,000","10,160,000","10,308,000","6,014,000","7,107,000","5,987,000","6,297,000","6,497,000","5,446,000","5,462,000","5,483,000","5,197,000","5,677,000","5,173,000","4,954,000","5,526,000","4,883,000","4,393,000","4,930,000","5,226,000","3,296,000","4,376,000","3,672,000","3,710,000","23,454,000","2,675,000","3,086,000","3,159,000","2,711,000","2,925,000","2,971,000","3,094,000","3,006,000","2,742,000","2,765,000","2,573,000","3,413,000","5,669,000","2,313,000","2,349,000","2,117,000","2,235,000","2,123,000","1,827,000","1,655,000","1,644,000","1,401,000","1,514,000","1,518,000","1,493,000","1,461,000","1,471,000","1,220,000","1,576,000","1,770,000","1,719,000","2,676,000","2,203,000","3,155,000","2,349,000","1,794,000","1,830,000","1,796,000","1,723,000","1,620,000","1,400,000","1,500,000","1,500,000","1,265,000","1,400,000","1,300,000","1,400,000","1,136,000","1,200,000","1,200,000","1,100,000","1,108,000","1,000,000","900,000","1,000,000","1,000,000","1,000,000","700,000","900,000","900,000","600,000","500,000","700,000","500,000","400,000","400,000","400,000",,,,
		GeneralAndAdministrativeExpense,"64,861,000","16,385,000","17,904,000","15,372,000","15,200,000","16,152,000","15,185,000","14,812,000","13,969,000","15,923,000","14,099,000","13,762,000","13,875,000","16,133,000","17,556,000","14,240,000","15,237,000","16,475,000","12,058,000","11,560,000","11,541,000","12,524,000","11,152,000","12,428,000","11,832,000","10,455,000","12,086,000","10,160,000","10,308,000","6,014,000","7,107,000","5,987,000","6,297,000","6,497,000","5,446,000","5,462,000","5,483,000","5,197,000","5,677,000","5,173,000","4,954,000",,,"4,393,000",,,,,,,,,,,,,,,"3,006,000","2,742,000","2,765,000","2,573,000","3,413,000","5,669,000","2,313,000","2,349,000","2,117,000","2,235,000","2,123,000","1,827,000","1,655,000","1,644,000","1,401,000","1,514,000","1,518,000","1,493,000","1,461,000","1,471,000","1,220,000","1,576,000","1,770,000","1,719,000","2,676,000","2,203,000","3,155,000","2,349,000","1,794,000","1,830,000","1,796,000","1,723,000","1,620,000","1,400,000","1,500,000","1,500,000","1,265,000","1,400,000","1,300,000","1,400,000","1,136,000","1,200,000","1,200,000","1,100,000","1,108,000","1,000,000","900,000","1,000,000","1,000,000","1,000,000","700,000","900,000","900,000","600,000","500,000","700,000","500,000","400,000","400,000","400,000",,,,
			SalariesAndWages,,"6,860,000","4,502,000","5,706,000","5,811,000","5,396,000","4,442,000","5,122,000","4,623,000","4,635,000","3,840,000","2,921,000","4,040,000","4,070,000","3,880,000","3,962,000","4,089,000","4,056,000","3,862,000","3,872,000","3,734,000","3,744,000","3,674,000","3,673,000","3,665,000","2,778,000","4,451,000","2,199,000","2,873,000","1,610,000","2,022,000","2,022,000","2,285,000","2,263,000","1,509,000","1,509,000","1,472,000","1,452,000","1,486,000","1,485,000","1,486,000",,,"1,520,000",,,,,,,,,,,,,,,"3,006,000","2,742,000","2,765,000","2,573,000","3,413,000","5,669,000","2,313,000","2,349,000","2,117,000","2,235,000","2,123,000","1,827,000","1,655,000","1,644,000","1,401,000","1,514,000","1,518,000","1,493,000","1,461,000","1,471,000","1,220,000","1,576,000","1,770,000","1,719,000","2,676,000","2,203,000","3,155,000","2,349,000","1,794,000","1,830,000","1,796,000","1,723,000","1,620,000","1,400,000","1,500,000","1,500,000","1,300,000","1,400,000","1,300,000","1,400,000","1,100,000","1,200,000","1,200,000","1,100,000","1,100,000","1,000,000","900,000","1,000,000","1,000,000","1,000,000","700,000","900,000","900,000","600,000","500,000","700,000","500,000","400,000","400,000","400,000",,,,
			OtherGandA,"64,861,000","16,385,000","17,904,000","15,372,000","15,200,000","16,152,000","15,185,000","14,812,000","13,969,000","15,923,000","14,099,000","13,762,000","13,875,000","16,133,000","17,556,000","14,240,000","15,237,000","16,475,000","12,058,000","11,560,000","11,541,000","12,524,000","11,152,000","12,428,000","11,832,000","10,455,000","12,086,000","10,160,000","10,308,000","6,014,000","7,107,000","5,987,000","6,297,000","6,497,000","5,446,000","5,462,000","5,483,000","5,197,000","4,191,000","3,688,000","3,468,000",,,"2,873,000",,,,,,,,,,,,,,,,,,,,,,,,,,,,,,,,,,,,,,,,,,,,,,,,,,,,,,,,,,,,,,,,,,,,,,,,,,,,,,
	DepreciationAmortizationDepletionIncomeStatement,"339,917,000","82,752,000","85,269,000","86,097,000","85,799,000","84,849,000","82,623,000","81,072,000","83,586,000","82,643,000","80,498,000","76,696,000","73,637,000","70,852,000","70,598,000","70,711,000","69,609,000","70,361,000","75,323,000","71,925,000","70,350,000","69,993,000","70,808,000","68,316,000","65,505,000","62,433,000","60,794,000","60,143,000","59,156,000","30,610,000","30,401,000","30,111,000","31,301,000","31,444,000","32,260,000","32,202,000","32,225,000","31,959,000","30,332,000","28,305,000","27,199,000","27,147,000","25,489,000","24,871,000","24,759,000","25,218,000","25,743,000","27,742,000","16,451,000","14,687,000","11,680,000","11,093,000","10,990,000","10,931,000","10,705,000","10,076,000","9,713,000","9,396,000","9,288,000","9,131,000","8,831,000","8,799,000","8,699,000","8,360,000","7,542,000","7,518,000","6,123,000","6,230,000","6,202,000","6,227,000","5,511,000","5,394,000","5,385,000","5,224,000","4,866,000","5,386,000","5,404,000","5,329,000","5,294,000","5,298,000","5,352,000","5,326,000","5,506,000","5,515,000","5,504,000","5,541,000","5,880,000","5,657,000","5,818,000","5,910,000",,,,,,,,,,,,,,,,,,,,,,,,,,,,,,,,
		DepreciationAndAmortizationInIncomeStatement,"339,917,000","82,752,000","85,269,000","86,097,000","85,799,000","84,849,000","82,623,000","81,072,000","83,586,000","82,643,000","80,498,000","76,696,000","73,637,000","70,852,000","70,598,000","70,711,000","69,609,000","70,361,000","75,323,000","71,925,000","70,350,000","69,993,000","70,808,000","68,316,000","65,505,000","62,433,000","60,794,000","60,143,000","59,156,000","30,610,000","30,401,000","30,111,000","31,301,000","31,444,000","32,260,000","32,202,000","32,225,000","31,959,000","30,332,000","28,305,000","27,199,000","27,147,000","25,489,000","24,871,000","24,759,000","25,218,000","25,743,000","27,742,000","16,451,000","14,687,000","11,680,000","11,093,000","10,990,000","10,931,000","10,705,000","10,076,000","9,713,000","9,396,000","9,288,000","9,131,000","8,831,000","8,799,000","8,699,000","8,360,000","7,542,000","7,518,000","6,123,000","6,230,000","6,202,000","6,227,000","5,511,000","5,394,000","5,385,000","5,224,000","4,866,000","5,386,000","5,404,000","5,329,000","5,294,000","5,298,000","5,352,000","5,326,000","5,506,000","5,515,000","5,504,000","5,541,000","5,880,000","5,657,000","5,818,000","5,910,000",,,,,,,,,,,,,,,,,,,,,,,,,,,,,,,,
	ProvisionForDoubtfulAccounts,"80,581,000","1,824,000","49,710,000","25,511,000","3,536,000","-1,024,000","4,420,000","32,076,000","15,000","1,486,000","0","0","0","0","326,000","-2,000,000","564,000","7,814,000","913,000","11,899,000","2,673,000","2,404,000","5,878,000","-3,000","-1,154,000","5,124,000","7,579,000","301,000","-7,000","-2,000","-7,000","-15,000","2,761,000","-16,000","-245,000","2,321,000","65,000",,"0","0","0",,"2,300,000","0","4,139,000",,,,,,"2,765,000","0","0",,"-20,000","0","4,268,000",,,,,,,,,,,,,,,,,,,,,,,,,,,,,,,,,,,,,,,,,,,,,,,,,,,,,,,,,,,,,,,,,
	OtherTaxes,,,,,,,,,,"3,666,000","3,100,000","3,921,000","4,030,000","3,882,000",,,,,,,,,,,,,,,,,,,,,,,,,,,,,,,,,,,,,,,,,,,,,"-13,710,000","-11,873,000","-11,596,000","-11,372,000",,,"-9,855,000","-9,867,000","-4,840,000","-13,919,000","-12,518,000","-12,039,000","-11,596,000","-7,620,000","-7,168,000","-7,228,000","1,938,000","-11,865,000",,"-13,467,000","-34,629,000",,"-27,455,000","-31,329,000","-53,401,000","-58,308,000",,"-55,878,000",,"-123,149,000",,"-12,133,000","-37,938,000","-7,900,000","-7,400,000","-7,100,000","-6,100,000","-7,200,000","-7,100,000","-6,500,000","-5,800,000","-5,500,000","-5,500,000","-4,700,000","-4,600,000","-4,400,000","-4,300,000","-4,400,000","-4,600,000","-4,200,000","-3,900,000","-4,100,000","-4,200,000","-1,900,000","-1,600,000","-1,700,000","-1,400,000","-1,000,000","-1,000,000","-1,000,000",,,,
	OtherOperatingExpenses,,,,,,,,"32,076,000","15,000",,,,,,,,,,,,,,,,,,,,,,,,,,,,,,,,,,,,,,,,,,,,,,,"21,529,000",,,"15,126,000","11,873,000","11,596,000","11,372,000","613,000","179,000","9,855,000","9,867,000","3,039,000","19,373,000","13,351,000","16,024,000","16,026,000","8,202,000","4,550,000","27,278,000","-8,073,000","16,851,000","1,050,000","20,134,000","62,744,000","27,583,000","47,788,000","55,613,000","97,943,000","108,898,000","64,147,000","103,867,000","421,761,000","188,962,000",,"12,133,000",,,,,,,,,,,,,,,,,,,,,,,,,,,,,,,,
OperatingIncome,"539,863,000","144,751,000","93,808,000","151,420,000","149,884,000","171,062,000","158,689,000","-10,910,000","155,170,000","149,306,000","148,971,000","138,816,000","133,737,000","132,821,000","131,270,000","138,901,000","134,471,000","125,549,000","132,912,000","124,254,000","151,233,000","146,823,000","146,648,000","143,897,000","152,641,000","134,867,000","130,053,000","131,370,000","128,254,000","96,798,000","93,820,000","94,582,000","81,441,000","83,076,000","73,676,000","63,316,000","64,742,000","64,605,000","59,003,000","53,630,000","51,672,000","51,842,000","43,582,000","43,406,000","38,553,000","39,802,000","41,926,000","37,126,000","35,885,000","35,709,000","27,224,000","31,086,000","29,578,000","29,717,000","28,998,000","26,165,000","26,783,000","28,376,000","25,884,000","27,351,000","26,566,000","31,296,000","23,159,000","21,035,000","21,206,000","20,884,000","20,863,000","12,075,000","16,596,000","16,567,000","12,644,000","14,987,000","18,177,000","-5,252,000","19,739,000","9,061,000","12,874,000","11,097,000","-6,728,000","-3,575,000","6,949,000","12,595,000","3,228,000","8,527,000","-7,152,000","13,298,000","-56,376,000","-5,289,000","15,791,000","18,484,000","-17,956,000","37,800,000","36,700,000","35,600,000","-17,469,000","34,300,000","33,600,000","31,400,000","-9,026,000","27,900,000","26,800,000","23,600,000","-8,474,000","22,200,000","21,100,000","20,600,000","20,000,000","19,000,000","17,900,000","17,700,000","17,000,000","10,100,000","9,200,000","8,300,000","7,600,000","5,600,000","5,300,000","5,000,000","2,100,000","1,500,000","1,500,000","1,500,000"
NetNonOperatingInterestIncomeExpense,"-234,228,000","-58,145,000","-58,225,000","-58,979,000","-58,879,000","-58,521,000","-57,102,000","-55,240,000","-55,111,000","-55,936,000","-54,869,000","-52,180,000","-50,809,000","-50,001,000","-51,025,000","-51,216,000","-49,199,000","-49,669,000","-50,491,000","-49,607,000","-72,339,000","-47,539,000","-46,872,000","-47,015,000","-41,857,000","-39,644,000","-60,955,000","-40,021,000","-39,051,000","-42,896,000","-33,281,000","-30,488,000","-33,021,000","-30,035,000","-25,944,000","-25,188,000","-14,524,000","-26,351,000","-27,683,000","-24,717,000","-22,970,000","-30,697,000","-21,624,000","-23,773,000","-20,763,000","-20,683,000","-36,893,000","-20,037,000","-19,029,000","-14,538,000","-10,201,000","-9,859,000","-9,732,000","-9,262,000","-9,398,000","-9,801,000","-10,187,000","-10,120,000",,,,,,,,,,,,,,,,,,,,,,,,,,,,,,,,,,,,,,,,,,,,,,,,,,,,,,,,,,,,,,,,
	InterestIncomeNonOperating,"117,000",,,,,,,,"141,000","-734,000","735,000","-25,000","-191,000","337,000","-183,000","-1,214,000","1,125,000","585,000","5,000","4,000","254,000","4,000","4,000","157,000","4,000","8,000","80,000","5,000","7,000","193,000","8,000","11,000","17,000","8,000","21,000","3,000","14,000","3,000","7,000","6,000","1,707,000","7,000","5,000","12,000","12,000","11,000","17,000","11,000","62,000","15,000","2,000","2,000","6,000","11,000","43,000","74,000","58,000","65,000",,,,,,,,,,,,,,,,,,,,,,,,,,,,,,,,,,,,,,,,,,,,,,,,,,,,,,,,,,,,,,,,
	InterestExpenseNonOperating,"234,228,000","58,145,000","58,225,000","58,979,000","58,879,000","58,521,000","57,102,000","55,240,000","55,252,000","55,936,000","55,604,000","52,180,000","50,809,000","50,338,000","50,842,000","51,216,000","50,324,000","50,254,000","50,496,000","49,611,000","72,593,000","47,543,000","46,876,000","47,172,000","41,861,000","39,652,000","61,035,000","40,026,000","39,058,000","43,089,000","33,289,000","30,499,000","33,038,000","30,043,000","25,965,000","25,191,000","14,538,000","26,354,000","27,690,000","24,723,000","24,677,000","30,704,000","21,629,000","23,785,000","20,775,000","20,694,000","36,910,000","20,048,000","19,091,000","14,553,000","10,203,000","9,861,000","9,738,000","9,273,000","9,441,000","9,875,000","10,245,000","10,185,000",,,,,,,,,,,,,,,,,,,,,,,,,,,,,,,,,,,,,,,,,,,,,,,,,,,,,,,,,,,,,,,,
OtherIncomeExpense,"151,709,000","108,152,000","-1,871,000","49,818,000","-4,390,000","40,953,000","-37,703,000","-28,547,000","1,357,000","-1,646,000","-32,982,000","48,367,000","-7,407,000","-10,620,000","-15,152,000","-28,202,000","-1,860,000","12,645,000","-17,216,000","-211,708,000","-10,697,000","10,296,000","30,291,000","-14,667,000","2,824,000","-36,780,000","-5,289,000","-7,689,000","-45,198,000","-10,850,000","-3,549,000","-2,381,000","-1,603,000","2,788,000","-526,000","9,000","-1,160,000","-134,000","2,603,000","1,206,000","1,870,000","4,939,000","-2,665,000","1,803,000",,"-25,032,000","-64,000","-82,000","-1,347,000","-220,000","-784,000","-89,000","-24,000","4,457,000","-15,752,000","11,636,000","526,000","-1,468,000",,"-2,136,000","-500,000","-459,000","2,535,000","4,034,000","-431,000","-4,128,000","-103,000","-539,000","-3,885,000","-506,000","2,763,000","-479,000","-6,000,000",,"-7,324,000",,,,"1,688,000",,"754,000","28,000","-2,767,000","-1,259,000",,"867,000",,"-109,000",,,,,,,,,"30,200,000",,,,,,,,,,,,,,,,,,,,,,,,,
	GainOnSaleOfSecurity,,"-26,000","47,000","-18,000","22,000","666,000","128,000","19,000","1,000","-70,000","104,000","23,000","-195,000","26,000","12,000","27,000","-66,000","59,000","76,000","95,000","79,000","61,000","12,000","-222,000",,"-22,000","-173,000",,,,,,,,,,,,,,,,,,,,,,,,,,,,,,,,,,,,"0","2,709,000",,,,,,,,,,,"-617,000",,,,"742,000",,"754,000","28,000",,"-1,259,000",,"867,000",,"-109,000",,,,,,,,,,,,,,,,,,,,,,,,,,,,,,,,,,
	SpecialIncomeCharges,"152,976,000","108,607,000","-1,286,000","50,585,000","-4,930,000","40,722,000","-36,874,000","-28,566,000","1,356,000","-1,576,000","-33,086,000","48,344,000","-7,212,000","-10,646,000","-15,164,000","-28,229,000","-1,794,000","12,586,000","-17,292,000","-211,803,000","-10,776,000","-177,000","30,279,000","-14,445,000","2,824,000","-36,758,000","-5,116,000","-7,689,000","-45,198,000","-10,850,000","-3,549,000","-2,381,000","-1,603,000","2,788,000","-526,000","9,000","-1,160,000","-134,000","2,603,000","1,206,000","1,870,000","4,939,000","-2,665,000","1,803,000","0","-25,032,000","-64,000","-82,000","-1,347,000","-220,000","-784,000","-89,000","-24,000","4,457,000","-15,752,000","11,636,000","526,000","-1,468,000","3,493,000","-2,136,000","-500,000","-459,000","2,535,000","1,325,000","-431,000","-4,128,000","-103,000","-539,000","-3,885,000","-506,000","2,763,000","-479,000","-6,000,000",,,,,,,,,,,,,,,,,,,,,,,,"30,200,000",,,,,,,,,,,,,,,,,,,,,,,,,
		RestructuringAndMergernAcquisition,"1,513,000","1,513,000","0","0","0","1,814,000","1,956,000","36,000","251,000","-225,000","43,000","887,000","1,236,000","2,949,000","383,000","0","0","0","22,000","0","19,000","-41,000","-2,000","2,309,000","3,504,000","3,771,000","2,018,000","3,555,000","47,084,000","4,868,000","3,549,000","259,000","45,000","95,000","111,000","-9,000","9,000","134,000","223,000","483,000","98,000","105,000","1,159,000","0","0","45,000","64,000","78,000","1,192,000","220,000",,,,,,,,,,,,,,,,,,,,,,,,,,,,,,,,,,,,,,,,,,,,,,,,,,,,,,,,,,,,,,,,,,,,,,,,
		ImpairmentOfCapitalAssets,"19,480,000","3,511,000","2,205,000","4,942,000","8,822,000","28,689,000","28,762,000","28,105,000","11,988,000","3,639,000","35,719,000","3,836,000","5,709,000","0","3,154,000","22,868,000","-1,097,000","4,914,000","63,460,000","17,837,000","10,135,000","7,638,000","0","17,275,000","6,893,000","34,558,000","3,040,000","1,743,000","6,916,000","5,982,000","0","2,102,000","1,558,000",,"415,000","0","0","0","0","0","0","272,000","1,373,000","0","0","24,971,000","0","0","155,000","0","0","89,000","0","70,000","3,900,000","170,000","0","1,514,000",,,,,,,,,,,,,,,,,,,,,,,,,,,,,,,,,,,,,,,,,,,,,,,,,,,,,,,,,,,,,,,,
		WriteOff,"-164,000","0","0","0","-164,000","-553,000","-2,003,000","-324,000","-752,000","0","217,000","0","0","7,700,000","27,153,000","0",,,"231,000","194,659,000",,,,,,,,,,,,,,,,,,,,,,,,,,,,,,,,,,,,,,,,,,,,,,,,,,,,,,,,,,,,,,,,,,,,,,,,,,,,,,,,,,,,,,,,,,,,,,,,,,,,,,
		OtherSpecialCharges,"1,099,000","6,000","56,000","642,000","395,000","29,670,000","12,444,000",,,,,,,,,,,,,,,,,,,,,,,,,,,,,,,,,"-1,689,000","-1,968,000","-5,316,000","133,000","-1,803,000",,"16,000","0","4,000",,,"-777,000",,,"-4,527,000","11,852,000","-11,806,000","-526,000","-46,000",,,,,,,,,,,,,,,,,,,,,,,,,,,,,,,,,,,,,,,,,,,,,,,,,,,,,,,,,,,,,,,,
		GainOnSaleOfPPE,"174,904,000","113,637,000","975,000","56,169,000","4,123,000","100,342,000","5,181,000","-749,000","12,843,000","1,838,000","2,893,000","53,067,000","-267,000","3,000","15,526,000","-5,361,000","-2,891,000","17,500,000","46,421,000","693,000","-622,000","7,420,000","30,277,000","5,139,000","13,221,000","1,571,000","-58,000","-2,391,000","8,802,000","0","0","-20,000","0","2,883,000","0","0","-1,151,000","0","2,826,000",,,,,,,,,,,,,,"-24,000",,,,,,,,,,,,,,,,,,,,,,,,,,,,,,,,,,,,,,,,,,,,,,,,,,,,,,,,,,,,,,,,,,,,,
	OtherNonOperatingIncomeExpenses,"-1,267,000","-455,000","-585,000","-767,000","540,000","231,000",,,,,,,,,,,,,"0",,,"10,412,000",,,,,,,,,,,,,,,,,,,,,,,,,,,,,,,,,,,,,,,,,,,,,,,,,,,,,,,,,,,,,,,,,,,,,,,,,,,,,,,,,,,,,,,,,,,,,,,,,,,,
PretaxIncome,"457,344,000","194,758,000","33,712,000","142,259,000","86,615,000","153,494,000","63,884,000","-94,697,000","101,416,000","91,724,000","61,120,000","135,003,000","75,521,000","72,200,000","65,093,000","59,483,000","83,412,000","88,525,000","65,205,000","-137,061,000","68,197,000","109,580,000","130,067,000","82,215,000","113,608,000","58,443,000","63,809,000","83,660,000","44,005,000","43,052,000","56,990,000","61,713,000","46,817,000","55,829,000","47,206,000","38,137,000","49,058,000","38,120,000","33,923,000","30,119,000","30,572,000","26,084,000","19,293,000","21,436,000","17,790,000",,,,,,"16,239,000","21,138,000",,,"15,709,000","28,000,000",,,"17,396,000","15,180,000","16,051,000","19,033,000","13,808,000","15,256,000",,,,,,,,,,,,,,,,,,,,,,,,,,,,,,,,,,,,,,,,,,,,,,,,,,,,,,,,,,
TaxProvision,"4,107,000","1,225,000","967,000","976,000","939,000","958,000","2,299,000","763,000","858,000","1,005,000","893,000","483,000","793,000","675,000","825,000","804,000","838,000","543,000","558,000","999,000","591,000","1,100,000","623,000","81,000","454,000","247,000","266,000","406,000","539,000",,,,,,,,,,,,,,,,,,,,,,"0","0",,,"0","-72,000",,,"125,000","-132,000","0","0","608,000","600,000",,,,,,,,,,,,,,,,,,,,,,,,,,,,,,,,,,,,,,,,,,,,,,,,,,,,,,,,,,
EarningsFromEquityInterestNetOfTax,"5,855,000","1,623,000","1,493,000","1,552,000","1,187,000","11,830,000","1,489,000","1,692,000","1,402,000","1,560,000","919,000","8,428,000","943,000","657,000","635,000","383,000","-588,000","-49,000","509,000","545,000","551,000","632,000","439,000",,,,,,,,,,,,,,,,,,,,,,,,,,,,,,,,,,,,,,,,,,,,,,,,,,,,,,,,,,,,,,,,,,,,,,,,,,,,,,,,,,,,,,,,,,,,,,,,,,,
NetIncomeCommonStockholders,"446,368,000","189,607,000","33,291,000","138,947,000","84,523,000","159,978,000","61,396,000","-91,291,000","99,307,000","89,915,000","59,540,000","138,740,000","73,141,000","69,702,000","62,216,000","56,606,000","78,536,000","84,220,000","62,400,000","-131,678,000","65,257,000","104,440,000","124,259,000","78,549,000","108,052,000","55,555,000","60,642,000","79,402,000","41,428,000","43,052,000","56,990,000","61,713,000","46,817,000","55,829,000","47,206,000","38,137,000","49,058,000","38,120,000","33,923,000","30,119,000","30,572,000","26,084,000","19,293,000","21,436,000","17,806,000","-11,076,000","2,697,000","14,736,000","13,237,000","18,680,000","13,967,000","18,867,000","17,550,000","22,641,000","15,565,000","25,592,000","14,641,000","14,753,000","14,835,000","12,869,000","13,569,000","18,178,000","10,928,000","12,143,000","8,780,000","4,400,000","17,526,000","2,638,000","-2,620,000","5,745,000","8,898,000","5,083,000","-376,000","-53,728,000","155,000","4,000","1,800,000","956,000","-15,729,000","-12,891,000","-5,569,000","-572,000","-10,409,000","-6,885,000","-18,942,000","9,401,000","-8,978,000","-70,798,000","12,680,000","610,000","-20,960,000","10,000,000","10,600,000","10,400,000","35,815,000","10,800,000","40,900,000","10,800,000","10,805,000","10,500,000","10,000,000","10,000,000","9,090,000","8,800,000","8,500,000","8,200,000","1,500,000","7,500,000","7,200,000","6,900,000","6,200,000","4,400,000","4,200,000","3,000,000","3,000,000","2,700,000","3,000,000","2,900,000","1,100,000","1,100,000","1,100,000","1,100,000"
	NetIncome,"446,368,000","189,607,000","33,291,000","138,947,000","84,523,000","159,978,000","61,396,000","-91,291,000","99,307,000","89,915,000","59,540,000","138,740,000","73,141,000","69,702,000","62,216,000","56,606,000","78,536,000","84,220,000","62,400,000","-131,678,000","65,257,000","104,440,000","124,259,000","78,549,000","108,052,000","55,555,000","60,642,000","79,402,000","41,428,000","43,052,000","56,990,000","61,713,000","46,817,000","55,829,000","47,206,000","38,137,000","49,058,000","38,120,000","33,923,000","30,119,000","30,572,000","26,084,000","19,293,000","21,436,000","17,790,000","-5,913,000","4,969,000","17,007,000","15,509,000","20,951,000","16,239,000","21,138,000","19,822,000","24,912,000","15,709,000","28,072,000","17,122,000","17,234,000","17,316,000","15,349,000","16,050,000","20,659,000","13,409,000","14,623,000","11,261,000","6,881,000","20,007,000","5,119,000","2,257,000","9,304,000","12,457,000","8,642,000","5,937,000","-10,298,000","5,183,000","5,033,000","6,829,000","5,985,000","-10,701,000","-7,862,000","-540,000","4,457,000","-5,381,000","-1,856,000","-13,913,000","4,493,000","-2,570,000","-65,093,000","15,088,000","3,018,000","-18,529,000","12,400,000","13,000,000","12,800,000","38,209,000","13,200,000","42,900,000","12,100,000","12,151,000","11,800,000","10,900,000","10,000,000","9,090,000","8,800,000","8,500,000","8,200,000","1,500,000","7,500,000","7,200,000","6,900,000","6,200,000","4,400,000","4,200,000","3,000,000","3,000,000","2,700,000","3,000,000","2,900,000","1,100,000","1,100,000","1,100,000","1,100,000"
		NetIncomeIncludingNoncontrollingInterests,"459,092,000","195,156,000","34,238,000","142,835,000","86,863,000","164,366,000","63,074,000","-93,768,000","101,960,000","92,279,000","61,146,000","142,948,000","75,671,000","72,182,000","64,903,000","59,062,000","81,986,000","87,933,000","65,156,000","-137,515,000","68,157,000","109,112,000","129,883,000","82,134,000","113,154,000","58,196,000","63,543,000","83,254,000","43,466,000","43,052,000","56,990,000","61,713,000","46,817,000","55,829,000","47,206,000","38,137,000","49,058,000","38,120,000","33,923,000","30,119,000","30,572,000","26,084,000","19,293,000","21,436,000","17,790,000","-5,913,000","4,969,000","17,007,000","15,509,000","20,951,000","16,239,000","21,138,000","19,822,000","24,912,000","15,709,000","28,072,000","17,122,000","17,234,000","17,316,000","15,349,000","16,050,000","20,659,000","13,409,000","14,623,000","11,261,000","6,881,000","20,007,000","5,119,000","2,257,000","9,304,000","12,457,000","8,642,000","5,937,000","-10,298,000","5,183,000","5,033,000","6,829,000","5,985,000","-10,701,000","-7,862,000","-540,000","4,457,000","-5,381,000","-1,856,000","-13,913,000","4,493,000","-2,570,000","-65,093,000","15,088,000","3,018,000","-18,529,000","12,400,000","13,000,000","12,800,000","38,209,000","13,200,000","42,900,000","12,100,000","12,151,000","11,800,000","10,900,000","10,000,000","9,090,000","8,800,000","8,500,000","8,200,000","1,500,000","7,500,000","7,200,000","6,900,000","6,200,000","4,400,000","4,200,000","3,000,000","3,000,000","2,700,000","3,000,000","2,900,000","1,100,000","1,100,000","1,100,000","1,100,000"
			NetIncomeContinuousOperations,"459,092,000","195,156,000","34,238,000","142,835,000","86,863,000","164,366,000","63,074,000","-93,768,000","101,960,000","92,279,000","61,146,000","142,948,000","75,671,000","72,182,000","64,903,000","59,062,000","81,986,000","87,933,000","65,156,000","-137,515,000","68,157,000","109,112,000","129,883,000","82,134,000","113,154,000","58,196,000","63,543,000","83,254,000","43,466,000","43,052,000","56,990,000","61,713,000","46,817,000","55,829,000","47,206,000","38,137,000","49,058,000","38,120,000","33,923,000","30,119,000","30,572,000","26,084,000","19,293,000","21,436,000","17,790,000","-5,913,000","4,969,000","17,007,000","15,509,000","20,951,000","16,239,000","21,138,000","19,822,000","24,912,000","15,709,000","28,072,000","17,122,000","16,788,000","17,271,000","15,312,000","16,051,000","19,033,000","13,200,000","14,656,000","11,397,000","7,260,000","12,421,000","3,852,000","5,787,000","9,328,000","8,695,000","8,642,000","6,074,000","-9,945,000","6,325,000","3,593,000","5,491,000","956,000","-10,701,000","-7,862,000","-463,000","-572,000","-5,680,000","-597,000","-16,395,000","9,401,000","-56,566,000","-15,135,000","4,637,000","610,000","11,478,000","12,400,000","13,000,000","12,800,000","11,971,000","13,200,000","42,900,000","12,100,000","12,151,000","11,800,000","10,900,000","10,000,000","9,090,000","8,800,000","8,500,000","8,200,000","8,000,000","7,500,000","7,200,000","6,900,000","6,200,000","4,400,000","4,200,000","3,000,000","3,000,000","2,700,000","3,000,000","2,900,000","1,100,000","1,100,000","1,100,000","1,100,000"
			NetIncomeDiscontinuousOperations,,,,,,,,,,,,,,,,,,,,,,,,,,,,,,,,,,,,,,,,,,,,,,,,,,,"0","0","0","0","0","0","0","446,000","45,000","37,000","-1,000","1,626,000","209,000","-33,000","-136,000","-379,000","7,586,000","1,267,000","-3,530,000","-24,000","3,762,000","0","-137,000","-353,000","-1,807,000","1,440,000",,,,,,,,,,,,,,,,,,,,,,,,,,,,,,,,,,,,,,,,,,,,,,
		MinorityInterests,"-12,724,000","-5,549,000","-947,000","-3,888,000","-2,340,000","-4,388,000","-1,678,000","2,477,000","-2,653,000","-2,364,000","-1,606,000","-4,208,000","-2,530,000","-2,480,000","-2,687,000","-2,456,000","-3,450,000","-3,713,000","-2,756,000","5,837,000","-2,900,000","-4,672,000","-5,624,000","-3,585,000","-5,102,000","-2,641,000","-2,901,000","-3,852,000","-2,038,000",,,,,,,,,,,,,,,,,,,,,,,,,,,,,,,,,,,,,,,,,,,,,,,,,,,,,,,,,,,,,,,,,,,,,,,,,,,,,,,,,,,,,,,,,,,,,
	PreferredStockDividends,,,,,,,,,,,,,,,,,,,,,,,,,,,,,,,,,,,,,,,,,,,,,,"1,691,000","2,272,000","2,271,000","2,272,000","2,271,000","2,272,000","2,271,000","2,272,000","2,271,000","2,272,000","2,480,000","2,481,000","2,481,000","2,481,000","2,480,000","2,481,000","2,481,000","2,481,000","2,480,000","2,481,000","2,481,000","2,481,000","2,481,000","2,864,000","3,559,000","3,559,000","3,559,000","4,002,000","4,687,000","5,028,000","5,029,000","5,029,000","5,029,000","5,028,000","5,029,000","5,029,000","5,029,000","5,028,000","5,029,000","5,029,000","-4,908,000","6,408,000","5,705,000","2,408,000","2,408,000","2,431,000","2,400,000","2,400,000","2,400,000","2,394,000","2,400,000","2,000,000","1,300,000","1,346,000","1,300,000","900,000",,,,,,,,,,,,,,,,,,,,,
	OtherunderPreferredStockDividend,,,,,,,,,,,,,,,,,,,,,,,,,,,,,,,,,,,,,,,,,,,"1,691,000",,"-16,000","3,472,000",,,,,,,,,,,,,,,,,,,,,"0",,"2,013,000",,"0",,"2,311,000","38,743,000",,,,,,,,,,,,,,,,,,,,,,,,,,,,,,,,,,,,,,,,,,,,,,,,
DilutedNIAvailtoComStockholders,"446,368,000","189,607,000","33,291,000","138,947,000","84,523,000","159,978,000","61,396,000","-91,291,000","99,307,000","89,915,000","59,540,000","138,740,000","73,141,000","69,702,000","62,216,000","56,606,000","78,536,000","84,220,000","62,400,000","-131,678,000","65,257,000","104,440,000","124,259,000","78,549,000","108,052,000","55,555,000","60,642,000","79,402,000","41,428,000","43,052,000","56,990,000","61,713,000","46,817,000","55,829,000","47,206,000","38,137,000","49,058,000","38,120,000","33,923,000","30,119,000","30,572,000","26,084,000","19,293,000","21,436,000","17,806,000","-11,076,000","2,697,000","14,736,000","13,237,000","18,680,000","13,967,000","18,867,000","17,550,000","22,641,000","15,565,000","25,592,000","14,641,000","14,753,000","14,835,000","12,869,000","13,569,000","18,178,000","10,928,000","12,143,000","8,780,000","4,400,000","17,526,000","2,638,000","-2,620,000","5,745,000","8,898,000","5,083,000","-376,000","-53,728,000","155,000","4,000","1,800,000","956,000","-15,729,000","-12,891,000","-5,569,000","-572,000","-10,409,000","-6,885,000","-18,942,000","9,401,000","-8,978,000","-70,798,000","12,680,000","610,000","-20,960,000","10,000,000","10,600,000","10,400,000","35,815,000","10,800,000","40,900,000","10,800,000","10,805,000","10,500,000","10,000,000","10,000,000","9,090,000","8,800,000","8,500,000","8,200,000","1,500,000","7,500,000","7,200,000","6,900,000","6,200,000","4,400,000","4,200,000","3,000,000","3,000,000","2,700,000","3,000,000","2,900,000","1,100,000","1,100,000","1,100,000","1,100,000"
BasicEPS,,"0.79","0.14","0.58","0.36","0.69","0.27","-0.4","0.44","0.4","0.27","0.64","0.35","0.34","0.31","0.28","0.39","0.42","0.31","-0.67","0.33","0.53","0.63","0.4","0.57","0.3","0.32","0.43","0.23","0.32","0.45","0.48","0.37","0.45","0.39","0.32","0.42","0.34","0.3","0.28","0.29","0.25",,"0.21","0.17","-0.11",,"0.15","0.14","0.21",,"0.23","0.21","0.27",,"0.33","0.2","0.21",,"0.19","0.2","0.3",,"0.21","0.15","0.08",,"0.05","-0.05","0.11",,"0.11","-0.01","-1.3",,"0","0.05","0.03",,"-0.35","-0.15","-0.02",,"-0.34","-0.95","0.47",,"-3.53","0.63","0.03",,"0.5","0.53","0.52",,"0.53","0.53","0.55",,"0.55","0.53","0.53",,"0.51","0.49","0.49",,"0.46","0.45","0.44",,"0.44","0.43","0.45",,"0.41","0.46","0.45",,"0.17","0.17","0.17"
DilutedEPS,,"0.79","0.14","0.58","0.36","0.69","0.27","-0.4","0.43","0.39","0.27","0.63","0.34","0.34","0.31","0.28","0.39","0.42","0.31","-0.67","0.33","0.53","0.63","0.4","0.57","0.29","0.32","0.43","0.22","0.32","0.44","0.48","0.37","0.45","0.38","0.32","0.42","0.34","0.3","0.27","0.29","0.25",,"0.21","0.17","-0.11",,"0.15","0.14","0.21",,"0.22","0.21","0.27",,"0.33","0.2","0.21",,"0.19","0.2","0.3",,"0.2","0.15","0.08",,"0.05","-0.05","0.11",,"0.108","-0.01","-1.3",,"0","0.05","0.03",,"-0.35","-0.15","-0.02",,"-0.34","-0.95","0.47",,"-3.53","0.63","0.03",,"0.5","0.53","0.52",,"0.53","0.53","0.55",,"0.55","0.53","0.53",,"0.51","0.49","0.49",,"0.46","0.45","0.44",,"0.44","0.43","0.45",,"0.41","0.46","0.45",,"0.17","0.17","0.17"
BasicAverageShares,,"239,527,000","239,649,000","239,282,000","236,229,000","232,572,000","228,785,000","227,507,000","227,411,000","227,261,000","219,668,000","217,818,000","211,569,000","204,558,000","201,799,000","200,910,000","199,497,000","198,911,000","198,614,000","197,890,000","197,433,000","197,013,000","195,793,000","194,123,000","188,981,000","188,228,000","187,188,000","184,739,000","182,697,000","134,346,000","127,804,000","127,464,000","126,474,000","124,459,000","122,448,000","117,600,000","116,199,000","112,782,000","111,756,000","109,135,000","105,717,000","103,754,000",,"103,180,000","101,912,000","100,074,000",,"95,698,000","93,031,000","88,840,000",,"83,740,000","82,573,000","82,396,000",,"76,590,000","72,942,000","68,680,000",,"67,952,000","67,237,000","60,094,000",,"59,021,000","58,158,000","57,412,000",,"51,187,000","51,031,000","50,928,000",,"46,552,000","46,365,000","41,459,000",,"37,193,000","37,153,000","37,145,000",,"37,133,000","37,129,000","27,421,000",,"20,071,000","20,013,000","20,013,000",,"20,064,000","20,129,000","19,982,000",,"20,000,000","20,000,000","20,000,000",,"20,377,358","19,636,364","19,636,364",,"19,090,909","18,867,925","18,867,925",,"17,254,902","17,346,939","16,734,694",,"16,304,348","16,000,000","15,681,818",,"10,000,000","9,767,442","6,666,667",,"6,585,366","6,521,739","4,042,000",,"6,470,588","6,470,588","6,470,588"
DilutedAverageShares,,"247,556,000","246,916,000","246,617,000","243,908,000","239,907,000","236,809,000","234,579,000","234,523,000","234,506,000","227,980,000","226,513,000","220,479,000","213,523,000","212,132,000","210,437,000","208,460,000","207,816,000","207,646,000","206,662,000","206,672,000","206,174,000","204,955,000","204,078,000","199,157,000","198,350,000","197,560,000","195,183,000","194,482,000","134,806,000","128,492,000","128,428,000","127,436,000","124,822,000","123,395,000","118,462,000","117,022,000","113,522,000","112,329,000","109,667,000","106,033,000","104,012,000",,"103,231,000","102,001,000","100,086,000",,"95,987,000","93,153,000","88,961,000",,"83,858,000","82,674,000","82,478,000",,"76,702,000","73,038,000","68,747,000",,"67,965,000","67,261,000","60,118,000",,"59,446,000","58,237,000","57,474,000",,"51,479,000","51,365,000","51,313,000",,"47,134,000","46,365,000","41,459,000",,"38,617,000","38,212,000","37,145,000",,"37,133,000","37,129,000","27,421,000",,"20,071,000","20,013,000","20,013,000",,"20,064,000","20,129,000","19,982,000",,"20,000,000","20,000,000","20,000,000",,"20,377,358","19,636,364","19,636,364",,"19,090,909","18,867,925","18,867,925",,"17,254,902","17,346,939","16,734,694",,"16,304,348","16,000,000","15,681,818",,"10,000,000","9,767,442","6,666,667",,"6,585,366","6,521,739","4,042,000",,"6,470,588","6,470,588","6,470,588"
TotalOperatingIncomeAsReported,"607,301,000",,,,,,,"-39,476,000","156,526,000","147,730,000","115,885,000","187,160,000","126,525,000","122,175,000","125,354,000","116,033,000","135,568,000","120,635,000","69,199,000","-88,242,000","141,079,000","139,226,000","146,650,000","124,313,000","142,244,000","96,538,000","124,995,000","126,072,000","74,254,000","85,948,000","90,271,000","92,221,000","79,838,000","82,981,000","73,150,000","63,325,000","64,733,000","64,471,000","58,780,000","53,147,000","51,574,000","51,465,000","41,050,000","43,406,000","38,553,000","14,786,000","41,862,000","37,048,000","34,538,000","35,489,000","25,663,000","30,997,000","29,578,000","29,647,000","25,098,000","25,995,000","26,783,000","26,862,000","27,520,000","25,715,000","26,566,000","31,296,000","23,159,000","21,035,000","21,206,000","20,884,000","22,462,000","12,075,000","16,596,000","16,567,000","15,900,000","14,987,000","15,177,000","-5,252,000","13,032,000","9,061,000","12,874,000","11,097,000","-5,782,000","-3,575,000","6,949,000","12,595,000","2,551,000","8,527,000","-7,152,000","13,298,000","-46,387,000","-5,289,000","15,791,000","18,484,000",,,,,,,,,,,,,,,,,,,,,,,,,,,,,,,,
TotalExpenses,"498,493,000","104,564,000","156,141,000","130,252,000","107,536,000","102,706,000","105,096,000","130,087,000","101,225,000","103,718,000","97,697,000","94,379,000","91,542,000","90,867,000","88,480,000","82,951,000","85,410,000","94,650,000","88,294,000","95,384,000","84,564,000","84,921,000","87,838,000","80,741,000","76,183,000","78,012,000","80,459,000","70,604,000","69,457,000","36,622,000","37,501,000","36,083,000","40,359,000","37,925,000","37,461,000","39,985,000","37,773,000","37,156,000","36,009,000","33,478,000","32,153,000","32,673,000","32,722,000","29,412,000","34,053,000","30,674,000","29,188,000","32,598,000","22,920,000","22,969,000","22,149,000","18,667,000","19,574,000","19,443,000","20,164,000","33,834,000","16,952,000","12,490,000","13,710,000","11,873,000","11,596,000","11,372,000","12,725,000","14,208,000","9,855,000","9,867,000","6,439,000","13,919,000","9,158,000","12,039,000","11,596,000","7,620,000","4,168,000","26,788,000","249,000","11,865,000","7,915,000","13,467,000","34,629,000","34,457,000","27,455,000","31,329,000","52,724,000","58,308,000","72,806,000","55,879,000","136,496,000","73,300,000","7,614,000","7,633,000","48,231,000","-6,500,000","-5,900,000","-5,600,000","43,607,000","-5,800,000","-5,800,000","-5,100,000","33,746,000","-4,300,000","-4,300,000","-3,600,000","27,901,000","-3,400,000","-3,400,000","-3,400,000","-3,600,000","-3,200,000","-3,200,000","-3,200,000","-3,300,000","-1,300,000","-1,100,000","-1,000,000","-900,000","-600,000","-600,000","-600,000",,,,
NetIncomeFromContinuingAndDiscontinuedOperation,"446,368,000","189,607,000","33,291,000","138,947,000","84,523,000","159,978,000","61,396,000","-91,291,000","99,307,000","89,915,000","59,540,000","138,740,000","73,141,000","69,702,000","62,216,000","56,606,000","78,536,000","84,220,000","62,400,000","-131,678,000","65,257,000","104,440,000","124,259,000","78,549,000","108,052,000","55,555,000","60,642,000","79,402,000","41,428,000","43,052,000","56,990,000","61,713,000","46,817,000","55,829,000","47,206,000","38,137,000","49,058,000","38,120,000","33,923,000","30,119,000","30,572,000","26,084,000","19,293,000","21,436,000","17,790,000","-5,913,000","4,969,000","17,007,000","15,509,000","20,951,000","16,239,000","21,138,000","19,822,000","24,912,000","15,709,000","28,072,000","17,122,000","17,234,000","17,316,000","15,349,000","16,050,000","20,659,000","13,409,000","14,623,000","11,261,000","6,881,000","20,007,000","5,119,000","2,257,000","9,304,000","12,457,000","8,642,000","5,937,000","-10,298,000","5,183,000","5,033,000","6,829,000","5,985,000","-10,652,000","-7,862,000","-540,000","4,457,000","-8,447,000","-1,856,000","-13,913,000","4,493,000","-2,570,000","-65,093,000","15,088,000","3,018,000","-18,529,000","12,400,000","13,000,000","12,800,000","12,009,000","13,200,000","42,900,000","12,100,000","12,151,000","11,800,000","10,900,000","10,000,000","9,090,000","8,800,000","8,500,000","8,200,000","8,000,000","7,500,000","7,200,000","6,900,000","6,200,000","4,400,000","4,200,000","3,000,000","3,000,000","2,700,000","3,000,000","2,900,000","1,100,000","1,100,000","1,100,000","1,100,000"
NormalizedIncome,"294,765,741.499","81,683,122.516","34,540,112.186","88,709,049.818","89,399,553.484","119,510,157.661","96,894,810.97","-70,451,690","97,961,480.496","91,542,965.135","92,040,113.122","90,546,042.532","80,470,223.607","80,222,713.296","77,175,960.917","84,426,808.601","80,377,313.48","71,652,562.666","79,468,671.912","-4,653,200","75,861,299.045","104,554,835.554","94,113,089.016","93,201,549.754","105,239,285.262","92,179,555.208","65,908,951.794","87,053,685.465","86,072,387.411","49,562,000","59,296,850","63,260,650","47,858,950","54,016,800","47,547,900","38,131,150","49,812,000","38,207,100","32,231,050","29,335,100","29,356,500","22,873,650","21,025,250","20,264,050","17,790,000","10,357,800","5,010,600","17,060,300","16,384,550","21,094,000","17,023,000","21,227,000","19,837,600","22,014,950","31,461,000","20,508,600","16,780,100","17,742,200","13,803,099.161","16,700,400","16,551,000","19,492,000","10,776,622.248","10,780,652.334","11,655,600","9,736,800","12,482,800","4,175,400","8,118,000","9,631,600","7,037,200","8,929,400","9,674,000","-9,945,000","11,384,400","3,593,000","6,829,000","5,985,000","-11,664,800","-7,862,000","-992,400","4,440,200","-6,786,800","-1,100,600","-13,913,000","3,972,800","-2,570,000","-65,027,600","15,088,000","3,018,000","-18,529,000","12,400,000","13,000,000","12,800,000","12,009,000","13,200,000","24,780,000","12,100,000","12,151,000","11,800,000","10,900,000","10,000,000","9,090,000","8,800,000","8,500,000","8,200,000","8,000,000","7,500,000","7,200,000","6,900,000","6,200,000","4,400,000","4,200,000","3,000,000","3,000,000","2,700,000","3,000,000","2,900,000","1,100,000","1,100,000","1,100,000","1,100,000"
InterestIncome,"117,000",,,,,,,,"141,000","-734,000","735,000","-25,000","-191,000","337,000","-183,000","-1,214,000","1,125,000","585,000","5,000","4,000","254,000","4,000","4,000","157,000","4,000","8,000","80,000","5,000","7,000","193,000","8,000","11,000","17,000","8,000","21,000","3,000","14,000","3,000","7,000","6,000","1,707,000","7,000","5,000","12,000","12,000","11,000","17,000","11,000","62,000","15,000","2,000","2,000","6,000","11,000","43,000","74,000","58,000","65,000",,,,,,,,,,,,,,,,,,,,,,,,,,,,,,,,,,,,,,,,,,,,,,,,,,,,,,,,,,,,,,,,
InterestExpense,"234,228,000","58,145,000","58,225,000","58,979,000","58,879,000","58,521,000","57,102,000","55,240,000","55,252,000","55,936,000","55,604,000","52,180,000","50,809,000","50,338,000","50,842,000","51,216,000","50,324,000","50,254,000","50,496,000","49,611,000","72,593,000","47,543,000","46,876,000","47,172,000","41,861,000","39,652,000","61,035,000","40,026,000","39,058,000","43,089,000","33,289,000","30,499,000","33,038,000","30,043,000","25,965,000","25,191,000","14,538,000","26,354,000","27,690,000","24,723,000","24,677,000","30,704,000","21,629,000","23,785,000","20,775,000","20,694,000","36,910,000","20,048,000","19,091,000","14,553,000","10,203,000","9,861,000","9,738,000","9,273,000","9,441,000","9,875,000","10,245,000","10,185,000",,,,,,,,,,,,,,,,,,,,,,,,,,,,,,,,,,,,,,,,,,,,,,,,,,,,,,,,,,,,,,,,
NetInterestIncome,"-234,228,000","-58,145,000","-58,225,000","-58,979,000","-58,879,000","-58,521,000","-57,102,000","-55,240,000","-55,111,000","-55,936,000","-54,869,000","-52,180,000","-50,809,000","-50,001,000","-51,025,000","-51,216,000","-49,199,000","-49,669,000","-50,491,000","-49,607,000","-72,339,000","-47,539,000","-46,872,000","-47,015,000","-41,857,000","-39,644,000","-60,955,000","-40,021,000","-39,051,000","-42,896,000","-33,281,000","-30,488,000","-33,021,000","-30,035,000","-25,944,000","-25,188,000","-14,524,000","-26,351,000","-27,683,000","-24,717,000","-22,970,000","-30,697,000","-21,624,000","-23,773,000","-20,763,000","-20,683,000","-36,893,000","-20,037,000","-19,029,000","-14,538,000","-10,201,000","-9,859,000","-9,732,000","-9,262,000","-9,398,000","-9,801,000","-10,187,000","-10,120,000",,,,,,,,,,,,,,,,,,,,,,,,,,,,,,,,,,,,,,,,,,,,,,,,,,,,,,,,,,,,,,,,
EBIT,"691,572,000","252,903,000","91,937,000","201,238,000","145,494,000","212,015,000","120,986,000","-39,457,000","156,668,000","147,660,000","116,724,000","187,183,000","126,330,000","122,538,000","115,935,000","110,699,000","133,736,000","138,779,000","115,701,000","-87,450,000","140,790,000","157,123,000","176,943,000","129,387,000","155,469,000","98,095,000","124,844,000","123,686,000","83,063,000","86,141,000","90,279,000","92,212,000","79,855,000","85,872,000","73,171,000","63,328,000","63,596,000","64,474,000","61,613,000","54,842,000","55,249,000","56,788,000","40,922,000","45,221,000","38,565,000","39,802,000","40,318,000","37,126,000","35,885,000","35,709,000","26,442,000","30,999,000","29,578,000","29,717,000","25,150,000","37,875,000","26,783,000","28,376,000","25,884,000","27,351,000","26,566,000","31,296,000","23,159,000","21,035,000","21,206,000","20,884,000","20,863,000","12,075,000","16,596,000","16,567,000","12,644,000","14,987,000","18,177,000","-5,252,000","19,739,000","9,061,000","12,874,000","11,097,000","-6,728,000","-3,575,000","6,949,000","12,595,000","3,228,000","8,527,000","-7,152,000","13,298,000","-56,376,000","-5,289,000","15,791,000","18,484,000","-17,956,000","37,800,000","36,700,000","35,600,000","-17,469,000","34,300,000","33,600,000","31,400,000","-9,026,000","27,900,000","26,800,000","23,600,000","-8,474,000","22,200,000","21,100,000","20,600,000","20,000,000","19,000,000","17,900,000","17,700,000","17,000,000","10,100,000","9,200,000","8,300,000","7,600,000","5,600,000","5,300,000","5,000,000","2,100,000","1,500,000","1,500,000","1,500,000"
EBITDA,"1,031,489,000"
ReconciledCostOfRevenue,"13,134,000","3,603,000","3,258,000","3,272,000","3,001,000","2,729,000","2,868,000","2,127,000","3,655,000","3,666,000","3,100,000","3,921,000","4,030,000","3,882,000",,,,,,,,,,,,,,,,,,,,,,,,,,"0","0","0","50,000","148,000","225,000","230,000","149,000","480,000","2,797,000","4,572,000","-15,750,000","4,899,000","5,498,000","5,353,000","-20,833,000","20,833,000","0","0",,,,,,,,,,,,,,,,,,,,,,,,,,,,,,,,,,,,,,,,,,,,,,,,,,,,,,,,,,,,,,,,
ReconciledDepreciation,"339,917,000","82,752,000","85,269,000","86,097,000","85,799,000","84,849,000","82,623,000","81,072,000","83,586,000","82,643,000","80,498,000","76,696,000","73,637,000","70,852,000","70,598,000","70,711,000","69,609,000","70,361,000","75,323,000","71,925,000","70,350,000","69,993,000","70,808,000","68,316,000","65,505,000","62,433,000","60,794,000","60,143,000","59,156,000","30,610,000","30,401,000","30,111,000","31,301,000","31,444,000","32,260,000","32,202,000","32,225,000","31,959,000","30,332,000","28,305,000","27,199,000","27,147,000","25,489,000","24,871,000","24,759,000","25,218,000","25,743,000","27,742,000","16,451,000","14,687,000","11,680,000","11,093,000","10,990,000","10,931,000","10,705,000","10,076,000","9,713,000","9,396,000","9,288,000","9,138,000","8,831,000","8,799,000","8,831,000","8,363,000","7,542,000","7,527,000","8,330,000","6,275,000","6,540,000","6,253,000","7,401,000","5,394,000","5,384,000","5,224,000","4,866,000","5,386,000","5,404,000","5,329,000","5,294,000","5,298,000","5,352,000","5,326,000","5,506,000","5,515,000","5,504,000","5,541,000","5,880,000","5,657,000","5,818,000","5,910,000","6,311,000","6,400,000","5,200,000","6,300,000","4,843,000","5,700,000","5,900,000","5,100,000","4,710,000","4,300,000","4,300,000","3,600,000","3,493,000","3,400,000","3,400,000","3,400,000","3,600,000","3,000,000","3,200,000","3,200,000",,,,,,,,,,,,
NetIncomeFromContinuingOperationNetMinorityInterest,"446,368,000","189,607,000","33,291,000","138,947,000","84,523,000","159,978,000","61,396,000","-91,291,000","99,307,000","89,915,000","59,540,000","138,740,000","73,141,000","69,702,000","62,216,000","56,606,000","78,536,000","84,220,000","62,400,000","-131,678,000","65,257,000","104,440,000","124,259,000","78,549,000","108,052,000","55,555,000","60,642,000","79,402,000","41,428,000","43,052,000","56,990,000","61,713,000","46,817,000","55,829,000","47,206,000","38,137,000","49,058,000","38,120,000","33,923,000","30,119,000","30,572,000","26,084,000","19,293,000","21,436,000","17,790,000","-5,913,000","4,969,000","17,007,000","15,509,000","20,951,000","16,239,000","21,138,000","19,822,000","24,912,000","15,709,000","28,072,000","17,122,000","16,788,000","17,271,000","15,312,000","16,051,000","19,033,000","13,200,000","14,656,000","11,397,000","7,260,000","12,421,000","3,852,000","5,787,000","9,328,000","8,695,000","8,642,000","6,074,000","-9,945,000","6,990,000","3,593,000","6,829,000","5,985,000","-10,652,000","-7,862,000","-540,000","4,457,000","-8,447,000","-1,856,000","-13,913,000","4,493,000","-2,570,000","-65,093,000","15,088,000","3,018,000","-18,529,000","12,400,000","13,000,000","12,800,000","12,009,000","13,200,000","42,900,000","12,100,000","12,151,000","11,800,000","10,900,000","10,000,000","9,090,000","8,800,000","8,500,000","8,200,000","8,000,000","7,500,000","7,200,000","6,900,000","6,200,000","4,400,000","4,200,000","3,000,000","3,000,000","2,700,000","3,000,000","2,900,000","1,100,000","1,100,000","1,100,000","1,100,000"
TotalUnusualItemsExcludingGoodwill,"152,976,000","108,607,000","-1,286,000","50,585,000","-4,930,000","40,722,000","-36,824,000","-28,547,000","1,357,000","-1,646,000","-32,982,000","48,367,000","-7,407,000","-10,620,000","-15,152,000","-28,202,000","-1,860,000","12,645,000","-17,216,000","-211,708,000","-10,697,000","-116,000","30,291,000","-14,667,000","2,824,000","-36,780,000","-5,289,000","-7,689,000","-45,198,000","-10,850,000","-3,549,000","-2,381,000","-1,603,000","2,788,000","-526,000","9,000","-1,160,000","-134,000","2,603,000","1,206,000","1,870,000","4,939,000","-2,665,000","1,803,000","0","-25,032,000","-64,000","-82,000","-1,347,000","-220,000","-784,000","-89,000","-24,000","4,457,000","-15,752,000","11,636,000","526,000","-1,468,000","3,493,000","-2,136,000","-500,000","-459,000","2,535,000","4,034,000","-431,000","-4,128,000","-103,000","-539,000","-3,885,000","-506,000","2,763,000","-479,000","-6,000,000",,"-7,324,000",,,,"1,688,000",,"754,000","28,000","-2,767,000","-1,259,000",,"867,000",,"-109,000",,,,,,,,,"30,200,000",,,,,,,,,,,,,,,,,,,,,,,,,
TotalUnusualItems,"152,976,000","108,607,000","-1,286,000","50,585,000","-4,930,000","40,722,000","-36,824,000","-28,547,000","1,357,000","-1,646,000","-32,982,000","48,367,000","-7,407,000","-10,620,000","-15,152,000","-28,202,000","-1,860,000","12,645,000","-17,216,000","-211,708,000","-10,697,000","-116,000","30,291,000","-14,667,000","2,824,000","-36,780,000","-5,289,000","-7,689,000","-45,198,000","-10,850,000","-3,549,000","-2,381,000","-1,603,000","2,788,000","-526,000","9,000","-1,160,000","-134,000","2,603,000","1,206,000","1,870,000","4,939,000","-2,665,000","1,803,000","0","-25,032,000","-64,000","-82,000","-1,347,000","-220,000","-784,000","-89,000","-24,000","4,457,000","-15,752,000","11,636,000","526,000","-1,468,000","3,493,000","-2,136,000","-500,000","-459,000","2,535,000","4,034,000","-431,000","-4,128,000","-103,000","-539,000","-3,885,000","-506,000","2,763,000","-479,000","-6,000,000",,"-7,324,000",,,,"1,688,000",,"754,000","28,000","-2,767,000","-1,259,000",,"867,000",,"-109,000",,,,,,,,,"30,200,000",,,,,,,,,,,,,,,,,,,,,,,,,
NormalizedEBITDA,"878,513,000","227,048,000","178,492,000","236,750,000","236,223,000","256,142,000","240,433,000","70,162,000","238,897,000","231,949,000","230,204,000","215,512,000","207,374,000","204,010,000","201,685,000","209,612,000","205,205,000","196,495,000","208,240,000","196,183,000","221,837,000","227,232,000","217,460,000","212,370,000","218,150,000","197,308,000","190,927,000","191,518,000","187,417,000","127,601,000","124,229,000","124,704,000","112,759,000","114,528,000","105,957,000","95,521,000","96,981,000","96,567,000","89,342,000","81,941,000","80,578,000","78,996,000","69,076,000","68,289,000","63,324,000","90,052,000","66,125,000","64,950,000","53,683,000","50,616,000","38,906,000","42,181,000","40,592,000","36,191,000","51,607,000","36,315,000","35,970,000","39,240,000","31,679,000","38,625,000","35,897,000","40,554,000","29,455,000","25,364,000","29,179,000","32,539,000","29,296,000","18,889,000","27,021,000","23,326,000","17,282,000","20,860,000","29,562,000","-28,000","31,929,000","14,447,000","18,278,000","16,426,000","-3,122,000","1,723,000","11,547,000","17,893,000","11,501,000","15,301,000","-1,648,000","17,972,000","-50,496,000","477,000","21,609,000","24,394,000","-11,645,000","44,200,000","41,900,000","41,900,000","-12,626,000","40,000,000","9,300,000","36,500,000","-4,316,000","32,200,000","31,100,000","27,200,000","-4,981,000","25,600,000","24,500,000","24,000,000","23,600,000","22,000,000","21,100,000","20,900,000","17,000,000","10,100,000","9,200,000","8,300,000","7,600,000","5,600,000","5,300,000","5,000,000","2,100,000","1,500,000","1,500,000","1,500,000"
TaxRateForCalcs,"0.009","0.006","0.029","0.007","0.011","0.006","0.036","0.27","0.008","0.011","0.015","0.004","0.011","0.009","0.013","0.014","0.01","0.006","0.009","0.4","0.009","0.01","0.005","0.001","0.004","0.004","0.004","0.005","0.012","0.4","0.35","0.35","0.35","0.35","0.35","0.35","0.35","0.35","0.35","0.35","0.35","0.35","0.35","0.35","0.35","0.35","0.35","0.35","0.35","0.35","0","0","0.35","0.35","0","0.35","0.35","0.35","0.007","0.35","0","0","0.044","0.039","0.4","0.4","0.4","0.4","0.4","0.4","0.4","0.4","0.4","0.4","0.4","0.4","0.4","0.4","0.4","0.4","0.4","0.4","0.4","0.4","0.4","0.4","0.4","0.4","0.4","0.4","0.4","0.4","0.4","0.4","0.4","0.4","0.4","0.4","0.4","0.4","0.4","0.4","0.4","0.4","0.4","0.4","0.4","0.4","0.4","0.4","0.4","0.4","0.4","0.4","0.4","0.4","0.4","0.4","0.4","0.4","0.4","0.4"
TaxEffectOfUnusualItems,"1,373,741.499","683,122.516","-36,887.814","347,049.818","-53,446.516","254,157.661","-1,325,189.03","-7,707,690","11,480.496","-18,034.865","-481,886.878","173,042.532","-77,776.393","-99,286.704","-192,039.083","-381,191.399","-18,686.52","77,562.666","-147,328.088","-84,683,200","-92,700.955","-1,164.446","145,089.016","-14,450.246","11,285.262","-155,444.792","-22,048.206","-37,314.535","-553,612.589","-4,340,000","-1,242,150","-833,350","-561,050","975,800","-184,100","3,150","-406,000","-46,900","911,050","422,100","654,500","1,728,650","-932,750","631,050","0","-8,761,200","-22,400","-28,700","-471,450","-77,000","0","0","-8,400","1,559,950","0","4,072,600","184,100","-513,800","25,099.161","-747,600","0","0","111,622.248","158,652.334","-172,400","-1,651,200","-41,200","-215,600","-1,554,000","-202,400","1,105,200","-191,600","-2,400,000","0","-2,929,600","0","0","0","675,200","0","301,600","11,200","-1,106,800","-503,600","0","346,800","0","-43,600","0","0","0","0","0","0","0","0","12,080,000","0","0","0","0","0","0","0","0","0","0","0","0","0","0","0","0","0","0","0","0","0","0","0","0","0"