name,ttm,03/31/2022,12/31/2021,09/30/2021,06/30/2021,03/31/2021,12/31/2020,09/30/2020,06/30/2020,03/31/2020,12/31/2019,09/30/2019,06/30/2019,03/31/2019,12/31/2018,09/30/2018,06/30/2018,03/31/2018,12/31/2017,09/30/2017,06/30/2017,03/31/2017,12/31/2016,09/30/2016,06/30/2016,03/31/2016,12/31/2015,09/30/2015,06/30/2015,03/31/2015,12/31/2014,09/30/2014,06/30/2014,03/31/2014,12/31/2013,09/30/2013,06/30/2013,03/31/2013,12/31/2012,09/30/2012,06/30/2012,03/31/2012,12/31/2011,09/30/2011,06/30/2011,03/31/2011,12/31/2010,09/30/2010,06/30/2010,03/31/2010,12/31/2009,09/30/2009,06/30/2009,03/31/2009,12/31/2008,09/30/2008,06/30/2008,03/31/2008,12/31/2007,09/30/2007,06/30/2007,03/31/2007,12/31/2006,09/30/2006,06/30/2006,03/31/2006,12/31/2005,09/30/2005,06/30/2005,03/31/2005,12/31/2004,09/30/2004,06/30/2004,03/31/2004,12/31/2003,09/30/2003,06/30/2003,03/31/2003,12/31/2002,09/30/2002,06/30/2002,03/31/2002,12/31/2001,09/30/2001,06/30/2001,03/31/2001,12/31/2000,09/30/2000,06/30/2000,03/31/2000,12/31/1999,09/30/1999,06/30/1999,03/31/1999,12/31/1998,09/30/1998,06/30/1998,03/31/1998,12/31/1997,09/30/1997,06/30/1997,03/31/1997,12/31/1996,09/30/1996,06/30/1996,03/31/1996,12/31/1995,09/30/1995,06/30/1995,03/31/1995,12/31/1994,09/30/1994,06/30/1994,03/31/1994,12/31/1993,09/30/1993,06/30/1993,03/31/1993,12/31/1992,09/30/1992,06/30/1992,03/31/1992,12/31/1991,09/30/1991,06/30/1991,03/31/1991
TotalRevenue,"6,549,000,000","1,692,000,000","1,587,000,000","1,609,000,000","1,660,000,000","1,500,000,000","1,496,000,000","1,616,000,000","1,418,000,000","1,561,000,000","1,628,000,000","1,670,000,000","1,756,000,000","1,638,000,000","1,635,000,000","1,734,000,000","1,772,000,000","1,736,000,000","1,712,000,000","1,791,000,000","1,751,000,000","1,615,000,000","1,642,000,000","1,712,000,000","1,760,000,000","1,588,000,000","1,626,000,000","1,566,000,000","1,543,000,000","1,421,000,000","1,603,000,000","1,745,000,000","1,797,000,000","1,639,000,000","1,761,000,000","1,784,000,000","1,781,000,000","1,641,000,000","1,748,000,000","1,747,000,000","1,766,000,000","1,739,000,000","1,818,000,000","1,862,000,000","1,959,000,000","1,719,000,000","1,598,400,000","1,689,000,000","1,710,900,000","1,582,500,000","1,865,900,000","1,874,600,000","1,807,000,000","1,519,000,000","1,705,000,000","2,008,600,000","2,210,600,000","1,960,500,000","1,994,000,000","1,967,100,000","2,017,100,000","1,877,500,000","1,911,600,000","1,933,200,000","1,965,600,000","1,692,200,000","1,783,000,000","1,825,500,000","1,872,800,000","1,708,400,000","1,778,500,000","1,738,000,000","1,762,000,000","1,567,200,000","1,556,000,000","1,588,500,000","1,604,100,000","1,411,900,000","1,398,200,000","1,500,600,000","1,523,000,000","1,338,300,000","1,371,700,000","1,383,800,000","1,893,300,000","1,364,500,000","1,327,000,000","1,430,300,000","1,449,200,000","1,345,600,000","1,366,600,000","1,426,200,000","1,423,100,000","1,307,000,000","1,369,200,000","1,453,600,000","1,385,000,000","1,098,500,000","1,138,200,000","1,239,500,000","1,224,500,000","1,056,300,000","962,100,000","1,014,100,000","963,700,000","905,800,000","892,400,000","962,200,000","985,000,000","923,600,000","884,800,000","927,900,000","915,400,000","839,200,000","873,300,000","914,600,000","915,000,000","889,900,000","931,100,000","952,900,000","942,300,000","845,800,000","849,700,000","946,300,000","889,400,000","889,400,000"
	OperatingRevenue,"6,436,000,000","1,692,000,000","1,474,000,000","1,609,000,000","1,660,000,000","1,500,000,000","1,496,000,000","1,616,000,000","1,418,000,000","1,561,000,000","1,628,000,000","1,670,000,000","1,756,000,000","1,638,000,000","1,635,000,000","1,734,000,000","1,772,000,000","1,736,000,000","1,712,000,000","1,791,000,000","1,751,000,000","1,615,000,000","1,642,000,000","1,712,000,000","1,760,000,000","1,588,000,000","1,626,000,000","1,566,000,000","1,543,000,000","1,421,000,000","1,603,000,000","1,745,000,000","1,797,000,000","1,639,000,000","1,761,000,000","1,784,000,000","1,781,000,000","1,641,000,000","1,748,000,000","1,747,000,000","1,766,000,000","1,739,000,000","1,818,000,000","1,862,000,000","1,959,000,000","1,719,000,000","1,598,400,000","1,689,000,000","1,710,900,000","1,582,500,000","1,865,900,000","1,874,600,000","1,807,000,000","1,519,000,000","1,705,000,000","2,008,600,000","2,210,600,000","1,960,500,000","1,962,300,000","1,933,400,000","2,001,800,000","1,872,300,000","1,864,300,000","1,916,100,000","1,945,500,000","1,692,200,000","1,755,500,000","1,807,500,000","1,852,700,000","1,663,300,000","1,746,800,000","1,717,800,000","1,716,300,000","1,553,100,000","1,556,000,000","1,588,500,000","1,579,600,000","1,386,400,000","1,316,100,000","1,487,100,000","1,503,600,000","1,338,300,000","1,327,400,000","1,366,300,000","1,397,300,000","1,311,500,000","1,327,000,000","1,430,300,000","1,449,200,000","1,345,600,000","1,366,600,000","1,426,200,000","1,423,100,000","1,307,000,000","1,369,200,000","1,453,600,000","1,385,000,000","1,098,500,000","1,138,200,000","1,239,500,000","1,224,500,000","1,056,300,000","962,100,000","1,014,100,000","963,700,000","905,800,000","892,400,000","962,200,000","985,000,000","923,600,000","884,800,000","927,900,000","915,400,000","839,200,000","873,300,000","914,600,000","915,000,000","889,900,000","931,100,000","952,900,000","942,300,000","845,800,000","849,700,000","946,300,000","889,400,000","889,400,000"
CostOfRevenue,"5,398,000,000","1,388,000,000","1,350,000,000","1,307,000,000","1,354,000,000","1,256,000,000","1,232,000,000","1,339,000,000","1,255,000,000","1,293,000,000","1,352,000,000","1,371,000,000","1,420,000,000","1,340,000,000","1,341,000,000","1,410,000,000","1,426,000,000","1,417,000,000","1,593,000,000","1,438,000,000","1,405,000,000","1,300,000,000","1,427,000,000","1,376,000,000","1,418,000,000","1,269,000,000","1,334,000,000","1,290,000,000","1,269,000,000","1,153,000,000","1,366,000,000","1,408,000,000","1,439,000,000","1,318,000,000","1,470,000,000","1,432,000,000","1,412,000,000","1,322,000,000","1,470,000,000","1,405,000,000","1,390,000,000","1,361,000,000","1,514,000,000","1,475,000,000","1,604,000,000","1,386,000,000","1,333,200,000","1,329,000,000","1,314,000,000","1,271,700,000","1,534,900,000","1,425,900,000","1,399,600,000","1,222,200,000","1,417,700,000","1,601,300,000","1,685,400,000","1,503,700,000","1,536,400,000","1,511,200,000","1,567,600,000","1,500,500,000","1,558,200,000","1,555,200,000","1,585,600,000","1,385,000,000","1,482,600,000","1,473,500,000","1,474,900,000","1,288,500,000","1,375,100,000","1,390,000,000","1,393,900,000","1,260,100,000","1,248,800,000","1,257,600,000","1,270,700,000","1,140,100,000","601,000,000","1,144,600,000","1,153,100,000","1,019,800,000","1,070,500,000","1,036,900,000","1,083,300,000","1,027,700,000","948,600,000","988,300,000","1,025,700,000","967,200,000","978,700,000","1,112,200,000","936,700,000","916,000,000","954,500,000","972,500,000","913,600,000","815,800,000","838,400,000","874,500,000","831,900,000","762,900,000","754,100,000","734,400,000","686,200,000","657,900,000","662,600,000","687,500,000","691,900,000","668,400,000","655,800,000","665,300,000","656,100,000","613,500,000","640,900,000","670,800,000","659,800,000","647,200,000","720,000,000","744,600,000","675,300,000","614,400,000",,,,
GrossProfit,"1,151,000,000","304,000,000","237,000,000","302,000,000","306,000,000","244,000,000","264,000,000","277,000,000","163,000,000","268,000,000","276,000,000","299,000,000","336,000,000","298,000,000","294,000,000","324,000,000","346,000,000","319,000,000","119,000,000","353,000,000","346,000,000","315,000,000","215,000,000","336,000,000","342,000,000","319,000,000","292,000,000","276,000,000","274,000,000","268,000,000","237,000,000","337,000,000","358,000,000","321,000,000","291,000,000","352,000,000","369,000,000","319,000,000","278,000,000","342,000,000","376,000,000","378,000,000","304,000,000","387,000,000","355,000,000","333,000,000","265,200,000","360,000,000","396,900,000","310,800,000","331,000,000","448,700,000","407,400,000","296,800,000","287,300,000","407,300,000","525,200,000","456,800,000","457,600,000","455,900,000","449,500,000","377,000,000","353,400,000","378,000,000","380,000,000","307,200,000","300,400,000","352,000,000","397,900,000","419,900,000","403,400,000","348,000,000","368,100,000","307,100,000","307,200,000","330,900,000","333,400,000","271,800,000","797,200,000","356,000,000","369,900,000","318,500,000","301,200,000","346,900,000","810,000,000","336,800,000","378,400,000","442,000,000","423,500,000","378,400,000","387,900,000","314,000,000","486,400,000","391,000,000","414,700,000","481,100,000","471,400,000","282,700,000","299,800,000","365,000,000","392,600,000","293,400,000","208,000,000","279,700,000","277,500,000","247,900,000","229,800,000","274,700,000","293,100,000","255,200,000","229,000,000","262,600,000","259,300,000","225,700,000","232,400,000","243,800,000","255,200,000","242,700,000","211,100,000","208,300,000","267,000,000","231,400,000",,,,
OperatingExpense,"499,000,000","150,000,000","139,000,000","136,000,000","75,000,000","283,000,000","135,000,000","119,000,000","115,000,000","142,000,000","128,000,000","135,000,000","144,000,000","141,000,000","157,000,000","132,000,000","143,000,000","142,000,000","164,000,000","146,000,000","149,000,000","144,000,000","184,000,000","137,000,000","142,000,000","144,000,000","143,000,000","124,000,000","134,000,000","139,000,000","226,000,000","133,000,000","148,000,000","148,000,000","158,000,000","130,000,000","140,000,000","140,000,000","145,000,000","144,000,000","156,000,000","155,000,000","149,000,000","156,000,000","164,000,000","158,000,000","138,700,000","138,000,000","140,800,000","134,900,000","153,800,000","142,500,000","136,500,000","132,400,000","148,100,000","137,900,000","148,700,000","143,800,000","151,600,000","145,800,000","147,100,000","153,900,000","176,200,000","156,000,000","150,900,000","145,500,000","1,282,700,000","137,800,000","134,700,000","140,400,000","830,200,000","111,100,000","106,600,000","110,200,000","-6,370,600,000","109,100,000","102,200,000","103,700,000","608,000,000","98,200,000","102,800,000","99,400,000","391,600,000","87,100,000","119,600,000","95,400,000","1,215,100,000","230,200,000","218,900,000","226,400,000","435,100,000","92,300,000","286,600,000","212,900,000","706,700,000","223,800,000","235,100,000","160,100,000","202,800,000","184,100,000","195,800,000","183,000,000","132,600,000","131,500,000","121,800,000","131,000,000","120,400,000","117,500,000","117,300,000","125,500,000","124,600,000","119,000,000","116,200,000","121,900,000","733,800,000","110,200,000","108,400,000","123,900,000","158,100,000","58,600,000","122,100,000","126,700,000",,,,
	SellingGeneralAndAdministration,"450,000,000","119,000,000","108,000,000","108,000,000","116,000,000","102,000,000","95,000,000","95,000,000","97,000,000","116,000,000","100,000,000","108,000,000","116,000,000","115,000,000","116,000,000","115,000,000","126,000,000","126,000,000","140,000,000","120,000,000","123,000,000","119,000,000","128,000,000","121,000,000","126,000,000","129,000,000","125,000,000","109,000,000","118,000,000","124,000,000","141,000,000","118,000,000","131,000,000","133,000,000","129,000,000","119,000,000","129,000,000","129,000,000","145,000,000","131,000,000","139,000,000","140,000,000","130,000,000","138,000,000","146,000,000","142,000,000","120,000,000","124,000,000","125,600,000","121,000,000","137,300,000","128,200,000","122,400,000","118,500,000","132,500,000","120,800,000","130,800,000","127,800,000","132,300,000","130,500,000","130,600,000","135,400,000","163,700,000","137,200,000","134,600,000","129,300,000","136,600,000","131,200,000","119,000,000","134,200,000","149,600,000","105,900,000","94,900,000","99,900,000","137,200,000","88,900,000","89,800,000","93,800,000","626,000,000","76,600,000","83,900,000","80,800,000","403,400,000","69,200,000","101,500,000","78,400,000","1,099,400,000","73,600,000","65,600,000","75,300,000","290,900,000","81,400,000","144,800,000","66,600,000","598,800,000","72,400,000","108,200,000","62,400,000","104,500,000","89,300,000","91,100,000","93,200,000","49,000,000","47,600,000","41,300,000","50,700,000","54,800,000","43,300,000","42,100,000","47,600,000","51,900,000","46,200,000","46,900,000","48,500,000","678,700,000","53,800,000","53,500,000","58,000,000","76,000,000","58,600,000","65,800,000","69,200,000",,,,
	ResearchAndDevelopment,"87,000,000","23,000,000","25,000,000","19,000,000","19,000,000","18,000,000","30,000,000","16,000,000","13,000,000","16,000,000","18,000,000","16,000,000","18,000,000","16,000,000","20,000,000","17,000,000","17,000,000","16,000,000","14,000,000","15,000,000","16,000,000","15,000,000","17,000,000","16,000,000","16,000,000","15,000,000","18,000,000","15,000,000","16,000,000","15,000,000","16,000,000","15,000,000","17,000,000","15,000,000","17,000,000","15,000,000","15,000,000","15,000,000","17,000,000","13,000,000","17,000,000","15,000,000","19,000,000","18,000,000","18,000,000","16,000,000","18,700,000","14,000,000","15,200,000","13,900,000","16,500,000","14,300,000","14,100,000","13,900,000","15,600,000","17,100,000","17,900,000","16,000,000","19,300,000","15,300,000","16,500,000","18,500,000","12,500,000","18,800,000","16,300,000","16,200,000","10,800,000","6,600,000","15,700,000","6,200,000","7,200,000","5,200,000","11,700,000","10,300,000","-12,700,000","20,200,000","12,400,000","9,900,000","-18,000,000","21,600,000","18,900,000","18,600,000","-11,800,000","17,900,000","18,100,000","17,000,000","-14,900,000","18,500,000","13,100,000","10,500,000","6,900,000","10,900,000","10,100,000","9,600,000","-14,800,000","18,200,000","8,900,000","7,700,000","6,300,000","7,900,000","6,900,000","7,800,000","14,400,000","14,000,000","13,700,000","14,600,000","12,500,000","13,800,000","14,100,000","14,400,000","13,600,000","16,000,000","12,200,000","12,800,000",,,,,,,,,,,,
	DepreciationAmortizationDepletionIncomeStatement,"33,000,000","8,000,000","8,000,000","9,000,000","9,000,000","9,000,000","10,000,000","8,000,000","5,000,000","10,000,000","10,000,000","11,000,000","10,000,000","10,000,000",,,,,"10,000,000","11,000,000","10,000,000","10,000,000",,,,,,,,,,,,,,,,,,,,,,,,,,,,,,,,,,,,,,,,,,,,,,,,,,,,,,,,,,,,,,,,,"130,600,000","138,100,000","140,200,000","140,600,000","137,300,000",,"131,700,000","136,700,000","122,700,000","133,200,000","118,000,000","90,000,000","92,000,000","86,900,000","97,800,000","82,000,000","69,200,000","69,900,000","66,800,000","65,700,000","53,100,000","60,400,000","61,100,000","63,500,000","59,100,000","56,800,000","57,100,000","60,600,000","55,100,000","56,400,000","54,900,000","65,900,000","82,100,000",,"56,300,000","57,500,000",,,,
		DepreciationAndAmortizationInIncomeStatement,"33,000,000","8,000,000","8,000,000","9,000,000","9,000,000","9,000,000","10,000,000","8,000,000","5,000,000","10,000,000","10,000,000","11,000,000","10,000,000","10,000,000",,,,,"10,000,000","11,000,000","10,000,000","10,000,000",,,,,,,,,,,,,,,,,,,,,,,,,,,,,,,,,,,,,,,,,,,,,,,,,,,,,,,,,,,,,,,,,"130,600,000","138,100,000","140,200,000","140,600,000","137,300,000",,"131,700,000","136,700,000","122,700,000","133,200,000","118,000,000","90,000,000","92,000,000","86,900,000","97,800,000","82,000,000","69,200,000","69,900,000","66,800,000","65,700,000","53,100,000","60,400,000","61,100,000","63,500,000","59,100,000","56,800,000","57,100,000","60,600,000","55,100,000","56,400,000","54,900,000","65,900,000","82,100,000",,"56,300,000","57,500,000",,,,
			Amortization,"33,000,000","8,000,000","8,000,000","9,000,000","9,000,000","9,000,000","10,000,000","8,000,000","5,000,000","10,000,000","10,000,000","11,000,000","10,000,000","10,000,000",,,,,"10,000,000","11,000,000","10,000,000","10,000,000",,,,,,,,,,,,,,,,,,,,,,,,,,,,,,,,,,,,,,,,,,,,,,,,,,,,,,,,,,,,,,,,,,,,,,,,,,,,,,,,,,,,,,,,,,,,,,,,,,,,,,,,
				AmortizationOfIntangiblesIncomeStatement,"33,000,000","8,000,000","8,000,000","9,000,000","9,000,000","9,000,000","10,000,000","8,000,000","5,000,000","10,000,000","10,000,000","11,000,000","10,000,000","10,000,000",,,,,"10,000,000","11,000,000","10,000,000","10,000,000",,,,,,,,,,,,,,,,,,,,,,,,,,,,,,,,,,,,,,,,,,,,,,,,,,,,,,,,,,,,,,,,,,,,,,,,,,,,,,,,,,,,,,,,,,,,,,,,,,,,,,,,
	OtherTaxes,,,"-2,000,000",,"-69,000,000",,,,,,,"0",,,,,,,,,,,,,,,,,,,,,,,,,,,,,,,,,,,,,,,,,,,,,,,,,,,,,,,,,,,,,,,,,,,,,,,,,,,,,,,,,,,,,,,,,,,,,,,,,,,,,,,,,,,,,,,,,,
	OtherOperatingExpenses,,,"0",,,"154,000,000",,,,,,,,,,,,,,,,,,,,,,,,,,,,,,"-4,000,000","-4,000,000","-4,000,000","-4,000,000",,,,,,,,,,,,,,,,,,,,,,,,,,,,,,,,,,,,,,,,,,,,,,,,,,,,,,,,,,,,,,,,,,,,,,,,,,,,,,,,,,,,,,,
OperatingIncome,"652,000,000","154,000,000","98,000,000","166,000,000","231,000,000","-39,000,000","129,000,000","158,000,000","48,000,000","126,000,000","148,000,000","164,000,000","192,000,000","157,000,000","137,000,000","192,000,000","203,000,000","177,000,000","-45,000,000","207,000,000","197,000,000","171,000,000","31,000,000","199,000,000","200,000,000","175,000,000","149,000,000","152,000,000","140,000,000","129,000,000","11,000,000","204,000,000","210,000,000","173,000,000","133,000,000","222,000,000","229,000,000","179,000,000","133,000,000","198,000,000","220,000,000","223,000,000","155,000,000","231,000,000","191,000,000","175,000,000","126,500,000","222,000,000","256,100,000","175,900,000","177,200,000","306,200,000","270,900,000","164,400,000","139,200,000","269,400,000","376,500,000","313,000,000","306,000,000","310,100,000","302,400,000","223,100,000","177,200,000","222,000,000","229,100,000","161,700,000","-982,300,000","214,200,000","263,200,000","279,500,000","-426,800,000","236,900,000","261,500,000","196,900,000","6,677,800,000","221,800,000","231,200,000","168,100,000","189,200,000","257,800,000","267,100,000","219,100,000","-90,400,000","259,800,000","690,400,000","241,400,000","-836,700,000","211,800,000","204,600,000","152,000,000","-47,200,000","221,700,000","199,800,000","178,100,000","-292,000,000","257,300,000","236,300,000","122,600,000","97,000,000","180,900,000","196,800,000","110,400,000","75,400,000","148,200,000","155,700,000","116,900,000","109,400,000","157,200,000","175,800,000","129,700,000","104,400,000","143,600,000","143,100,000","103,800,000","-501,400,000","133,600,000","146,800,000","118,800,000","53,000,000","149,700,000","144,900,000","104,700,000","-2,190,500,000","946,300,000","889,400,000","889,400,000"
NetNonOperatingInterestIncomeExpense,"-231,000,000","-66,000,000","-63,000,000","-50,000,000","-52,000,000","-51,000,000","-53,000,000","-61,000,000","-98,000,000","-53,000,000","-96,000,000","-83,000,000","-68,000,000","-65,000,000","-62,000,000","-63,000,000","-74,000,000","-62,000,000","-64,000,000","-63,000,000","-62,000,000","-78,000,000","-73,000,000","-66,000,000","-67,000,000","-66,000,000","-63,000,000","-67,000,000","-74,000,000","-47,000,000","-69,000,000","-53,000,000","-54,000,000","-54,000,000","-51,000,000","-54,000,000","-56,000,000","-68,000,000","-59,000,000","-59,000,000","-60,000,000","-61,000,000","-65,000,000","-68,000,000","-97,000,000","-73,000,000","-70,100,000","-59,000,000","-56,200,000","-51,200,000","-49,600,000","-52,500,000","-51,400,000","-39,600,000",,,,,,,,,,,,,,,,,,,,,,,,,,,,,,,,,,,,,,,,,,,,,,,,,,,,,,,,,,,,,,,,,,,,,,,,
	InterestIncomeNonOperating,,,,,,,,,,,,,,,,,,,,,,,,,,,,,,,,,,,"4,000,000","2,000,000","1,000,000","3,000,000","2,000,000","2,000,000","2,000,000","3,000,000","3,000,000","2,000,000","3,000,000","3,000,000","2,300,000","2,000,000","3,800,000","4,400,000","7,500,000","6,100,000","6,500,000","8,500,000",,,,,,,,,,,,,,,,,,,,,,,,,,,,,,,,,,,,,,,,,,,,,,,,,,,,,,,,,,,,,,,,,,,,,,,,
	InterestExpenseNonOperating,"231,000,000","66,000,000","63,000,000","50,000,000","52,000,000","51,000,000","53,000,000","61,000,000","98,000,000","53,000,000","96,000,000","83,000,000","68,000,000","65,000,000","62,000,000","63,000,000","74,000,000","62,000,000","64,000,000","63,000,000","62,000,000","78,000,000","73,000,000","66,000,000","67,000,000","66,000,000","63,000,000","67,000,000","74,000,000","47,000,000","69,000,000","53,000,000","54,000,000","54,000,000","55,000,000","56,000,000","57,000,000","71,000,000","61,000,000","61,000,000","62,000,000","64,000,000","68,000,000","70,000,000","100,000,000","76,000,000","72,400,000","61,000,000","60,000,000","55,600,000","57,100,000","58,600,000","57,900,000","48,100,000",,,,,,,,,,,,,,,,,,,,,,,,,,,,,,,,,,,,,,,,,,,,,,,,,,,,,,,,,,,,,,,,,,,,,,,,
	TotalOtherFinanceCost,,,,,,,,,,,"96,000,000","83,000,000","68,000,000","65,000,000","62,000,000","63,000,000","74,000,000","62,000,000","64,000,000","63,000,000","62,000,000","78,000,000","73,000,000","66,000,000","67,000,000","66,000,000","63,000,000","67,000,000","74,000,000","47,000,000","69,000,000","53,000,000","54,000,000","54,000,000",,,,,,,,,,,,,,,,,,,,,,,,,,,,,,,,,,,,,,,,,,,,,,,,,,,,,,,,,,,,,,,,,,,,,,,,,,,,,,,,,,,,,,,,,,,,
OtherIncomeExpense,"146,000,000","82,000,000","37,000,000","11,000,000","19,000,000","25,000,000","-62,000,000","279,000,000","-69,000,000","8,000,000","13,000,000","-617,000,000","-26,000,000","19,000,000","-179,000,000","39,000,000","-51,000,000","20,000,000","-12,000,000","28,000,000","17,000,000","-20,000,000","3,000,000","20,000,000","8,000,000","-8,000,000","-247,000,000","-27,000,000","-4,000,000","18,000,000","-128,000,000","-60,000,000","23,000,000","15,000,000","-219,000,000","10,000,000","4,000,000","6,000,000","-222,000,000","-12,000,000","19,000,000","8,000,000","-859,000,000","-15,000,000","16,000,000","3,000,000","-178,600,000","25,000,000","9,700,000","3,900,000","-297,100,000","-60,900,000","-7,500,000","-34,800,000","-251,600,000","-74,700,000","3,300,000","-2,300,000","-144,000,000","-60,400,000","-3,500,000","-3,400,000","-90,300,000","-19,600,000","6,300,000","9,400,000","-619,400,000","800,000","10,000,000","40,900,000","-154,500,000","4,800,000","20,200,000","6,600,000","-1,301,900,000","-62,600,000","-25,100,000","15,100,000","75,800,000","7,600,000","1,900,000","-484,000,000","248,100,000","-19,900,000","356,100,000","-400,000","1,001,600,000","-790,100,000","61,700,000","57,700,000","189,900,000","7,400,000","92,500,000","46,300,000","131,100,000","26,700,000","47,300,000","59,700,000","37,000,000","39,800,000","33,200,000","59,900,000","38,600,000","28,900,000","32,000,000","31,000,000","3,900,000","14,600,000","9,400,000","9,600,000","-99,100,000","14,900,000","19,200,000","19,600,000","66,100,000","20,500,000","11,900,000","6,700,000","10,700,000","16,600,000","21,400,000","37,900,000",,,,
	GainOnSaleOfSecurity,,,"0","-1,000,000",,"-2,000,000","-1,000,000","-1,000,000","-1,000,000",,"1,000,000","-3,000,000",,"-3,000,000",,,,,"-2,000,000","-3,000,000","1,000,000","1,000,000",,,,,"0","2,000,000","3,000,000",,,,,,,,,,,,,,,,,,,,,,,,,,,,,,,,,,,,,,,,,,,,,,,,,,,,,,,,,,,,,,,,,,,,,,,,,,,,,,,,,,,,,,,,,,,,,,,,,
	EarningsFromEquityInterest,"95,000,000","23,000,000","26,000,000","23,000,000","22,000,000","18,000,000","-12,000,000","21,000,000","13,000,000","15,000,000","23,000,000","17,000,000","19,000,000","19,000,000","20,000,000","19,000,000","21,000,000","17,000,000","22,000,000","22,000,000","18,000,000","15,000,000","16,000,000","15,000,000","15,000,000","14,000,000","14,000,000","17,000,000","14,000,000","15,000,000","16,000,000","13,000,000","19,000,000","16,000,000","18,000,000","16,000,000","16,000,000","17,000,000","17,000,000","16,000,000","18,000,000","13,000,000","14,000,000","19,000,000","19,000,000","14,000,000","13,500,000","20,000,000","13,600,000","12,500,000","13,000,000","11,900,000","14,100,000","13,600,000","14,100,000","12,900,000","12,700,000","11,100,000","11,800,000","8,400,000","8,800,000","4,800,000","4,500,000","7,500,000","8,200,000","5,500,000","4,700,000","6,600,000","7,000,000","4,300,000","5,600,000","7,500,000","9,100,000","5,600,000","6,900,000","6,600,000","7,800,000","5,800,000","7,200,000","7,600,000","6,200,000",,"5,700,000","4,800,000","5,300,000","3,600,000",,,,,,,,,,,,,,,,,,,,,,,,,,,,,,,,,,,,,,,,
	SpecialIncomeCharges,,"55,000,000","70,000,000","-12,000,000","-9,000,000",,"-32,000,000","268,000,000","-75,000,000","-14,000,000","-1,000,000","-626,000,000","-38,000,000",,,,,,"-28,000,000",,"-10,000,000","-39,000,000",,,,,"-257,000,000","-48,000,000","-28,000,000",,,,,,,,,,,"-28,000,000","1,000,000","-5,000,000","-873,000,000","-34,000,000","-3,000,000","-11,000,000","-192,100,000","5,000,000","-3,900,000","-8,600,000","-310,100,000","-72,800,000","-21,600,000","-48,400,000","-265,700,000","-87,600,000","-9,400,000","-13,400,000","-155,800,000","-68,800,000","-12,300,000","-8,200,000","-94,800,000","-27,100,000","-1,900,000","3,900,000","-624,100,000","-5,800,000","3,000,000","36,600,000","-160,100,000","-2,700,000","11,100,000","1,000,000","-1,308,800,000","-69,200,000","-32,900,000","9,300,000",,,"-4,300,000","-484,000,000","242,400,000","-24,700,000","350,800,000","-4,000,000","1,001,600,000","-790,100,000","61,700,000","57,700,000","189,900,000","7,400,000","92,500,000","46,300,000","131,100,000","26,700,000","47,300,000","59,700,000","37,000,000","39,800,000","33,200,000","59,900,000","38,600,000","28,900,000","32,000,000","31,000,000","3,900,000","14,600,000","9,400,000","9,600,000","-99,100,000","14,900,000","19,200,000","19,600,000","66,100,000","20,500,000","11,900,000","6,700,000","10,700,000","16,600,000","21,400,000","37,900,000",,,,
		RestructuringAndMergernAcquisition,,,"14,000,000","12,000,000","9,000,000",,"27,000,000","12,000,000","75,000,000",,"86,000,000","31,000,000","38,000,000",,,,,,"28,000,000",,"10,000,000","39,000,000",,,,,"257,000,000","48,000,000","28,000,000",,,,,,,,,,,,,,,,,,,,,,,,,,,,,,,,,,,,,,,,,,,,,,,,,,,,,,,,,,,,,,,,,,,,,,,,,,,,,,,,,,,,,,,,,,,,,,,,,
		ImpairmentOfCapitalAssets,,,,,,,,,,,"0","595,000,000",,,,,,,,,,,,,,,,,,,,,,,,,,,,,,,,,,,,,,,,,,,,,,,,,,,,,,,,,,,,,,,,,,,,,,,,,,,,,,,,,,,,,,,,,,,,,,,,,,,,,,,,,,,,,,,,,,
		OtherSpecialCharges,,,,,,,,,,,,,,,,,,,,,,,,,,,,,,,,,,,,,,,,"28,000,000","-1,000,000","5,000,000","873,000,000","34,000,000","3,000,000","11,000,000",,"-5,000,000",,,,,,,,,,,,,,,,,,,,,,,,,,,,,,,,,,,,,,,,,,,,,,,,,,,,,,,,,,,,,,,,,,,,,,,,,,,,,,
		GainOnSaleOfBusiness,,"55,000,000","84,000,000","0",,,"-5,000,000","280,000,000",,"-14,000,000",,,,,,,,,,,,,,,,,,,,,,,,,,,,,,,,,,,,,,,,,,,,,,,,,,,,,,,,,,,,,,,,,,,,,,,,,,,,,,,,,,,,,,,,,,,,,,,,,,,,,,,,,,,,,,,,,,,,
	OtherNonOperatingIncomeExpenses,"-52,000,000","4,000,000","-59,000,000","1,000,000","6,000,000","9,000,000","-17,000,000","-9,000,000","-6,000,000","7,000,000","-10,000,000","-5,000,000","-7,000,000","3,000,000","29,000,000","20,000,000","-72,000,000","3,000,000","-4,000,000","9,000,000","8,000,000","3,000,000","51,000,000","5,000,000","-7,000,000","-22,000,000","-4,000,000","2,000,000","7,000,000","3,000,000","57,000,000","-73,000,000","4,000,000","-1,000,000","-237,000,000","-6,000,000","-12,000,000","-11,000,000","-226,000,000",,,,,,,,,,,,,,,,,,,,,,,,,,,,,,,,,,,,,,,,,,,,,,,,,,,,,,,,,,,,,,,,,,,,,,,,,,,,,,,,,,,,,,,
PretaxIncome,"567,000,000","170,000,000","72,000,000","127,000,000","198,000,000","-65,000,000","14,000,000","376,000,000","-119,000,000","81,000,000","65,000,000","-536,000,000","98,000,000","111,000,000","-104,000,000","168,000,000","78,000,000","135,000,000","-121,000,000","172,000,000","152,000,000","73,000,000","-39,000,000","153,000,000","141,000,000","101,000,000","-161,000,000","58,000,000","62,000,000","100,000,000","-186,000,000","91,000,000","179,000,000","134,000,000","-137,000,000","178,000,000","177,000,000","117,000,000","-148,000,000","127,000,000","179,000,000","170,000,000","-769,000,000","148,000,000","110,000,000","105,000,000","-122,200,000","188,000,000","209,600,000","128,600,000","-169,500,000","192,800,000","212,000,000","90,000,000","-156,100,000","138,800,000","320,600,000","255,100,000","54,200,000","140,400,000","206,600,000","103,100,000","-71,500,000","67,700,000","89,700,000","56,700,000","-608,500,000","88,900,000","140,000,000","161,000,000","-85,000,000","104,200,000","123,400,000","78,300,000","-1,262,900,000","42,400,000","43,700,000","54,500,000","81,500,000","150,900,000","150,000,000","-365,800,000","500,000","123,600,000","442,000,000","81,000,000","35,000,000","-696,600,000","148,800,000","99,200,000","59,300,000","126,700,000","183,100,000","115,500,000","-274,300,000","176,900,000","177,000,000","109,200,000","61,900,000","143,300,000","137,700,000","78,000,000","29,900,000","94,700,000","105,900,000","65,500,000","26,000,000","86,000,000","98,500,000","59,400,000","-74,800,000","81,800,000","88,100,000","52,100,000","-513,300,000","76,900,000","80,800,000","40,100,000","-25,600,000","73,500,000","74,700,000","50,700,000",,,,
TaxProvision,"189,000,000","48,000,000","23,000,000","43,000,000","75,000,000","26,000,000","39,000,000","41,000,000","-18,000,000","26,000,000","32,000,000","31,000,000","27,000,000","27,000,000","13,000,000","41,000,000","22,000,000","32,000,000","5,000,000","37,000,000","9,000,000","20,000,000","26,000,000","36,000,000","30,000,000","27,000,000","33,000,000","33,000,000","15,000,000","25,000,000","3,000,000","23,000,000","39,000,000","27,000,000","10,000,000","40,000,000","37,000,000","33,000,000","-5,000,000","28,000,000","41,000,000","44,000,000","0","25,000,000","32,000,000","28,000,000","-17,200,000","53,000,000","54,700,000","34,200,000","-17,000,000","63,800,000","49,500,000","31,200,000","53,700,000","42,200,000","75,900,000","64,900,000","24,300,000","46,700,000","38,200,000","38,400,000","19,600,000","46,400,000","37,200,000","23,300,000","262,500,000","22,700,000","45,500,000","36,400,000","-76,800,000","29,800,000","33,800,000","23,400,000","-175,100,000","5,500,000","26,700,000","17,200,000","18,400,000","47,700,000","47,300,000","-131,700,000","18,500,000","47,600,000","193,100,000","27,200,000","2,700,000","-247,400,000","60,300,000","40,500,000","17,900,000","49,200,000","72,200,000","46,200,000","-87,400,000","63,300,000","62,000,000","28,800,000","22,800,000","51,500,000","50,800,000","23,400,000","7,000,000","32,700,000","39,300,000","25,900,000","5,300,000","29,900,000","39,500,000","26,100,000","-27,200,000","35,400,000","36,700,000","24,000,000","-199,800,000","34,000,000","33,700,000","18,300,000","-19,200,000","34,900,000","35,000,000","25,900,000",,,,
NetIncomeCommonStockholders,"334,000,000","88,000,000","43,000,000","85,000,000","118,000,000","-97,000,000","-29,000,000","328,000,000","-101,000,000","50,000,000","30,000,000","-575,000,000","65,000,000","79,000,000","-10,000,000","120,000,000","50,000,000","98,000,000","-134,000,000","126,000,000","140,000,000","49,000,000","-71,000,000","108,000,000","105,000,000","67,000,000","-202,000,000","17,000,000","40,000,000","71,000,000","-200,000,000","60,000,000","114,000,000","101,000,000","-147,000,000","130,000,000","132,000,000","69,000,000","-160,000,000","90,000,000","133,000,000","121,000,000","-771,000,000","116,000,000","73,000,000","72,000,000","-412,100,000","139,000,000","141,100,000","85,300,000","-159,300,000","126,700,000","149,300,000","45,100,000","-229,700,000","78,600,000","231,300,000","172,700,000","-24,200,000","1,151,100,000","144,300,000","47,800,000","-108,200,000","3,000,000","37,200,000","18,900,000","-887,300,000","114,200,000","80,800,000","112,100,000","30,100,000","63,600,000","76,600,000","43,600,000","-1,076,500,000","23,500,000","17,000,000","29,000,000","44,900,000","92,500,000","96,900,000","-705,300,000","-5,200,000","69,400,000","243,500,000","48,900,000","32,300,000","-449,200,000","88,500,000","58,700,000","40,600,000","77,500,000","110,900,000","69,300,000","-186,900,000","113,600,000","100,900,000","80,400,000","35,500,000","75,400,000","2,400,000","54,600,000","22,900,000","62,000,000","66,600,000","39,600,000","20,700,000","56,100,000","59,000,000","33,300,000","-47,600,000","46,400,000","51,400,000","28,100,000","-317,800,000","41,900,000","259,000,000","21,800,000","-235,100,000","3,700,000","52,500,000","44,700,000",,,,
	NetIncome,"334,000,000","88,000,000","43,000,000","85,000,000","118,000,000","-97,000,000","-29,000,000","328,000,000","-101,000,000","50,000,000","30,000,000","-575,000,000","65,000,000","79,000,000","-10,000,000","120,000,000","50,000,000","98,000,000","-134,000,000","126,000,000","140,000,000","49,000,000","-71,000,000","108,000,000","105,000,000","67,000,000","-202,000,000","17,000,000","40,000,000","71,000,000","-200,000,000","60,000,000","114,000,000","101,000,000","-147,000,000","130,000,000","132,000,000","69,000,000","-160,000,000","90,000,000","133,000,000","121,000,000","-771,000,000","116,000,000","73,000,000","72,000,000","-412,100,000","139,000,000","141,100,000","85,300,000","-159,300,000","126,700,000","149,300,000","45,100,000","-229,700,000","78,600,000","231,300,000","178,100,000","-18,800,000","1,156,500,000","149,700,000","53,200,000","-102,800,000","8,400,000","42,600,000","24,300,000","-881,900,000","119,600,000","86,200,000","117,500,000","35,500,000","69,000,000","82,000,000","49,000,000","-1,071,100,000","28,900,000","17,000,000","34,400,000","50,300,000","97,900,000","96,900,000","-705,300,000","-5,200,000","69,400,000","243,500,000","48,900,000","32,300,000","-449,200,000","88,500,000","58,700,000","40,600,000","77,500,000","110,900,000","69,300,000","-186,900,000","113,600,000","100,900,000","80,400,000","35,500,000","75,400,000","2,400,000","54,600,000","22,900,000","62,000,000","66,600,000","39,600,000","20,700,000","56,100,000","59,000,000","33,300,000","-47,600,000","46,400,000","51,400,000","28,100,000","-317,800,000","41,900,000","259,000,000","21,800,000","-235,100,000","3,700,000","52,500,000","44,700,000",,,,
		NetIncomeIncludingNoncontrollingInterests,"385,000,000","122,000,000","49,000,000","91,000,000","123,000,000","-91,000,000","-25,000,000","335,000,000","-101,000,000","55,000,000","31,000,000","-567,000,000","70,000,000","84,000,000","-3,000,000","127,000,000","56,000,000","103,000,000","-127,000,000","133,000,000","143,000,000","53,000,000","-66,000,000","114,000,000","109,000,000","73,000,000","-195,000,000","24,000,000","45,000,000","75,000,000","-190,000,000","67,000,000","120,000,000","106,000,000","-150,000,000","136,000,000","137,000,000","74,000,000","-141,000,000","97,000,000","137,000,000","125,000,000","-766,000,000","120,000,000","80,000,000","76,000,000","-405,000,000","151,000,000","154,900,000","94,400,000","-152,500,000","129,000,000","162,500,000","58,800,000","-210,900,000","96,600,000","248,500,000","194,300,000","-3,500,000","1,174,600,000","164,300,000","64,700,000","-91,100,000","21,300,000","52,500,000","33,400,000","-871,000,000","129,200,000","94,500,000","124,600,000","46,200,000","77,700,000","89,600,000","54,900,000","-1,062,000,000","36,900,000","22,800,000","37,300,000","60,200,000","103,200,000","102,700,000","-700,800,000","2,100,000","76,000,000","244,800,000","53,800,000","45,400,000","-446,700,000","92,800,000","60,800,000","41,700,000","80,500,000","116,300,000","73,000,000","-185,700,000","117,200,000","108,400,000","88,300,000","42,000,000","83,000,000","13,300,000","61,000,000","29,400,000","67,700,000","73,600,000","48,500,000","34,900,000","64,900,000","69,300,000","40,100,000","-37,800,000","52,200,000","56,200,000","31,800,000","-311,500,000","46,400,000","264,300,000","25,100,000","-229,400,000","7,300,000","55,000,000","47,500,000","17,800,000","-140,800,000","2,300,000","2,400,000"
			NetIncomeContinuousOperations,"378,000,000","122,000,000","49,000,000","84,000,000","123,000,000","-91,000,000","-25,000,000","335,000,000","-101,000,000","55,000,000","33,000,000","-567,000,000","71,000,000","84,000,000","-117,000,000","127,000,000","56,000,000","103,000,000","-126,000,000","135,000,000","143,000,000","53,000,000","-65,000,000","117,000,000","111,000,000","74,000,000","-194,000,000","25,000,000","47,000,000","75,000,000","-189,000,000","68,000,000","140,000,000","107,000,000","-147,000,000","138,000,000","140,000,000","84,000,000","-143,000,000","99,000,000","138,000,000","126,000,000","-769,000,000","123,000,000","78,000,000","77,000,000","-105,000,000","135,000,000","154,900,000","94,400,000","-152,500,000","129,000,000","162,500,000","58,800,000","-228,600,000","78,600,000","227,500,000","174,000,000","14,600,000","75,600,000","153,800,000","53,200,000","-102,800,000","8,400,000","42,600,000","24,300,000","-881,900,000","56,600,000","86,200,000","117,500,000","-18,900,000","65,700,000","82,000,000","49,000,000","-1,071,100,000","28,900,000","17,000,000","34,400,000","53,200,000","97,900,000","96,900,000","-238,600,000","-5,200,000","69,400,000","247,600,000","48,900,000","32,300,000","-449,200,000","88,500,000","58,700,000","41,400,000","77,500,000","110,900,000","69,300,000","-186,900,000","113,600,000","115,000,000","80,400,000","39,100,000","91,800,000","86,900,000","54,600,000","22,900,000","62,000,000","66,600,000","39,600,000","20,700,000","56,100,000","59,000,000","33,300,000","-47,600,000","46,400,000","51,400,000","28,100,000","-313,500,000","42,900,000","47,100,000","21,800,000","-6,400,000","38,600,000","39,700,000","24,800,000","-30,900,000","18,300,000","1,300,000","1,300,000"
			NetIncomeDiscontinuousOperations,,,"0","7,000,000",,,,,,,"-2,000,000",,"-1,000,000",,"114,000,000",,,,"-1,000,000","-2,000,000",,,"-1,000,000","-3,000,000","-2,000,000","-1,000,000","-1,000,000","-1,000,000","-2,000,000",,"-1,000,000","-1,000,000","-20,000,000","-1,000,000","-3,000,000","-2,000,000","-3,000,000","-10,000,000","2,000,000","-2,000,000","-1,000,000","-1,000,000","3,000,000","-3,000,000","2,000,000","-1,000,000",,"16,000,000",,,"0","0","0","0","-1,100,000",,"3,800,000","4,100,000","-33,400,000","1,080,900,000","-4,100,000",,,,,,"0","63,000,000",,,"54,400,000","3,300,000",,,,,,,,,,,,,,,,,,,,,,,,,,,,,,,,,,,,,,,,,,,"0",,"219,300,000",,,,,,"36,900,000","-159,100,000","1,000,000","1,100,000"
			NetIncomeExtraordinary,,,,,,,,,,,,,,,,,,,,,,,,,,,,,,,,,,,,,,,,,,,,,,,,,,,,,,,,,,,,,,,,,,,,,,,,,,,,,,,"0",,,"-460,000,000",,,,,,,,,,,,,,,,,,,,,,,,,,,,,,,,,,,,,,,,,,,,
			NetIncomeFromTaxLossCarryforward,,,,,,,,,,,,,,,,,,,,,,,,,,,,,,,,,,,,,,,,,,,,,,,,,,,,,,,,,,,,,,,,,,,,,,,,,,,,,,,"-2,900,000",,,"-6,700,000","0",,"-4,100,000",,,,,,,,,,"0",,"-14,100,000",,"-3,600,000","-16,400,000","-84,500,000",,,,,,,,,,,,,,"-4,300,000","-1,000,000","-7,400,000",,"-29,300,000","-34,900,000","12,800,000","19,900,000",,,,
		MinorityInterests,"-51,000,000","-34,000,000","-6,000,000","-6,000,000","-5,000,000","-6,000,000","-4,000,000","-7,000,000",,"-5,000,000","-1,000,000","-8,000,000","-5,000,000","-5,000,000","-7,000,000","-7,000,000","-6,000,000","-5,000,000","-7,000,000","-7,000,000","-3,000,000","-4,000,000","-5,000,000","-6,000,000","-4,000,000","-6,000,000","-7,000,000","-7,000,000","-5,000,000","-4,000,000","-10,000,000","-7,000,000","-6,000,000","-5,000,000","3,000,000","-6,000,000","-5,000,000","-5,000,000","-19,000,000","-7,000,000","-4,000,000","-4,000,000","-5,000,000","-4,000,000","-7,000,000","-4,000,000","-7,100,000","-12,000,000","-13,800,000","-9,100,000","-6,800,000","-2,300,000","-13,200,000","-13,700,000","-18,800,000","-18,000,000","-17,200,000","-16,200,000","-15,300,000","-18,100,000","-14,600,000","-11,500,000","-11,700,000","-12,900,000","-9,900,000","-9,100,000","-10,900,000","-9,600,000","-8,300,000","-7,100,000","-10,700,000","-8,700,000","-7,600,000","-5,900,000","-9,100,000","-8,000,000","-5,800,000","-2,900,000","-9,900,000","-5,300,000","-5,800,000","-4,500,000","-7,300,000","-6,600,000","-1,300,000","-4,900,000","-13,100,000","-2,500,000","-4,300,000","-2,100,000","-1,100,000","-3,000,000","-5,400,000","-3,700,000","-1,200,000","-3,600,000","-7,500,000","-7,900,000","-6,500,000","-7,600,000","-10,900,000","-6,400,000","-6,500,000","-5,700,000","-7,000,000","-8,900,000","-14,200,000","-8,800,000","-10,300,000","-6,800,000","-9,800,000","-5,800,000","-4,800,000","-3,700,000","-6,300,000","-4,500,000","-5,300,000","-3,300,000","-5,700,000","-3,600,000","-2,500,000","-2,800,000",,,,
	PreferredStockDividends,,,,,,,,,,,,,,,,,,,,,,,,,,,,,,,,,,,,,,,,,,,,,,,,,,,,,,,"0",,,"5,400,000","5,400,000","5,400,000","5,400,000","5,400,000","5,400,000","5,400,000","5,400,000","5,400,000","5,400,000","5,400,000","5,400,000","5,400,000","5,400,000","5,400,000","5,400,000","5,400,000","5,400,000","5,400,000",,"5,400,000","5,400,000","5,400,000",,,,,,,,,,,,,,,,,,,,,,,,,,,,,,,,,,,,,,,,,,,,,,
	OtherunderPreferredStockDividend,,,,,,,,,,,,,,,,,,,,,,,,,,,,,,,,,,,,,,,,,,,,,,,,,,,,,"13,200,000",,,,,,,,,,,,,,,,,,,,,,,,,,,,,,,,,,,,,,,,,,,,,,,,,,,,,,,,,,,,,,,,,,,,,,,,,
DilutedNIAvailtoComStockholders,"334,000,000","88,000,000","43,000,000","85,000,000","118,000,000","-97,000,000","-29,000,000","328,000,000","-101,000,000","50,000,000","30,000,000","-575,000,000","65,000,000","79,000,000","-10,000,000","120,000,000","50,000,000","98,000,000","-134,000,000","126,000,000","140,000,000","49,000,000","-71,000,000","108,000,000","105,000,000","67,000,000","-202,000,000","17,000,000","40,000,000","71,000,000","-200,000,000","60,000,000","114,000,000","101,000,000","-147,000,000","130,000,000","132,000,000","69,000,000","-160,000,000","90,000,000","133,000,000","121,000,000","-771,000,000","116,000,000","73,000,000","72,000,000","-412,100,000","139,000,000","141,100,000","85,300,000","-159,300,000","126,700,000","149,300,000","45,100,000","-229,700,000","78,600,000","231,300,000","172,700,000","-24,200,000","1,151,100,000","144,300,000","47,800,000","-108,200,000","3,000,000","37,200,000","18,900,000","-887,300,000","114,200,000","80,800,000","112,100,000","30,100,000","63,600,000","76,600,000","43,600,000","-1,076,500,000","23,500,000","17,000,000","29,000,000","44,900,000","92,500,000","96,900,000","-705,300,000","-5,200,000","69,400,000","243,500,000","48,900,000","32,300,000","-449,200,000","88,500,000","58,700,000","40,600,000","77,500,000","110,900,000","69,300,000","-186,900,000","113,600,000","100,900,000","80,400,000","35,500,000","75,400,000","2,400,000","54,600,000","22,900,000","62,000,000","66,600,000","39,600,000","20,700,000","56,100,000","59,000,000","33,300,000","-47,600,000","46,400,000","51,400,000","28,100,000","-317,800,000","41,900,000","259,000,000","21,800,000","-235,100,000","3,700,000","52,500,000","44,700,000",,,,
BasicEPS,,"0.56","0.28","0.54","0.75","-0.62","-0.18","2.09","-0.64","0.32","0.2","-3.69","0.42","0.51","-0.06","0.75","0.31","0.6","-0.81","0.77","0.86","0.3","-0.44","0.66","0.65","0.41","-1.26","0.1","0.25","0.44","-0.8","0.37","0.69","0.61","-0.9","0.79","0.8","0.42","-0.97","0.54","0.81","0.73","-4.69","0.71","0.44","0.44",,"0.85","0.86","0.51",,"0.75","0.89","0.27",,"0.47","1.4","1.11",,"7.44","0.94","0.31",,"0.02","0.25","0.12",,"0.75","0.54","0.75",,"0.42","0.52","0.3",,"0.16","0.08","0.2",,"0.63","0.62","-4.86",,"0.44","1.64","0.3",,"-3.12","0.57","0.36",,"0.46","0.68","0.41",,"0.7","0.66","0.57",,"0.53","0.02","0.44",,"0.51","0.55","0.33",,"0.46","0.49","0.28",,"0.39","0.43","0.23",,"0.35","2.17","0.18",,"0.03","0.44","0.38",,"-3.81","0.06","0.07"
DilutedEPS,,"0.55","0.27","0.53","0.73","-0.62","-0.18","2.06","-0.64","0.32","0.2","-3.69","0.42","0.51","-0.06","0.75","0.31","0.59","-0.81","0.76","0.85","0.3","-0.44","0.66","0.64","0.41","-1.26","0.1","0.25","0.44","-0.8","0.37","0.68","0.61","-0.9","0.78","0.79","0.42","-0.97","0.54","0.8","0.72","-4.69","0.7","0.43","0.44",,"0.84","0.85","0.5",,"0.74","0.88","0.27",,"0.46","1.35","1.04",,"6.86","0.89","0.3",,"0.02","0.24","0.12",,"0.75","0.53","0.73",,"0.42","0.52","0.29",,"0.16","0.08","0.2",,"0.63","0.62","-4.86",,"0.44","1.58","0.3",,"-3.12","0.57","0.36",,"0.46","0.67","0.41",,"0.69","0.66","0.56",,"0.53","0.02","0.44",,"0.5","0.54","0.32",,"0.46","0.49","0.28",,"0.39","0.43","0.23",,"0.35","2.17","0.18",,"0.03","0.44","0.38",,"-3.81","0.06","0.07"
BasicAverageShares,,"155,849,000","156,318,000","156,825,000","157,902,000","157,571,000","157,274,000","157,073,000","156,790,000","156,081,000","155,747,000","155,536,000","155,338,000","154,361,000","157,717,000","159,032,000","160,858,000","162,919,000","162,969,000","162,866,000","162,716,000","162,388,000","162,193,000","162,080,000","161,945,000","161,204,000","160,827,000","160,730,000","160,992,000","162,146,000","164,422,000","164,798,000","164,906,000","164,760,000","164,709,000","164,546,000","164,369,000","164,069,000","164,052,000","164,800,000","164,799,000","164,241,000","163,957,000","163,812,000","163,633,000","163,355,000",,"163,079,000","163,501,000","167,381,000",,"167,877,000","167,764,000","167,080,000",,"165,462,000","165,350,000","156,324,000",,"154,730,000","153,547,000","152,936,000",,"152,150,000","151,975,000","151,679,000",,"151,280,000","150,804,000","150,079,000",,"148,053,000","147,582,000","147,042,000",,"146,936,000","146,891,000","146,853,000",,"146,749,000","146,659,000","146,267,000",,"146,150,000","144,872,000","144,639,000",,"145,720,000","146,441,000","146,585,000",,"168,478,261","163,088,235","169,024,390",,"162,285,714","152,878,788","141,052,632",,"142,264,151","120,000,000","124,090,909",,"121,568,627","121,090,909","120,000,000",,"121,956,522","120,408,163","118,928,571",,"118,974,359","119,534,884","122,173,913",,"119,714,286","119,354,839","121,111,111",,"123,333,333","119,318,182","117,631,579",,"118,982,000",,
DilutedAverageShares,,"158,798,000","159,823,000","160,511,000","160,791,000","157,571,000","157,274,000","159,299,000","156,790,000","157,684,000","156,907,000","155,536,000","156,471,000","156,635,000","157,717,000","161,035,000","162,712,000","165,186,000","162,969,000","164,993,000","164,482,000","163,840,000","162,193,000","163,204,000","162,820,000","161,793,000","160,827,000","161,612,000","161,907,000","163,287,000","164,422,000","166,138,000","166,258,000","166,165,000","164,709,000","165,981,000","165,731,000","165,501,000","164,052,000","165,765,000","165,930,000","166,206,000","163,957,000","165,695,000","166,271,000","166,114,000",,"165,591,000","166,459,000","170,671,000",,"171,543,000","170,493,000","168,469,000",,"170,058,000","170,550,000","170,517,000",,"168,681,000","167,218,000","156,993,000",,"153,876,000","153,960,000","154,005,000",,"153,357,000","153,141,000","161,010,000",,"149,923,000","149,245,000","148,120,000",,"147,827,000","147,526,000","147,518,000",,"147,474,000","148,222,000","146,267,000",,"146,230,000","153,697,000","144,662,000",,"145,720,000","146,917,000","147,184,000",,"168,478,261","165,522,388","169,024,390",,"164,637,681","152,878,788","143,571,429",,"142,264,151","120,000,000","124,090,909",,"124,000,000","123,333,333","123,750,000",,"121,956,522","120,408,163","118,928,571",,"118,974,359","119,534,884","122,173,913",,"119,714,286","119,354,839","121,111,111",,"123,333,333","119,318,182","117,631,579",,"118,982,000",,
TotalExpenses,"5,897,000,000","1,538,000,000","1,489,000,000","1,443,000,000","1,429,000,000","1,539,000,000","1,367,000,000","1,458,000,000","1,370,000,000","1,435,000,000","1,480,000,000","1,506,000,000","1,564,000,000","1,481,000,000","1,498,000,000","1,542,000,000","1,569,000,000","1,559,000,000","1,757,000,000","1,584,000,000","1,554,000,000","1,444,000,000","1,611,000,000","1,513,000,000","1,560,000,000","1,413,000,000","1,477,000,000","1,414,000,000","1,403,000,000","1,292,000,000","1,592,000,000","1,541,000,000","1,587,000,000","1,466,000,000","1,628,000,000","1,562,000,000","1,552,000,000","1,462,000,000","1,615,000,000","1,549,000,000","1,546,000,000","1,516,000,000","1,663,000,000","1,631,000,000","1,768,000,000","1,544,000,000","1,471,900,000","1,467,000,000","1,454,800,000","1,406,600,000","1,688,700,000","1,568,400,000","1,536,100,000","1,354,600,000","1,565,800,000","1,739,200,000","1,834,100,000","1,647,500,000","1,688,000,000","1,657,000,000","1,714,700,000","1,654,400,000","1,734,400,000","1,711,200,000","1,736,500,000","1,530,500,000","2,765,300,000","1,611,300,000","1,609,600,000","1,428,900,000","2,205,300,000","1,501,100,000","1,500,500,000","1,370,300,000","-5,121,800,000","1,366,700,000","1,372,900,000","1,243,800,000","1,209,000,000","1,242,800,000","1,255,900,000","1,119,200,000","1,462,100,000","1,124,000,000","1,202,900,000","1,123,100,000","2,163,700,000","1,218,500,000","1,244,600,000","1,193,600,000","1,413,800,000","1,204,500,000","1,223,300,000","1,128,900,000","1,661,200,000","1,196,300,000","1,148,700,000","975,900,000","1,041,200,000","1,058,600,000","1,027,700,000","945,900,000","886,700,000","865,900,000","808,000,000","788,900,000","783,000,000","805,000,000","809,200,000","793,900,000","780,400,000","784,300,000","772,300,000","735,400,000","1,374,700,000","781,000,000","768,200,000","771,100,000","878,100,000","803,200,000","797,400,000","741,100,000",,,,
NetIncomeFromContinuingAndDiscontinuedOperation,"334,000,000","88,000,000","43,000,000","85,000,000","118,000,000","-97,000,000","-29,000,000","328,000,000","-101,000,000","50,000,000","30,000,000","-575,000,000","65,000,000","79,000,000","-10,000,000","120,000,000","50,000,000","98,000,000","-134,000,000","126,000,000","140,000,000","49,000,000","-71,000,000","108,000,000","105,000,000","67,000,000","-202,000,000","17,000,000","40,000,000","71,000,000","-200,000,000","60,000,000","114,000,000","101,000,000","-147,000,000","130,000,000","132,000,000","69,000,000","-160,000,000","90,000,000","133,000,000","121,000,000","-771,000,000","116,000,000","73,000,000","72,000,000","-412,100,000","139,000,000","141,100,000","85,300,000","-159,300,000","126,700,000","149,300,000","45,100,000","-229,700,000","78,600,000","231,300,000","178,100,000","-18,800,000","1,156,500,000","149,700,000","53,200,000","-102,800,000","8,400,000","42,600,000","24,300,000","-881,900,000","119,600,000","86,200,000","117,500,000","35,500,000","69,000,000","82,000,000","49,000,000","-1,071,100,000","28,900,000","17,000,000","34,400,000","53,200,000","97,900,000","96,900,000","-238,600,000","-5,200,000","69,400,000","247,600,000","48,900,000","32,300,000","-449,200,000","88,500,000","58,700,000","41,400,000","77,500,000","110,900,000","69,300,000","-186,900,000","113,600,000","115,000,000","80,400,000","39,100,000","91,800,000","86,900,000","54,600,000","22,900,000","62,000,000","66,600,000","39,600,000","20,700,000","56,100,000","59,000,000","33,300,000","-47,600,000","46,400,000","51,400,000","28,100,000","-313,500,000","42,900,000","266,400,000","21,800,000","-6,400,000","38,600,000","39,700,000","24,800,000",,,,
NormalizedIncome,"258,333,333.333","48,510,000","-4,638,888.889","86,593,000","123,589,000","-95,800,000","-4,910,000","90,103,000","-36,476,000","59,506,000","32,000,000","-115,830,000","93,512,000","81,271,000","-124,000,000","120,000,000","50,000,000","98,000,000","-115,000,000","130,355,000","148,469,000","76,588,000","-70,000,000","111,000,000","107,000,000","68,000,000","-46,800,000","45,600,000","60,951,612.903","71,000,000","-199,000,000","61,000,000","134,000,000","102,000,000","-144,000,000","132,000,000","135,000,000","79,000,000","-162,000,000","113,826,771.654","133,229,050.279","125,705,882.353","99,000,000","147,256,756.757","73,127,272.727","81,066,666.667","52,961,374.795","119,409,574.468","143,982,204.198","91,612,908.243","119,698,525.074","175,409,543.568","165,856,603.774","76,721,333.333","-55,895,000","139,566,570.605","234,674,610.106","183,990,905.527","115,870,000","121,515,669.516","163,825,750.242","58,345,877.789","-45,920,000","24,660,000","43,740,000","21,960,000","-507,440,000","60,919,010.124","84,175,000","89,174,782.609","77,160,000","67,627,831.094","73,940,356.564","48,298,850.575","56,236,004.434","89,123,584.906","36,740,000","28,035,045.872","53,200,000","97,900,000","99,844,066.667","71,144,122.471","-150,640,000","84,587,702.265","37,120,000","51,556,790.123","-892,033,714.286","60,293,138.099","51,480,000","24,080,000","-91,177,740.304","72,973,559.59","54,874,604.042","41,520,000","-276,227,706.89","96,454,041.832","84,268,361.582","36,445,054.945","15,728,432.956","66,303,558.967","65,948,075.527","12,670,000","-6,663,210.702","43,079,197.466","46,475,354.108","20,858,015.267","17,595,000","46,576,046.512","53,360,000","27,540,000","15,463,636.364","37,460,000","39,880,000","16,340,000","-353,870,835.769","30,600,000","39,960,000","17,780,000","-12,820,000","28,640,000","26,860,000","2,060,000",,,,
InterestIncome,,,,,,,,,,,,,,,,,,,,,,,,,,,,,,,,,,,"4,000,000","2,000,000","1,000,000","3,000,000","2,000,000","2,000,000","2,000,000","3,000,000","3,000,000","2,000,000","3,000,000","3,000,000","2,300,000","2,000,000","3,800,000","4,400,000","7,500,000","6,100,000","6,500,000","8,500,000",,,,,,,,,,,,,,,,,,,,,,,,,,,,,,,,,,,,,,,,,,,,,,,,,,,,,,,,,,,,,,,,,,,,,,,,
InterestExpense,"231,000,000","66,000,000","63,000,000","50,000,000","52,000,000","51,000,000","53,000,000","61,000,000","98,000,000","53,000,000","96,000,000","83,000,000","68,000,000","65,000,000","62,000,000","63,000,000","74,000,000","62,000,000","64,000,000","63,000,000","62,000,000","78,000,000","73,000,000","66,000,000","67,000,000","66,000,000","63,000,000","67,000,000","74,000,000","47,000,000","69,000,000","53,000,000","54,000,000","54,000,000","55,000,000","56,000,000","57,000,000","71,000,000","61,000,000","61,000,000","62,000,000","64,000,000","68,000,000","70,000,000","100,000,000","76,000,000","72,400,000","61,000,000","60,000,000","55,600,000","57,100,000","58,600,000","57,900,000","48,100,000",,,,,,,,,,,,,,,,,,,,,,,,,,,,,,,,,,,,,,,,,,,,,,,,,,,,,,,,,,,,,,,,,,,,,,,,
NetInterestIncome,"-231,000,000","-66,000,000","-63,000,000","-50,000,000","-52,000,000","-51,000,000","-53,000,000","-61,000,000","-98,000,000","-53,000,000","-96,000,000","-83,000,000","-68,000,000","-65,000,000","-62,000,000","-63,000,000","-74,000,000","-62,000,000","-64,000,000","-63,000,000","-62,000,000","-78,000,000","-73,000,000","-66,000,000","-67,000,000","-66,000,000","-63,000,000","-67,000,000","-74,000,000","-47,000,000","-69,000,000","-53,000,000","-54,000,000","-54,000,000","-51,000,000","-54,000,000","-56,000,000","-68,000,000","-59,000,000","-59,000,000","-60,000,000","-61,000,000","-65,000,000","-68,000,000","-97,000,000","-73,000,000","-70,100,000","-59,000,000","-56,200,000","-51,200,000","-49,600,000","-52,500,000","-51,400,000","-39,600,000",,,,,,,,,,,,,,,,,,,,,,,,,,,,,,,,,,,,,,,,,,,,,,,,,,,,,,,,,,,,,,,,,,,,,,,,
EBIT,"798,000,000","236,000,000","135,000,000","177,000,000","250,000,000","-14,000,000","67,000,000","437,000,000","-21,000,000","134,000,000","161,000,000","-453,000,000","166,000,000","176,000,000","-42,000,000","231,000,000","152,000,000","197,000,000","-57,000,000","235,000,000","214,000,000","151,000,000","34,000,000","219,000,000","208,000,000","167,000,000","-98,000,000","125,000,000","136,000,000","147,000,000","-117,000,000","144,000,000","233,000,000","188,000,000","-82,000,000","234,000,000","234,000,000","188,000,000","-87,000,000","188,000,000","241,000,000","234,000,000","-701,000,000","218,000,000","210,000,000","181,000,000","-49,800,000","249,000,000","269,600,000","184,200,000","-112,400,000","251,400,000","269,900,000","138,100,000","-147,500,000","269,400,000","376,500,000","313,000,000","306,000,000","310,100,000","302,400,000","223,100,000","177,200,000","222,000,000","229,100,000","161,700,000","-982,300,000","214,200,000","263,200,000","279,500,000","-426,800,000","236,900,000","261,500,000","196,900,000","6,677,800,000","221,800,000","231,200,000","168,100,000","189,200,000","257,800,000","267,100,000","219,100,000","-90,400,000","259,800,000","690,400,000","241,400,000","-836,700,000","211,800,000","204,600,000","152,000,000","-47,200,000","221,700,000","199,800,000","178,100,000","-292,000,000","257,300,000","236,300,000","122,600,000","97,000,000","180,900,000","196,800,000","110,400,000","75,400,000","148,200,000","155,700,000","116,900,000","109,400,000","157,200,000","175,800,000","129,700,000","104,400,000","143,600,000","143,100,000","103,800,000","-501,400,000","133,600,000","146,800,000","118,800,000","53,000,000","149,700,000","144,900,000","104,700,000","-2,190,500,000","946,300,000","889,400,000","889,400,000"
EBITDA,"1,248,000,000"
ReconciledCostOfRevenue,"4,981,000,000","1,280,000,000","1,258,000,000","1,199,000,000","1,246,000,000","1,150,000,000","1,137,000,000","1,231,000,000","1,139,000,000","1,177,000,000","1,243,000,000","1,255,000,000","1,303,000,000","1,224,000,000","1,341,000,000","1,410,000,000","1,426,000,000","1,417,000,000","1,487,000,000","1,322,000,000","1,297,000,000","1,183,000,000","1,427,000,000","1,376,000,000","1,418,000,000","1,269,000,000","1,334,000,000","1,290,000,000","1,269,000,000","1,153,000,000","1,366,000,000","1,408,000,000","1,439,000,000","1,318,000,000","1,470,000,000","1,432,000,000","1,412,000,000","1,322,000,000","1,470,000,000","1,405,000,000","1,390,000,000","1,361,000,000","1,514,000,000","1,475,000,000","1,604,000,000","1,386,000,000","1,333,200,000","1,329,000,000","1,314,000,000","1,271,700,000","1,534,900,000","1,425,900,000","1,399,600,000","1,222,200,000","1,417,700,000","1,601,300,000","1,685,400,000","1,503,700,000","1,536,400,000","1,511,200,000","1,567,600,000","1,500,500,000","1,558,200,000","1,555,200,000","1,585,600,000","1,385,000,000","1,482,600,000","1,473,500,000","1,474,900,000","1,288,500,000","1,375,100,000","1,390,000,000","1,393,900,000","1,260,100,000","1,248,800,000","1,257,600,000","1,270,700,000","1,140,100,000","601,000,000","1,144,600,000","1,153,100,000","1,019,800,000","1,070,500,000","1,036,900,000","1,083,300,000","1,027,700,000","948,600,000","988,300,000","1,025,700,000","967,200,000","978,700,000","1,112,200,000","936,700,000","916,000,000","954,500,000","972,500,000","913,600,000","815,800,000","838,400,000","874,500,000","847,100,000","762,900,000","754,100,000","734,400,000","686,200,000","657,900,000","662,600,000","687,500,000","691,900,000","668,400,000","655,800,000","665,300,000","656,100,000","613,500,000","640,900,000","670,800,000","659,800,000","647,200,000","720,000,000","744,600,000","675,300,000","614,400,000",,,,
ReconciledDepreciation,"450,000,000","116,000,000","100,000,000","117,000,000","117,000,000","115,000,000","105,000,000","116,000,000","121,000,000","126,000,000","119,000,000","127,000,000","127,000,000","126,000,000","110,000,000","130,000,000","123,000,000","131,000,000","116,000,000","127,000,000","118,000,000","127,000,000","106,000,000","122,000,000","125,000,000","125,000,000","113,000,000","99,000,000","102,000,000","95,000,000","76,000,000","113,000,000","118,000,000","111,000,000","100,000,000","98,000,000","100,000,000","99,000,000","100,000,000","105,000,000","102,000,000","105,000,000","101,000,000","104,000,000","111,000,000","106,000,000","102,900,000","98,100,000","93,800,000","96,200,000","103,600,000","100,800,000","98,800,000","92,700,000","64,200,000","119,300,000","124,400,000","123,100,000","114,500,000","121,100,000","105,500,000","119,800,000","125,500,000","127,400,000","128,700,000","127,600,000","132,400,000","129,200,000","121,200,000","141,200,000","127,800,000","81,000,000","129,700,000","136,300,000","138,800,000","129,100,000","128,900,000","128,400,000","122,900,000","115,600,000","122,600,000","119,600,000","143,400,000","133,500,000","133,300,000","133,500,000","130,600,000","138,100,000","140,200,000","140,600,000","137,300,000","139,600,000","131,700,000","136,700,000","122,700,000","133,200,000","118,000,000","90,000,000","92,000,000","86,900,000","82,600,000","82,000,000","69,200,000","69,900,000","66,800,000","65,700,000","53,100,000","60,400,000","61,100,000","63,500,000","59,100,000","56,800,000","57,100,000","60,600,000","55,100,000","56,400,000","54,900,000","65,900,000","82,100,000","55,200,000","56,300,000","57,500,000",,,,
NetIncomeFromContinuingOperationNetMinorityInterest,"327,000,000","88,000,000","43,000,000","78,000,000","118,000,000","-97,000,000","-29,000,000","328,000,000","-101,000,000","50,000,000","32,000,000","-575,000,000","66,000,000","79,000,000","-124,000,000","120,000,000","50,000,000","98,000,000","-133,000,000","128,000,000","140,000,000","49,000,000","-70,000,000","111,000,000","107,000,000","68,000,000","-201,000,000","18,000,000","42,000,000","71,000,000","-199,000,000","61,000,000","134,000,000","102,000,000","-144,000,000","132,000,000","135,000,000","79,000,000","-162,000,000","92,000,000","134,000,000","122,000,000","-774,000,000","119,000,000","71,000,000","73,000,000","-112,100,000","123,000,000","141,100,000","85,300,000","-159,300,000","126,700,000","149,300,000","45,100,000","-228,600,000","78,600,000","227,500,000","174,000,000","14,600,000","75,600,000","153,800,000","53,200,000","-102,800,000","8,400,000","42,600,000","24,300,000","-881,900,000","56,600,000","86,200,000","117,500,000","-18,900,000","65,700,000","82,000,000","49,000,000","-1,071,100,000","28,900,000","17,000,000","34,400,000","53,200,000","97,900,000","96,900,000","-238,600,000","-5,200,000","69,400,000","247,600,000","48,900,000","32,300,000","-449,200,000","88,500,000","58,700,000","41,400,000","77,500,000","110,900,000","69,300,000","-186,900,000","113,600,000","115,000,000","80,400,000","39,100,000","91,800,000","86,900,000","54,600,000","22,900,000","62,000,000","66,600,000","39,600,000","20,700,000","56,100,000","59,000,000","33,300,000","-47,600,000","46,400,000","51,400,000","28,100,000","-313,500,000","42,900,000","47,100,000","21,800,000","-6,400,000","38,600,000","39,700,000","24,800,000",,,,
TotalUnusualItemsExcludingGoodwill,"103,000,000","55,000,000","70,000,000","-13,000,000","-9,000,000","-2,000,000","-33,000,000","267,000,000","-76,000,000","-14,000,000","0","-629,000,000","-38,000,000","-3,000,000",,,,,"-30,000,000","-3,000,000","-9,000,000","-38,000,000",,,,,"-257,000,000","-46,000,000","-25,000,000",,,,,,,,,,,"-28,000,000","1,000,000","-5,000,000","-873,000,000","-34,000,000","-3,000,000","-11,000,000","-192,100,000","5,000,000","-3,900,000","-8,600,000","-310,100,000","-72,800,000","-21,600,000","-48,400,000","-265,700,000","-87,600,000","-9,400,000","-13,400,000","-155,800,000","-68,800,000","-12,300,000","-8,200,000","-94,800,000","-27,100,000","-1,900,000","3,900,000","-624,100,000","-5,800,000","3,000,000","36,600,000","-160,100,000","-2,700,000","11,100,000","1,000,000","-1,308,800,000","-69,200,000","-32,900,000","9,300,000",,,"-4,300,000","-484,000,000","242,400,000","-24,700,000","350,800,000","-4,000,000","1,001,600,000","-790,100,000","61,700,000","57,700,000","189,900,000","7,400,000","92,500,000","46,300,000","131,100,000","26,700,000","47,300,000","59,700,000","37,000,000","39,800,000","33,200,000","59,900,000","38,600,000","28,900,000","32,000,000","31,000,000","3,900,000","14,600,000","9,400,000","9,600,000","-99,100,000","14,900,000","19,200,000","19,600,000","66,100,000","20,500,000","11,900,000","6,700,000","10,700,000","16,600,000","21,400,000","37,900,000",,,,
TotalUnusualItems,"103,000,000","55,000,000","70,000,000","-13,000,000","-9,000,000","-2,000,000","-33,000,000","267,000,000","-76,000,000","-14,000,000","0","-629,000,000","-38,000,000","-3,000,000",,,,,"-30,000,000","-3,000,000","-9,000,000","-38,000,000",,,,,"-257,000,000","-46,000,000","-25,000,000",,,,,,,,,,,"-28,000,000","1,000,000","-5,000,000","-873,000,000","-34,000,000","-3,000,000","-11,000,000","-192,100,000","5,000,000","-3,900,000","-8,600,000","-310,100,000","-72,800,000","-21,600,000","-48,400,000","-265,700,000","-87,600,000","-9,400,000","-13,400,000","-155,800,000","-68,800,000","-12,300,000","-8,200,000","-94,800,000","-27,100,000","-1,900,000","3,900,000","-624,100,000","-5,800,000","3,000,000","36,600,000","-160,100,000","-2,700,000","11,100,000","1,000,000","-1,308,800,000","-69,200,000","-32,900,000","9,300,000",,,"-4,300,000","-484,000,000","242,400,000","-24,700,000","350,800,000","-4,000,000","1,001,600,000","-790,100,000","61,700,000","57,700,000","189,900,000","7,400,000","92,500,000","46,300,000","131,100,000","26,700,000","47,300,000","59,700,000","37,000,000","39,800,000","33,200,000","59,900,000","38,600,000","28,900,000","32,000,000","31,000,000","3,900,000","14,600,000","9,400,000","9,600,000","-99,100,000","14,900,000","19,200,000","19,600,000","66,100,000","20,500,000","11,900,000","6,700,000","10,700,000","16,600,000","21,400,000","37,900,000",,,,
NormalizedEBITDA,"1,145,000,000","297,000,000","165,000,000","307,000,000","376,000,000","103,000,000","205,000,000","286,000,000","176,000,000","274,000,000","280,000,000","303,000,000","331,000,000","305,000,000","68,000,000","361,000,000","275,000,000","328,000,000","89,000,000","365,000,000","341,000,000","316,000,000","140,000,000","341,000,000","333,000,000","292,000,000","272,000,000","270,000,000","263,000,000","242,000,000","-41,000,000","257,000,000","351,000,000","299,000,000","18,000,000","332,000,000","334,000,000","287,000,000","13,000,000","321,000,000","342,000,000","344,000,000","273,000,000","356,000,000","324,000,000","298,000,000","245,200,000","342,100,000","367,300,000","289,000,000","301,300,000","425,000,000","390,300,000","279,200,000","182,400,000","476,300,000","510,300,000","449,500,000","576,300,000","500,000,000","420,200,000","351,100,000","397,500,000","376,500,000","359,700,000","285,400,000","-225,800,000","349,200,000","381,400,000","384,100,000","-138,900,000","320,600,000","380,100,000","332,200,000","8,125,400,000","420,100,000","393,000,000","287,200,000","312,100,000","373,400,000","394,000,000","822,700,000","-189,400,000","418,000,000","472,900,000","378,900,000","-1,707,700,000","1,140,000,000","283,100,000","234,900,000","-99,800,000","353,900,000","239,000,000","268,500,000","-300,400,000","363,800,000","307,000,000","152,900,000","152,000,000","228,000,000","261,400,000","132,500,000","106,000,000","189,200,000","190,500,000","151,600,000","158,600,000","203,000,000","227,500,000","183,600,000","262,600,000","185,500,000","181,000,000","144,800,000","-512,400,000","169,500,000","189,800,000","178,000,000","124,400,000","188,300,000","179,800,000","124,300,000","-2,190,500,000","946,300,000","889,400,000","889,400,000"
TaxRateForCalcs,"0.333","0.282","0.319","0.339","0.379","0.4","0.27","0.109","0.151","0.321","0.27","0.27","0.276","0.243","0.27","0.244","0.282","0.237","0.4","0.215","0.059","0.274","0.4","0.235","0.213","0.267","0.4","0.4","0.242","0.247","0.35","0.253","0.218","0.201","0.35","0.225","0.209","0.282","0.034","0.22","0.229","0.259","0","0.169","0.291","0.267","0.141","0.282","0.261","0.266","0.1","0.331","0.233","0.347","0.35","0.304","0.237","0.254","0.35","0.333","0.185","0.372","0.4","0.4","0.4","0.4","0.4","0.255","0.325","0.226","0.4","0.286","0.274","0.299","0.139","0.13","0.4","0.316","0.226","0.316","0.315","0.36","0.4","0.385","0.4","0.336","0.077","0.355","0.4","0.4","0.302","0.388","0.394","0.4","0.319","0.358","0.35","0.264","0.368","0.359","0.369","0.3","0.234","0.345","0.371","0.395","0.204","0.348","0.4","0.4","0.364","0.4","0.4","0.4","0.389","0.4","0.4","0.4","0.4","0.4","0.4","0.4",,,,
TaxEffectOfUnusualItems,"34,333,333.333","15,510,000","22,361,111.111","-4,407,000","-3,411,000","-800,000","-8,910,000","29,103,000","-11,476,000","-4,494,000","0","-169,830,000","-10,488,000","-729,000","0","0","0","0","-12,000,000","-645,000","-531,000","-10,412,000","0","0","0","0","-102,800,000","-18,400,000","-6,048,387.097","0","0","0","0","0","0","0","0","0","0","-6,173,228.346","229,050.279","-1,294,117.647","0","-5,743,243.243","-872,727.273","-2,933,333.333","-27,038,625.205","1,409,574.468","-1,017,795.802","-2,287,091.757","-31,101,474.926","-24,090,456.432","-5,043,396.226","-16,778,666.667","-92,995,000","-26,633,429.395","-2,225,389.894","-3,409,094.473","-54,530,000","-22,884,330.484","-2,274,249.758","-3,054,122.211","-37,920,000","-10,840,000","-760,000","1,560,000","-249,640,000","-1,480,989.876","975,000","8,274,782.609","-64,040,000","-772,168.906","3,040,356.564","298,850.575","-181,463,995.566","-8,976,415.094","-13,160,000","2,935,045.872","0","0","-1,355,933.333","-174,255,877.529","96,960,000","-9,512,297.735","140,320,000","-1,343,209.877","77,266,285.714","-280,606,861.901","24,680,000","23,080,000","57,322,259.696","2,873,559.59","36,474,604.042","18,520,000","41,772,293.11","9,554,041.832","16,568,361.582","15,745,054.945","13,628,432.956","14,303,558.967","12,248,075.527","17,970,000","9,036,789.298","9,979,197.466","11,875,354.108","12,258,015.267","795,000","5,076,046.512","3,760,000","3,840,000","-36,036,363.636","5,960,000","7,680,000","7,840,000","25,729,164.231","8,200,000","4,760,000","2,680,000","4,280,000","6,640,000","8,560,000","15,160,000",,,,