name,ttm,03/31/2022,12/31/2021,09/30/2021,06/30/2021,03/31/2021,12/31/2020,09/30/2020,06/30/2020,03/31/2020,12/31/2019,09/30/2019,06/30/2019,03/31/2019,12/31/2018,09/30/2018,06/30/2018,03/31/2018,12/31/2017,09/30/2017,06/30/2017,03/31/2017,12/31/2016,09/30/2016,06/30/2016,03/31/2016,12/31/2015,09/30/2015,06/30/2015,03/31/2015,12/31/2014,09/30/2014,06/30/2014,03/31/2014,12/31/2013,09/30/2013,06/30/2013,03/31/2013,12/31/2012,09/30/2012,06/30/2012,03/31/2012,12/31/2011,09/30/2011,06/30/2011,03/31/2011,12/31/2010,09/30/2010,06/30/2010,03/31/2010,12/31/2009,09/30/2009,06/30/2009,03/31/2009,12/31/2008,09/30/2008,06/30/2008,03/31/2008,12/31/2007,09/30/2007,06/30/2007,03/31/2007,12/31/2006,09/30/2006,06/30/2006,03/31/2006,12/31/2005,09/30/2005,06/30/2005,03/31/2005,12/31/2004,09/30/2004,06/30/2004,03/31/2004,12/31/2003,09/30/2003,06/30/2003,03/31/2003,12/31/2002,09/30/2002,06/30/2002,03/31/2002,12/31/2001,09/30/2001,06/30/2001,03/31/2001,12/31/2000,09/30/2000,06/30/2000,03/31/2000,12/31/1999,09/30/1999,06/30/1999,03/31/1999
TotalRevenue,"860,970,000","241,350,000","225,644,000","200,589,000","193,387,000","169,279,000","155,128,000","126,492,000","134,948,000","139,928,000","120,558,000","62,935,000","61,511,000","60,892,000","62,780,000","60,432,000","77,476,000","73,096,000","60,081,000","66,920,000","67,418,000","60,679,000","54,076,000","61,641,000","62,701,000","54,362,000","51,057,000","58,597,000","59,466,000","52,570,000","49,591,000","46,960,000","43,018,000","41,649,000","44,485,000","44,044,000","46,059,000","41,650,000","54,299,000","62,152,000","56,326,000","45,709,000","43,620,000","41,434,000","51,543,000","50,599,000","54,011,000","52,323,000","48,349,000","40,622,000","28,925,000","23,330,000","15,341,000","11,061,000","16,428,000","38,986,000","38,416,000","37,210,000","32,582,000","31,461,000","47,730,000","48,356,000","54,462,000","58,166,000","56,692,000","31,848,000","18,275,000","20,201,000","21,385,000","23,057,000","23,078,000","21,845,000","20,433,000","18,892,000","15,895,000","14,169,000","13,931,000","14,505,000","17,090,000","15,199,000","13,118,000","12,038,000","10,691,000","15,058,000","23,088,000","30,561,000","26,461,000","24,649,000","20,003,000","16,993,000","12,900,000","10,100,000","8,600,000","6,500,000"
	OperatingRevenue,"860,970,000","241,350,000","225,644,000","200,589,000","193,387,000","169,279,000","155,128,000","126,492,000","134,948,000","139,928,000","120,558,000","62,935,000","61,511,000","60,892,000","62,780,000","60,432,000","77,476,000","73,096,000","60,081,000","66,920,000","67,418,000","60,679,000","54,076,000","61,641,000","62,701,000","54,362,000","51,057,000","58,597,000","59,466,000","52,570,000","49,591,000","46,960,000","43,018,000","41,649,000","44,485,000","44,044,000","46,059,000","41,650,000","54,299,000","62,152,000","56,326,000","45,709,000","43,620,000","41,434,000","51,543,000","50,599,000","54,011,000","52,323,000","48,349,000","40,622,000","28,925,000","23,330,000","15,341,000","11,061,000","16,428,000","38,986,000","38,416,000","37,210,000","32,582,000","31,461,000","47,730,000","48,356,000","54,462,000","58,166,000","56,692,000","31,848,000","18,275,000","20,201,000","21,385,000","23,057,000","23,078,000","21,845,000","20,433,000","18,892,000","15,895,000","14,169,000","13,931,000","14,505,000","17,090,000","15,199,000","13,118,000","12,038,000","10,691,000","15,058,000","23,088,000","30,561,000","26,461,000","24,649,000","20,003,000","16,993,000","12,900,000","10,100,000","8,600,000","6,500,000"
CostOfRevenue,"391,330,000","110,327,000","101,841,000","91,231,000","87,931,000","78,810,000","79,779,000","57,604,000","63,363,000","77,297,000","80,971,000","31,424,000","29,600,000","28,873,000","30,112,000","28,978,000","35,740,000","30,675,000","27,955,000","31,775,000","31,962,000","28,811,000","26,212,000","29,192,000","28,508,000","25,317,000","24,413,000","26,685,000","27,582,000","23,604,000","23,936,000","22,000,000","19,714,000","20,080,000","21,612,000","21,574,000","22,544,000","19,776,000","25,736,000","29,027,000","26,104,000","21,944,000","20,677,000","19,180,000","23,684,000","23,302,000","24,860,000","23,051,000","23,159,000","20,335,000","17,236,000","13,857,000","9,935,000","8,777,000","22,418,000","22,180,000","20,695,000","22,095,000","17,982,000","15,921,000","22,880,000","22,106,000","26,527,000","27,599,000","27,001,000","22,599,000","10,157,000","10,672,000","11,266,000","12,295,000","12,327,000","11,447,000","10,533,000","10,288,000","8,932,000","7,890,000","8,003,000","8,389,000","9,998,000","8,966,000","7,737,000","6,875,000","6,573,000","8,323,000","11,089,000","13,813,000","12,958,000","11,333,000","9,083,000","7,819,000","5,200,000","4,700,000",,
GrossProfit,"469,640,000","131,023,000","123,803,000","109,358,000","105,456,000","90,469,000","75,349,000","68,888,000","71,585,000","62,631,000","39,587,000","31,511,000","31,911,000","32,019,000","32,668,000","31,454,000","41,736,000","42,421,000","32,126,000","35,145,000","35,456,000","31,868,000","27,864,000","32,449,000","34,193,000","29,045,000","26,644,000","31,912,000","31,884,000","28,966,000","25,655,000","24,960,000","23,304,000","21,569,000","22,873,000","22,470,000","23,515,000","21,874,000","28,563,000","33,125,000","30,222,000","23,765,000","22,943,000","22,254,000","27,859,000","27,297,000","29,151,000","29,272,000","25,190,000","20,287,000","11,689,000","9,473,000","5,406,000","2,284,000","-5,990,000","16,806,000","17,721,000","15,115,000","14,600,000","15,540,000","24,850,000","26,250,000","27,935,000","30,567,000","29,691,000","9,249,000","8,118,000","9,529,000","10,119,000","10,762,000","10,751,000","10,398,000","9,900,000","8,604,000","6,963,000","6,279,000","5,928,000","6,116,000","7,092,000","6,233,000","5,381,000","5,163,000","4,118,000","6,735,000","11,999,000","16,748,000","13,503,000","13,316,000","10,920,000","9,174,000","7,700,000","5,400,000",,
OperatingExpense,"281,974,000","72,279,000","73,948,000","66,232,000","69,515,000","62,984,000","60,638,000","59,606,000","63,655,000","67,877,000","62,946,000","26,221,000","26,493,000","24,411,000","23,352,000","23,825,000","25,062,000","24,956,000","20,735,000","22,628,000","22,761,000","22,183,000","21,525,000","19,819,000","21,962,000","22,540,000","20,790,000","19,919,000","22,055,000","23,849,000","22,085,000","20,460,000","32,796,000","21,456,000","21,001,000","21,175,000","21,381,000","20,571,000","21,205,000","21,072,000","19,735,000","19,397,000","22,743,000","17,073,000","19,852,000","19,213,000","18,200,000","18,907,000","18,902,000","17,266,000","18,424,000","15,076,000","14,123,000","13,366,000","241,360,000","17,979,000","20,706,000","18,559,000","15,667,000","15,415,000","18,024,000","18,578,000","27,749,000","17,984,000","17,496,000","12,968,000","8,177,000","8,001,000","8,060,000","8,912,000","8,231,000","7,989,000","8,042,000","7,683,000","6,377,000","5,960,000","5,961,000","6,530,000","7,042,000","6,550,000","4,778,000","4,895,000","3,879,000","6,159,000","6,326,000","7,771,000","7,616,000","6,402,000","5,414,000","5,052,000","6,600,000","3,800,000",,
	SellingGeneralAndAdministration,"128,651,000","32,119,000","35,420,000","29,428,000","31,684,000","28,663,000","26,161,000","26,282,000","27,785,000","33,218,000","43,837,000","13,075,000","13,050,000","11,306,000","10,741,000","11,128,000","11,946,000","12,793,000","9,501,000","10,102,000","10,110,000","9,668,000","9,681,000","9,894,000","9,488,000","9,499,000","9,856,000","9,372,000","11,033,000","12,974,000","11,471,000","10,262,000","21,285,000","10,780,000","10,717,000","10,054,000","10,519,000","10,252,000","10,806,000","10,306,000","9,934,000","9,179,000","12,740,000","8,353,000","9,858,000","9,875,000","9,010,000","10,148,000","10,009,000","9,006,000","11,212,000","8,279,000","7,815,000","6,334,000","6,431,000","7,903,000","10,537,000","9,094,000","7,874,000","7,791,000","8,764,000","8,775,000","9,327,000","9,330,000","9,046,000","6,986,000","5,503,000","4,712,000","4,836,000","5,322,000","4,394,000","3,857,000","3,678,000","3,293,000","2,565,000","2,592,000","2,531,000","2,873,000","2,963,000","3,475,000","2,178,000","2,409,000","1,779,000","2,891,000","2,760,000","4,740,000","4,417,000","3,755,000","3,212,000","3,077,000","3,800,000","2,200,000",,
		GeneralAndAdministrativeExpense,"68,888,000","16,487,000","19,598,000","16,548,000","16,255,000","15,559,000","14,889,000","14,358,000","15,916,000","20,147,000",,,,,,,,"12,793,000",,,,,,,,,,,,,,,,,,,,,,,,,,,,,,,,,,,,,,,,,,,,,,,,,,,,,,,,,,,,,,,,,,,,,,,,,,,,
			OtherGandA,"68,888,000","16,487,000","19,598,000","16,548,000","16,255,000","15,559,000","14,889,000","14,358,000","15,916,000","20,147,000",,,,,,,,"12,793,000",,,,,,,,,,,,,,,,,,,,,,,,,,,,,,,,,,,,,,,,,,,,,,,,,,,,,,,,,,,,,,,,,,,,,,,,,,,,
		SellingAndMarketingExpense,"59,763,000","15,632,000","15,822,000","12,880,000","15,429,000","13,104,000","11,272,000","11,924,000","11,869,000","13,071,000",,,,,,,,,,,,,,,,,,,,,,,,,,,,,,,,,,,,,,,,,,,,,,,,,,,,,,,,,,,,,,,,,,,,,,,,,,,,,,,,,,,,
	ResearchAndDevelopment,"100,495,000","26,341,000","24,836,000","23,811,000","25,507,000","21,964,000","21,812,000","19,678,000","22,167,000","20,927,000","9,825,000","12,759,000","13,056,000","12,718,000","12,224,000","12,313,000","12,733,000","11,783,000","10,810,000","12,020,000","12,146,000","12,010,000","11,309,000","9,330,000","11,879,000","12,446,000","10,334,000","10,032,000","10,507,000","10,360,000","10,099,000","9,631,000","10,841,000","10,006,000","9,622,000","10,455,000","10,214,000","9,703,000","9,901,000","10,243,000","9,385,000","9,802,000","9,578,000","8,275,000","9,550,000","8,895,000","8,733,000","8,327,000","8,480,000","7,847,000","6,799,000","6,427,000","6,022,000","6,743,000","7,062,000","8,342,000","8,443,000","7,797,000","6,674,000","6,505,000","8,137,000","8,677,000","17,297,000","7,528,000","7,325,000","5,310,000","2,455,000","3,070,000","3,005,000","3,371,000","3,618,000","3,913,000","4,145,000","4,171,000","3,592,000","3,149,000","3,211,000","3,438,000","3,860,000","3,010,000","2,536,000","2,422,000","2,015,000","3,183,000","3,481,000","2,946,000","2,932,000","2,384,000","1,966,000","1,741,000","1,400,000","1,500,000",,
	DepreciationAmortizationDepletionIncomeStatement,"52,828,000","13,819,000","13,692,000","12,993,000","12,324,000","12,357,000","12,665,000","13,646,000","13,703,000","13,732,000","9,284,000","387,000","387,000","387,000","387,000","384,000","383,000","380,000","424,000","506,000","505,000","505,000","535,000","595,000","595,000","595,000","600,000","515,000","515,000","515,000","515,000","567,000","670,000","670,000","662,000","666,000","648,000","616,000","498,000","523,000","416,000","416,000","425,000","445,000","444,000","443,000","457,000","432,000","413,000","413,000","413,000","370,000","286,000","289,000","762,000","1,734,000","1,726,000","1,668,000","1,119,000","1,119,000","1,123,000","1,126,000","1,125,000","1,126,000","1,125,000","672,000","219,000","219,000","219,000","219,000","219,000","219,000","219,000","219,000","220,000","219,000","219,000","219,000","219,000","65,000","64,000","64,000","85,000","85,000","85,000","85,000","267,000","263,000","236,000","234,000","1,400,000","100,000",,
		DepreciationAndAmortizationInIncomeStatement,"52,828,000","13,819,000","13,692,000","12,993,000","12,324,000","12,357,000","12,665,000","13,646,000","13,703,000","13,732,000","9,284,000","387,000","387,000","387,000","387,000","384,000","383,000","380,000","424,000","506,000","505,000","505,000","535,000","595,000","595,000","595,000","600,000","515,000","515,000","515,000","515,000","567,000","670,000","670,000","662,000","666,000","648,000","616,000","498,000","523,000","416,000","416,000","425,000","445,000","444,000","443,000","457,000","432,000","413,000","413,000","413,000","370,000","286,000","289,000","762,000","1,734,000","1,726,000","1,668,000","1,119,000","1,119,000","1,123,000","1,126,000","1,125,000","1,126,000","1,125,000","672,000","219,000","219,000","219,000","219,000","219,000","219,000","219,000","219,000","220,000","219,000","219,000","219,000","219,000","65,000","64,000","64,000","85,000","85,000","85,000","85,000","267,000","263,000","236,000","234,000","1,400,000","100,000",,
			Amortization,"52,828,000","13,819,000","13,692,000","12,993,000","12,324,000","12,357,000","12,665,000","13,646,000","13,703,000","13,732,000","9,284,000","387,000","387,000","387,000","387,000","384,000","383,000","380,000","424,000","506,000","505,000","505,000","535,000","595,000","595,000","595,000","600,000","515,000","515,000","515,000","515,000","567,000","670,000","670,000","662,000","666,000","648,000","616,000","498,000","523,000","416,000","416,000","425,000","445,000","444,000","443,000","457,000","432,000","413,000","413,000","413,000","370,000","286,000","289,000","762,000","1,734,000","1,726,000","1,668,000","1,119,000","1,119,000","1,123,000","1,126,000","1,125,000","1,126,000","1,125,000","672,000","219,000","219,000","219,000","219,000","219,000","219,000","219,000","219,000","220,000","219,000","219,000","219,000","219,000","65,000","64,000","64,000","85,000","85,000","85,000","85,000",,,,,,,,
				AmortizationOfIntangiblesIncomeStatement,"52,828,000","13,819,000","13,692,000","12,993,000","12,324,000","12,357,000","12,665,000","13,646,000","13,703,000","13,732,000","9,284,000","387,000","387,000","387,000","387,000","384,000","383,000","380,000","424,000","506,000","505,000","505,000","535,000","595,000","595,000","595,000","600,000","515,000","515,000","515,000","515,000","567,000","670,000","670,000","662,000","666,000","648,000","616,000","498,000","523,000","416,000","416,000","425,000","445,000","444,000","443,000","457,000","432,000","413,000","413,000","413,000","370,000","286,000","289,000","762,000","1,734,000","1,726,000","1,668,000","1,119,000","1,119,000","1,123,000","1,126,000","1,125,000","1,126,000","1,125,000","672,000","219,000","219,000","219,000","219,000","219,000","219,000","219,000","219,000","220,000","219,000","219,000","219,000","219,000","65,000","64,000","64,000","85,000","85,000","85,000","85,000",,,,,,,,
OperatingIncome,"187,666,000","58,744,000","49,855,000","43,126,000","35,941,000","27,485,000","14,711,000","9,282,000","7,930,000","-5,246,000","-23,359,000","5,290,000","5,418,000","7,608,000","9,316,000","7,629,000","16,674,000","17,465,000","11,391,000","12,517,000","12,695,000","9,685,000","6,339,000","12,630,000","12,231,000","6,505,000","5,854,000","11,993,000","9,829,000","5,117,000","3,570,000","4,500,000","-9,492,000","113,000","1,872,000","1,295,000","2,134,000","1,303,000","7,358,000","12,053,000","10,487,000","4,368,000","200,000","5,181,000","8,007,000","8,084,000","10,951,000","10,365,000","6,288,000","3,021,000","-6,735,000","-5,603,000","-8,717,000","-11,082,000","-247,350,000","-1,173,000","-2,985,000","-3,444,000","-1,067,000","125,000","6,826,000","7,672,000","186,000","12,583,000","12,195,000","-3,719,000","-59,000","1,528,000","2,059,000","1,850,000","2,520,000","2,409,000","1,858,000","921,000","586,000","319,000","-33,000","-414,000","50,000","-317,000","603,000","268,000","239,000","576,000","5,673,000","8,977,000","5,887,000","6,914,000","5,506,000","4,122,000","1,100,000","1,600,000","8,600,000","6,500,000"
NetNonOperatingInterestIncomeExpense,"1,179,000","377,000","264,000","234,000","304,000","361,000","459,000","544,000","686,000","1,210,000","999,000","1,001,000","860,000","806,000","732,000","607,000","476,000","391,000","313,000","244,000","223,000","191,000","145,000","-64,000","-1,446,000","-1,469,000","-1,481,000","-1,440,000","-1,385,000","-1,382,000","-1,367,000","-1,328,000","-1,341,000","-1,281,000","-1,408,000","-1,262,000","-1,200,000","-1,209,000","-1,097,000","-1,125,000","-1,079,000","-1,076,000","-1,118,000","-892,000","43,000","42,000","44,000","43,000","44,000","36,000","70,000","29,000","48,000","122,000",,,,,,,,,,,,,,,,,,,,,,,,,,,,,,,,,,,,,,,,
	InterestIncomeNonOperating,"1,179,000","377,000","264,000","234,000","304,000","361,000","459,000","544,000","686,000","1,210,000",,,,,,,,,,,,,,,,,,,,,,,,,,,,,,,,,,,"43,000","42,000","44,000","43,000","44,000","36,000","70,000","29,000","48,000","122,000",,,,,,,,,,,,,,,,,,,,,,,,,,,,,,,,,,,,,,,,
	InterestExpenseNonOperating,,,,,,,,,,,,,,,,,,,,,,,,,,,,,,,,,,,,,"1,200,000","1,209,000","1,097,000","1,125,000",,,,,,,,,,,,,,,,,,,,,,,,,,,,,,,,,,,,,,,,,,,,,,,,,,,,,,
	TotalOtherFinanceCost,"-3,005,000",,,,,,,,,,"-999,000","-1,001,000","-860,000","-806,000","-732,000","-607,000","-476,000","-391,000","-313,000","-244,000","-223,000","-191,000","-145,000","64,000","1,446,000","1,469,000","1,481,000","1,440,000","1,385,000","1,382,000","1,367,000","1,328,000","1,341,000","1,281,000","1,408,000","1,262,000","1,200,000","1,209,000","1,097,000",,"1,079,000","1,076,000","1,118,000","892,000",,,,,,,,,,,,,,,,,,,,,,,,,,,,,,,,,,,,,,,,,,,,,,,,,,
OtherIncomeExpense,"-848,000","-204,000","-64,000","-291,000","-289,000","-1,244,000","-643,000","-899,000","-1,198,000","32,000","-61,000","617,000","-157,000","381,000","-34,000","132,000","140,000","-182,000","76,000","12,902,000","-166,000","-269,000","260,000","404,000","-192,000","14,525,000","-194,000","327,000","212,000","-638,000","307,000","-337,000","-162,000","127,000","-45,000","4,000","398,000","-349,000","-229,000","-357,000","523,000","-419,000","-101,000","1,044,000","-120,000","24,000","-104,000","-902,000","1,040,000","-289,000","-1,000","0","0","2,000","-79,000","0","0","0","6,000","4,000","-1,000","-3,000","9,897,000","-31,000","-8,000","-9,900,000","0",,"0","0","0",,"0","0","0","0",,,"0","-3,500,000","0","0","0","0","0","0","-1,457,000","0",,"0",,,,
	GainOnSaleOfSecurity,"-963,000","-214,000","-217,000","-204,000","-328,000","-1,271,000","-759,000","-1,005,000","-1,271,000","-35,000","-98,000","552,000","-159,000","381,000","-340,000","128,000","140,000","-183,000","76,000","-98,000","-166,000","-269,000","260,000","-553,000","-192,000","-107,000","-194,000","327,000","212,000","-638,000","307,000","-337,000","-162,000","127,000","-45,000","4,000","398,000","-331,000",,,,,,,,,,,,,,,,"2,000",,,,,,,,,,,,,,,,,,,,,,,,,,,,,,,,,,,,,,,,
	SpecialIncomeCharges,,,,,,,,,,,,,,,"302,000","0",,,"0","13,000,000","0","0","0","957,000","0","14,632,000","-194,000","-327,000","212,000","638,000","-307,000",,"-162,000","-127,000","-45,000","4,000","398,000","-349,000","-229,000","-357,000","523,000","-419,000","-101,000","1,044,000","-120,000","24,000","-104,000","-902,000","1,040,000","-289,000",,,,,,,,,,"4,000","-1,000","-3,000","9,897,000","-31,000","-8,000","-9,900,000",,,,,,,,,,,,,"0","-3,500,000",,,,,,,,,,,,,,
		OtherSpecialCharges,,,,,,,,,,,,,,,,,,,"0","-13,000,000",,"-269,000","0","-11,000","192,000","-14,632,000",,,,,,,,,,,"-398,000","349,000",,,,,,,,,,,,,,,,,,,,,,,,,,,,"0",,,,,,,,,,,,,"0","0",,,,,,,,,,,,,,
		GainOnSaleOfPPE,,,,,,,,,,,,,,,,,,,,"0",,,"0","946,000",,,,,,,,,,,,,,,,,,,,,,,,,,,,,,,,,,,,,,,,,,,,,,,,,,,,,,,,,,,,,,,,,,,,,,
	OtherNonOperatingIncomeExpenses,"115,000","10,000","153,000","-87,000","39,000","27,000","116,000","106,000","73,000","67,000","37,000","65,000","2,000","381,000","4,000","4,000","140,000","1,000","76,000","-98,000",,"-269,000",,,,"-107,000","-194,000","327,000","212,000","-638,000","307,000","-337,000","-162,000","127,000","-45,000","4,000","398,000","-18,000","-229,000",,,,,,,,,,,,,,,,,,,,,,,,,,,,,,,,,,,,,,,,,,,,,,,,,,,,,,,
PretaxIncome,"187,997,000","58,917,000","50,055,000","43,069,000","35,956,000","26,602,000","14,527,000","8,927,000","7,418,000","-4,004,000","-22,421,000","6,908,000","6,121,000","8,795,000","10,014,000","8,368,000","17,290,000","17,674,000","11,780,000","25,663,000","12,752,000","9,607,000","6,744,000","12,970,000","10,593,000","19,561,000","4,179,000","10,880,000","8,656,000","3,097,000","2,510,000","2,835,000","-10,995,000","-1,041,000","419,000","37,000","1,332,000","-255,000","6,032,000","10,571,000","9,931,000","2,873,000","-1,019,000","5,333,000","7,930,000","8,150,000","10,891,000","9,506,000","7,372,000","2,768,000","-6,666,000","-5,574,000","-8,669,000","-10,958,000","-247,046,000","-878,000","-2,814,000","-3,063,000","-952,000","1,203,000","7,749,000","8,705,000","10,995,000","13,352,000","12,996,000","-12,907,000","280,000","1,736,000","2,476,000","2,274,000","2,896,000","3,332,000","2,109,000","1,270,000","864,000","604,000","372,000","228,000","511,000","-3,071,000","1,019,000","694,000","758,000","1,257,000","6,533,000","9,691,000","6,439,000","7,492,000","6,051,000","4,621,000","800,000",,,
TaxProvision,"16,431,000","5,587,000","3,318,000","6,621,000","905,000","2,489,000","-5,387,000","836,000","-6,000","400,000","-4,669,000","348,000","595,000","1,219,000","1,932,000","1,181,000","2,593,000","2,544,000","12,584,000","8,294,000","3,559,000","2,456,000","618,000","3,684,000","2,992,000","5,622,000","1,296,000","3,682,000","2,629,000","1,249,000","1,016,000","3,833,000","-6,583,000","-317,000","-1,635,000","-215,000","573,000","-648,000","-22,964,000","3,910,000","3,585,000","1,011,000","-7,249,000","33,000","973,000","1,411,000","1,337,000","603,000","859,000","723,000","-552,000","-739,000","-44,000","-904,000","-1,439,000","-430,000","-829,000","-1,417,000","-408,000","-185,000","2,298,000","3,141,000","2,605,000","5,281,000","5,005,000","-1,161,000","74,000","575,000","615,000","525,000","808,000","1,138,000","617,000","292,000","20,000","139,000","86,000","53,000","-45,000","20,000","363,000","247,000","96,000","398,000","2,416,000","3,590,000","-865,000","1,189,000","-2,525,000","1,770,000","-2,300,000",,,
NetIncomeCommonStockholders,"171,566,000","53,330,000","46,737,000","36,448,000","35,051,000","24,113,000","19,914,000","8,091,000","7,424,000","-4,404,000","-17,752,000","6,560,000","5,526,000","7,576,000","8,082,000","7,187,000","14,697,000","15,130,000","-804,000","17,369,000","9,193,000","7,151,000","6,126,000","9,286,000","7,601,000","13,939,000","2,883,000","7,198,000","6,027,000","1,848,000","1,494,000","-998,000","-4,412,000","-724,000","2,054,000","252,000","759,000","393,000","28,996,000","6,661,000","6,346,000","1,862,000","6,230,000","5,300,000","6,957,000","6,739,000","9,554,000","8,903,000","6,513,000","2,045,000","-6,114,000","-4,835,000","-8,625,000","-10,054,000","-245,607,000","-448,000","-1,985,000","-1,646,000","-544,000","1,388,000","5,451,000","5,564,000","8,390,000","8,071,000","7,991,000","-11,746,000","206,000","1,161,000","1,861,000","1,749,000","2,088,000","2,194,000","1,492,000","978,000","844,000","465,000","286,000","175,000","556,000","-3,091,000","656,000","447,000","662,000","859,000","4,117,000","6,101,000","5,846,000","6,303,000","8,576,000","2,851,000","2,600,000","200,000","400,000","-500,000"
	NetIncome,"171,566,000","53,330,000","46,737,000","36,448,000","35,051,000","24,113,000","19,914,000","8,091,000","7,424,000","-4,404,000","-17,752,000","6,560,000","5,526,000","7,576,000","8,082,000","7,187,000","14,697,000","15,130,000","-804,000","17,369,000","9,193,000","7,151,000","6,126,000","9,286,000","7,601,000","13,939,000","2,883,000","7,198,000","6,027,000","1,848,000","1,494,000","-998,000","-4,412,000","-724,000","2,054,000","252,000","759,000","393,000","28,996,000","6,661,000","6,346,000","1,862,000","6,230,000","5,300,000","6,957,000","6,739,000","9,554,000","8,903,000","6,513,000","2,045,000","-6,114,000","-4,835,000","-8,625,000","-10,054,000","-245,607,000","-448,000","-1,985,000","-1,646,000","-544,000","1,388,000","5,451,000","5,564,000","8,390,000","8,071,000","7,991,000","-11,746,000","206,000","1,161,000","1,861,000","1,749,000","2,088,000","2,194,000","1,492,000","978,000","844,000","465,000","286,000","175,000","556,000","-3,091,000","656,000","447,000","662,000","859,000","4,117,000","6,101,000","5,846,000","6,303,000","8,576,000","2,851,000","2,700,000","400,000","400,000","-500,000"
		NetIncomeIncludingNoncontrollingInterests,"171,566,000","53,330,000","46,737,000","36,448,000","35,051,000","24,113,000","19,914,000","8,091,000","7,424,000","-4,404,000","-17,752,000","6,560,000","5,526,000","7,576,000","8,082,000","7,187,000","14,697,000","15,130,000","-804,000","17,369,000","9,193,000","7,151,000","6,126,000","9,286,000","7,601,000","13,939,000","2,883,000","7,198,000","6,027,000","1,848,000","1,494,000","-998,000","-4,412,000","-724,000","2,054,000","252,000","759,000","393,000","28,996,000","6,661,000","6,346,000","1,862,000","6,230,000","5,300,000","6,957,000","6,739,000","9,554,000","8,903,000","6,513,000","2,045,000","-6,114,000","-4,835,000","-8,625,000","-10,054,000","-245,607,000","-448,000","-1,985,000","-1,646,000","-544,000","1,388,000","5,451,000","5,564,000","8,390,000","8,071,000","7,991,000","-11,746,000","206,000","1,161,000","1,861,000","1,749,000","2,088,000","2,194,000","1,492,000","978,000","844,000","465,000","286,000","175,000","556,000","-3,091,000","656,000","447,000","662,000","859,000","4,117,000","6,101,000","5,846,000","6,303,000","8,576,000","2,851,000","2,700,000","400,000","400,000","-500,000"
			NetIncomeContinuousOperations,"171,566,000","53,330,000","46,737,000","36,448,000","35,051,000","24,113,000","19,914,000","8,091,000","7,424,000","-4,404,000","-17,752,000","6,560,000","5,526,000","7,576,000","8,082,000","7,187,000","14,697,000","15,130,000","-804,000","17,369,000","9,193,000","7,151,000","6,126,000","9,286,000","7,601,000","13,939,000","2,883,000","7,198,000","6,027,000","1,848,000","1,494,000","-998,000","-4,412,000","-724,000","2,054,000","252,000","759,000","393,000","28,996,000","6,661,000","6,346,000","1,862,000","6,230,000","5,300,000","6,957,000","6,739,000","9,554,000","8,903,000","6,513,000","2,045,000","-6,114,000","-4,835,000","-8,625,000","-10,054,000","-245,607,000","-448,000","-1,985,000","-1,646,000","-544,000","1,388,000","5,451,000","5,564,000","8,390,000","8,071,000","7,991,000","-11,746,000","206,000","1,161,000","1,861,000","1,749,000","2,088,000","2,194,000","1,492,000","978,000","844,000","465,000","286,000","175,000","556,000","-3,091,000","656,000","447,000","662,000","859,000","4,117,000","6,101,000","7,304,000","6,303,000","8,576,000","2,851,000","3,100,000","400,000","400,000","-500,000"
	PreferredStockDividends,,,,,,,,,,,,,,,,,,,,,,,,,,,,,,,,,,,,,,,,,,,,,,,,,,,,,,,,,,,,,,,,,,,,,,,,,,,,,,,,,,,,,,,,,,,"100,000","200,000",,
DilutedNIAvailtoComStockholders,"171,566,000","53,330,000","46,737,000","36,448,000","35,051,000","24,113,000","19,914,000","8,091,000","7,424,000","-4,404,000","-17,752,000","6,560,000","5,526,000","7,576,000","8,082,000","7,187,000","14,697,000","15,130,000","-804,000","17,369,000","9,193,000","7,151,000","6,126,000","9,286,000","7,601,000","13,939,000","2,883,000","7,198,000","6,027,000","1,848,000","1,494,000","-998,000","-4,412,000","-724,000","2,054,000","252,000","759,000","393,000","28,996,000","6,661,000","6,346,000","1,862,000","6,230,000","5,300,000","6,957,000","6,739,000","9,554,000","8,903,000","6,513,000","2,045,000","-6,114,000","-4,835,000","-8,625,000","-10,054,000","-245,607,000","-448,000","-1,985,000","-1,646,000","-544,000","1,388,000","5,451,000","5,564,000","8,390,000","8,071,000","7,991,000","-11,746,000","206,000","1,161,000","1,861,000","1,749,000","2,088,000","2,194,000","1,492,000","978,000","844,000","465,000","286,000","175,000","556,000","-3,091,000","656,000","447,000","662,000","859,000","4,117,000","6,101,000","5,846,000","6,303,000","8,576,000","2,851,000","2,600,000","200,000","400,000","-500,000"
BasicEPS,,"1.08","0.95","0.74","0.71","0.49","0.41","0.17","0.15","-0.09",,"0.26","0.223","0.31","0.322","0.285","0.57","0.595","-0.037","0.682","0.36","0.285",,"0.372","0.31","0.558","0.112","0.285","0.236","0.074","0.062","-0.037","-0.161","-0.025","0.074","0.012","0.025","0.012","1.116","0.26","0.248","0.074","0.248","0.211","0.273","0.26",,"0.347","0.26","0.087",,"-0.198","-0.347","-0.409",,"-0.012","-0.074","-0.062",,"0.062","0.236","0.236",,"0.347","0.347","-0.645",,"0.087","0.136","0.124",,"0.161","0.112","0.074",,"0.037","0.025","0.012",,"-0.236","0.05","0.037",,"0.062","0.322","0.496",,"0.533","0.719","0.236",,"0.062","0.062","-0.099"
DilutedEPS,,"1.07","0.94","0.73","0.71","0.49","0.4","0.16","0.15","-0.09",,"0.26","0.223","0.298","0.322","0.273","0.558","0.583","-0.037","0.669","0.36","0.273",,"0.372","0.298","0.545","0.112","0.273","0.236","0.074","0.05","-0.037","-0.161","-0.025","0.074","0.012","0.025","0.012","1.091","0.248","0.236","0.074","0.236","0.198","0.273","0.26",,"0.347","0.26","0.087",,"-0.198","-0.347","-0.409",,"-0.012","-0.074","-0.062",,"0.062","0.236","0.236",,"0.347","0.347","-0.645",,"0.087","0.136","0.124",,"0.161","0.112","0.074",,"0.037","0.025","0.012",,"-0.236","0.05","0.037",,"0.062","0.31","0.471",,"0.496","0.669","0.223",,"0.062","0.062","-0.099"
BasicAverageShares,,"49,437,000","49,386,000","49,361,000","49,193,000","49,000,000","48,931,000","48,900,000","48,736,000","50,121,000",,"25,156,003","25,108,410","24,939,009","25,222,957","25,733,579","25,699,699","25,540,785","25,488,351","25,467,378","25,410,911","25,240,704",,"24,997,089","24,828,495","24,972,083","25,019,676","25,431,078","25,541,592","25,755,359","26,524,922","26,811,290","26,813,710","26,694,323","26,580,583","26,537,022","26,270,821","26,235,328","26,099,001","26,069,154","25,929,600","25,834,413","25,710,992","25,675,499","25,481,898","25,439,951",,"25,301,204","25,181,010","25,101,150",,"25,094,697","24,972,083","24,827,689",,"24,830,109","24,739,762","24,630,055",,"23,516,043","23,480,550","23,418,436",,"23,271,281","23,101,017","18,186,509",,"13,650,114","13,629,883","13,585,288",,"13,516,057","13,504,268","13,466,070",,"13,210,378","13,194,609","13,173,782",,"13,089,306","13,051,518","13,024,231",,"12,972,216","12,938,495","12,393,100",,"11,940,146","11,882,758","11,845,711",,"5,377,800","6,453,360","5,041,688"
DilutedAverageShares,,"49,915,000","49,847,000","49,762,000","49,701,000","49,572,000","49,326,000","49,131,000","49,014,000","50,121,000",,"25,382,678","25,327,824","25,221,344","25,527,072","26,142,561","26,165,954","26,069,154","25,488,351","25,950,573","25,931,213","25,860,226",,"25,377,031","25,614,999","25,534,332","25,873,940","25,978,000","26,086,901","26,256,301","27,026,671","26,811,290","26,813,710","26,694,323","27,054,905","26,963,751","26,745,143","26,812,904","26,656,410","26,508,789","26,399,889","26,388,595","26,182,894","26,062,701","25,844,093","25,870,713",,"25,437,531","25,359,284","25,290,717",,"25,094,697","24,972,083","24,827,689",,"24,830,109","24,739,762","24,630,055",,"23,595,097","23,645,111","23,574,124",,"23,489,710","23,347,810","18,186,509",,"13,680,354","13,655,598","13,651,250",,"13,567,837","13,626,317","13,738,183",,"13,537,018","13,355,213","13,347,645",,"13,089,306","13,489,489","13,588,670",,"13,430,295","13,481,299","12,952,952",,"12,743,151","12,710,487","12,797,817",,"5,377,800","6,453,360","5,041,688"
TotalOperatingIncomeAsReported,"187,666,000","58,744,000","49,855,000","43,126,000","35,941,000","27,485,000","14,711,000","9,282,000","7,930,000","-5,246,000","-23,359,000","5,290,000","5,418,000","7,608,000","9,316,000","7,629,000","16,674,000","17,465,000","11,391,000","25,517,000","12,695,000","9,685,000","6,339,000","12,641,000","12,231,000","21,137,000","5,854,000","11,993,000","9,829,000","5,117,000","3,570,000","4,500,000","-9,492,000","113,000","1,872,000","1,295,000","2,134,000","1,303,000","7,358,000","12,053,000","10,487,000","4,368,000","200,000","5,181,000","8,007,000","8,084,000","10,951,000","10,365,000","6,288,000","3,021,000","-6,735,000","-5,603,000","-8,717,000","-11,082,000","-247,350,000","-1,173,000","-2,985,000","-3,444,000","-2,067,000","125,000","6,826,000","7,672,000","10,086,000","12,583,000","12,195,000","-13,619,000","-59,000","1,528,000","2,059,000","1,850,000","2,520,000","2,409,000","1,858,000","921,000","586,000","319,000","-33,000","-414,000","50,000","-3,817,000","603,000","268,000","239,000","576,000","5,673,000","8,977,000","5,887,000","6,914,000","5,506,000","4,122,000","1,100,000","1,600,000",,
TotalExpenses,"673,304,000","182,606,000","175,789,000","157,463,000","157,446,000","141,794,000","140,417,000","117,210,000","127,018,000","145,174,000","143,917,000","57,645,000","56,093,000","53,284,000","53,464,000","52,803,000","60,802,000","55,631,000","48,690,000","54,403,000","54,723,000","50,994,000","47,737,000","49,011,000","50,470,000","47,857,000","45,203,000","46,604,000","49,637,000","47,453,000","46,021,000","42,460,000","52,510,000","41,536,000","42,613,000","42,749,000","43,925,000","40,347,000","46,941,000","50,099,000","45,839,000","41,341,000","43,420,000","36,253,000","43,536,000","42,515,000","43,060,000","41,958,000","42,061,000","37,601,000","35,660,000","28,933,000","24,058,000","22,143,000","263,778,000","40,159,000","41,401,000","40,654,000","33,649,000","31,336,000","40,904,000","40,684,000","54,276,000","45,583,000","44,497,000","35,567,000","18,334,000","18,673,000","19,326,000","21,207,000","20,558,000","19,436,000","18,575,000","17,971,000","15,309,000","13,850,000","13,964,000","14,919,000","17,040,000","15,516,000","12,515,000","11,770,000","10,452,000","14,482,000","17,415,000","21,584,000","20,574,000","17,735,000","14,497,000","12,871,000","11,800,000","8,500,000",,
NetIncomeFromContinuingAndDiscontinuedOperation,"171,566,000","53,330,000","46,737,000","36,448,000","35,051,000","24,113,000","19,914,000","8,091,000","7,424,000","-4,404,000","-17,752,000","6,560,000","5,526,000","7,576,000","8,082,000","7,187,000","14,697,000","15,130,000","-804,000","17,369,000","9,193,000","7,151,000","6,126,000","9,286,000","7,601,000","13,939,000","2,883,000","7,198,000","6,027,000","1,848,000","1,494,000","-998,000","-4,412,000","-724,000","2,054,000","252,000","759,000","393,000","28,996,000","6,661,000","6,346,000","1,862,000","6,230,000","5,300,000","6,957,000","6,739,000","9,554,000","8,903,000","6,513,000","2,045,000","-6,114,000","-4,835,000","-8,625,000","-10,054,000","-245,607,000","-448,000","-1,985,000","-1,646,000","-544,000","1,388,000","5,451,000","5,564,000","8,390,000","8,071,000","7,991,000","-11,746,000","206,000","1,161,000","1,861,000","1,749,000","2,088,000","2,194,000","1,492,000","978,000","844,000","465,000","286,000","175,000","556,000","-3,091,000","656,000","447,000","662,000","859,000","4,117,000","6,101,000","7,304,000","6,303,000","8,576,000","2,851,000","3,100,000","400,000","400,000","-500,000"
NormalizedIncome,"172,444,833.481","53,524,740","46,939,615.703","36,621,400","35,369,160","25,269,610","20,468,070","9,005,550","8,695,000","-4,378,450","-17,674,407.743","6,035,600","5,669,577","7,247,959","8,112,668.664","7,077,048","14,578,000","15,286,648","-849,600","8,634,346","9,312,686","7,351,136","5,889,825.623","8,996,736","7,738,856","3,582,675","3,016,836.324","6,981,526","5,879,448","2,230,800","1,309,800","-778,950","-4,306,700","-812,265","2,083,250","249,400","500,300","608,150","29,144,850","6,885,952.89","6,011,798.208","2,133,555.169","6,295,650","4,262,460.154","7,062,276.166","6,719,155.092","9,645,232.761","9,747,782.874","5,594,182.854","2,258,513.367","-6,114,000","-4,835,000","-8,625,000","-10,055,835.006","-245,607,000","-448,000","-1,985,000","-1,646,000","-544,000","1,385,400","5,451,703.446","5,565,917.519","837,855.389","8,089,738.841","7,995,919.052","-2,736,516.774","206,000","1,161,000","1,861,000","1,749,000","2,088,000","2,194,000","1,492,000","978,000","844,000","465,000","286,000","175,000","556,000","-991,000","656,000","447,000","662,000","859,000","4,117,000","6,101,000","7,304,000","6,303,000","8,576,000","2,851,000","3,100,000","400,000","400,000","-500,000"
InterestIncome,"1,179,000","377,000","264,000","234,000","304,000","361,000","459,000","544,000","686,000","1,210,000",,,,,,,,,,,,,,,,,,,,,,,,,,,,,,,,,,,"43,000","42,000","44,000","43,000","44,000","36,000","70,000","29,000","48,000","122,000","383,000","295,000","171,000","381,000","1,109,000","1,074,000","924,000",,"912,000","800,000","809,000","712,000","339,000",,"417,000","424,000","376,000",,"251,000","349,000","278,000","285,000",,,"461,000","746,000","416,000","426,000","519,000","681,000","860,000","714,000","551,000","578,000",,"499,000",,,,
InterestExpense,,,,,,,,,,,,,,,,,,,,,,,,,,,,,,,,,,,,,"1,200,000","1,209,000","1,097,000","1,125,000",,,,,,,,,,,,,,,,,,,,,,,,,,,,,,,,,,,,,,,,,,,,,,,,,,,,"1,100,000",,
NetInterestIncome,"1,179,000","377,000","264,000","234,000","304,000","361,000","459,000","544,000","686,000","1,210,000","999,000","1,001,000","860,000","806,000","732,000","607,000","476,000","391,000","313,000","244,000","223,000","191,000","145,000","-64,000","-1,446,000","-1,469,000","-1,481,000","-1,440,000","-1,385,000","-1,382,000","-1,367,000","-1,328,000","-1,341,000","-1,281,000","-1,408,000","-1,262,000","-1,200,000","-1,209,000","-1,097,000","-1,125,000","-1,079,000","-1,076,000","-1,118,000","-892,000","43,000","42,000","44,000","43,000","44,000","36,000","70,000","29,000","48,000","122,000","383,000","295,000","171,000","381,000","1,109,000","1,074,000","924,000",,"912,000","800,000","809,000","712,000","339,000",,"417,000","424,000","376,000",,"251,000","349,000","278,000","285,000",,,"461,000","746,000","416,000","426,000","519,000","681,000","860,000","714,000","551,000","578,000",,"499,000",,"-1,100,000",,
EBIT,"187,666,000","58,744,000","49,855,000","43,126,000","35,941,000","27,485,000","14,711,000","9,282,000","7,930,000","-5,246,000","-23,359,000","5,290,000","5,418,000","7,608,000","9,316,000","7,629,000","16,674,000","17,465,000","11,391,000","12,517,000","12,695,000","9,685,000","6,339,000","12,630,000","12,231,000","6,505,000","5,854,000","11,993,000","9,829,000","5,117,000","3,570,000","4,500,000","-9,492,000","113,000","1,872,000","1,295,000","2,134,000","1,303,000","7,611,000","11,696,000","10,487,000","4,368,000","200,000","5,181,000","8,007,000","8,084,000","10,951,000","10,365,000","6,288,000","3,021,000","-6,735,000","-5,603,000","-8,717,000","-11,082,000","-247,350,000","-1,173,000","-2,985,000","-3,444,000","-1,067,000","125,000","6,826,000","7,672,000","186,000","12,583,000","12,195,000","-3,719,000","-59,000","1,528,000","2,059,000","1,850,000","2,520,000","2,409,000","1,858,000","921,000","586,000","319,000","-33,000","-414,000","50,000","-317,000","603,000","268,000","239,000","576,000","5,673,000","8,977,000","5,887,000","6,914,000","5,506,000","4,122,000","1,100,000","1,600,000","8,600,000","6,500,000"
EBITDA,"253,677,000"
ReconciledCostOfRevenue,"378,147,000","107,961,000","98,450,000","87,671,000","84,065,000","75,192,000","75,781,000","54,010,000","60,226,000","74,194,000","78,405,000","30,388,000","28,491,000","27,619,000","28,898,000","27,770,000","34,624,000","29,365,000","26,890,000","30,730,000","31,006,000","27,887,000","25,303,000","28,292,000","27,584,000","24,373,000","23,374,000","25,680,000","26,573,000","22,706,000","22,292,000","20,995,000","18,712,000","19,040,000","20,556,000","20,533,000","21,452,000","18,621,000","24,817,000","28,073,000","25,140,000","20,742,000","19,554,000","18,041,000","22,518,000","22,164,000","23,818,000","22,095,000","22,162,000","19,270,000","14,432,000","12,208,000","8,563,000","7,314,000","20,794,000","20,445,000","19,426,000","20,870,000","16,804,000","14,615,000","21,511,000","20,246,000","25,099,000","26,343,000","25,759,000","21,901,000","9,672,000","10,229,000","10,836,000","11,880,000","11,947,000","11,107,000","10,227,000","9,979,000","8,668,000","7,544,000","7,660,000","8,045,000","9,648,000","8,675,000","7,438,000","6,582,000","6,264,000","8,035,000","10,852,000","13,621,000","12,958,000","11,333,000","9,083,000","7,819,000","5,200,000","4,700,000",,
ReconciledDepreciation,"66,011,000","16,185,000","17,083,000","16,553,000","16,190,000","15,975,000","16,663,000","17,240,000","16,840,000","16,835,000","11,850,000","1,423,000","1,496,000","1,641,000","1,601,000","1,592,000","1,499,000","1,690,000","1,489,000","1,551,000","1,461,000","1,429,000","1,444,000","1,495,000","1,519,000","1,539,000","1,639,000","1,520,000","1,524,000","1,413,000","2,159,000","1,572,000","1,672,000","1,710,000","1,718,000","1,707,000","1,740,000","1,771,000","1,417,000","1,477,000","1,380,000","1,618,000","1,548,000","1,584,000","1,610,000","1,581,000","1,499,000","1,388,000","1,410,000","1,478,000","3,217,000","2,019,000","1,658,000","1,752,000","2,386,000","3,469,000","2,995,000","2,893,000","2,297,000","2,425,000","2,492,000","2,986,000","2,553,000","2,382,000","2,367,000","1,370,000","704,000","662,000","649,000","634,000","599,000","559,000","525,000","528,000","484,000","565,000","562,000","563,000","569,000","356,000","363,000","357,000","394,000","373,000","322,000","277,000","267,000","263,000","236,000","234,000","1,400,000","100,000",,
NetIncomeFromContinuingOperationNetMinorityInterest,"171,566,000","53,330,000","46,737,000","36,448,000","35,051,000","24,113,000","19,914,000","8,091,000","7,424,000","-4,404,000","-17,752,000","6,560,000","5,526,000","7,576,000","8,082,000","7,187,000","14,697,000","15,130,000","-804,000","17,369,000","9,193,000","7,151,000","6,126,000","9,286,000","7,601,000","13,939,000","2,883,000","7,198,000","6,027,000","1,848,000","1,494,000","-998,000","-4,412,000","-724,000","2,054,000","252,000","759,000","393,000","28,996,000","6,661,000","6,346,000","1,862,000","6,230,000","5,300,000","6,957,000","6,739,000","9,554,000","8,903,000","6,513,000","2,045,000","-6,114,000","-4,835,000","-8,625,000","-10,054,000","-245,607,000","-448,000","-1,985,000","-1,646,000","-544,000","1,388,000","5,451,000","5,564,000","8,390,000","8,071,000","7,991,000","-11,746,000","206,000","1,161,000","1,861,000","1,749,000","2,088,000","2,194,000","1,492,000","978,000","844,000","465,000","286,000","175,000","556,000","-3,091,000","656,000","447,000","662,000","859,000","4,117,000","6,101,000","7,304,000","6,303,000","8,576,000","2,851,000","3,100,000","400,000","400,000","-500,000"
TotalUnusualItemsExcludingGoodwill,"-963,000","-214,000","-217,000","-204,000","-328,000","-1,271,000","-759,000","-1,005,000","-1,271,000","-35,000","-98,000","552,000","-159,000","381,000","-38,000","128,000","140,000","-183,000","76,000","12,902,000","-166,000","-269,000","260,000","404,000","-192,000","14,525,000","-194,000","327,000","212,000","-638,000","307,000","-337,000","-162,000","127,000","-45,000","4,000","398,000","-331,000","-229,000","-357,000","523,000","-419,000","-101,000","1,044,000","-120,000","24,000","-104,000","-902,000","1,040,000","-289,000",,,,"2,000",,,,,,"4,000","-1,000","-3,000","9,897,000","-31,000","-8,000","-9,900,000",,,,,,,,,,,,,"0","-3,500,000",,,,,,,,,,,,,,
TotalUnusualItems,"-963,000","-214,000","-217,000","-204,000","-328,000","-1,271,000","-759,000","-1,005,000","-1,271,000","-35,000","-98,000","552,000","-159,000","381,000","-38,000","128,000","140,000","-183,000","76,000","12,902,000","-166,000","-269,000","260,000","404,000","-192,000","14,525,000","-194,000","327,000","212,000","-638,000","307,000","-337,000","-162,000","127,000","-45,000","4,000","398,000","-331,000","-229,000","-357,000","523,000","-419,000","-101,000","1,044,000","-120,000","24,000","-104,000","-902,000","1,040,000","-289,000",,,,"2,000",,,,,,"4,000","-1,000","-3,000","9,897,000","-31,000","-8,000","-9,900,000",,,,,,,,,,,,,"0","-3,500,000",,,,,,,,,,,,,,
NormalizedEBITDA,"254,640,000","75,143,000","67,155,000","59,883,000","52,459,000","44,731,000","32,133,000","27,527,000","26,041,000","11,624,000","-11,411,000","6,161,000","7,073,000","8,868,000","10,955,000","9,093,000","18,033,000","19,338,000","12,804,000","1,166,000","14,322,000","11,383,000","7,523,000","13,721,000","13,942,000","-6,481,000","7,687,000","13,186,000","11,141,000","7,168,000","5,422,000","6,409,000","-7,658,000","1,696,000","3,635,000","2,998,000","3,476,000","3,405,000","9,257,000","13,530,000","11,344,000","6,405,000","1,849,000","5,721,000","9,737,000","9,641,000","12,554,000","12,655,000","6,658,000","4,788,000","-3,518,000","-3,584,000","-7,059,000","-9,332,000","-244,964,000","2,296,000","10,000","-551,000","1,230,000","2,546,000","9,319,000","10,661,000","-7,158,000","14,996,000","14,570,000","7,551,000","645,000","2,190,000","2,708,000","2,484,000","3,119,000","2,968,000","2,383,000","1,449,000","1,070,000","884,000","529,000","149,000","619,000","3,539,000","966,000","625,000","633,000","949,000","5,995,000","9,254,000","6,154,000","7,177,000","5,742,000","4,356,000","2,500,000","1,700,000","8,600,000","6,500,000"
TaxRateForCalcs,"0.087","0.09","0.066","0.15","0.03","0.09","0.27","0.09","0","0.27","0.208","0.05","0.097","0.139","0.193","0.141","0.15","0.144","0.4","0.323","0.279","0.256","0.092","0.284","0.282","0.287","0.31","0.338","0.304","0.4","0.4","0.35","0.35","0.305","0.35","0.35","0.35","0.35","0.35","0.37","0.361","0.352","0.35","0.006","0.123","0.173","0.123","0.063","0.117","0.261","0.083","0.133","0.005","0.082","0.006","0.35","0.295","0.35","0.35","0.35","0.297","0.361","0.237","0.396","0.385","0.09","0.264","0.331","0.248","0.231","0.279","0.342","0.293","0.23","0.023","0.23","0.231","0.232","0.4","0.4","0.356","0.356","0.127","0.317","0.37","0.37","0.4","0.159","0.4","0.383","0.4","0.4","0.4","0.4"
TaxEffectOfUnusualItems,"-84,166.519","-19,260","-14,384.297","-30,600","-9,840","-114,390","-204,930","-90,450","0","-9,450","-20,407.743","27,600","-15,423","52,959","-7,331.336","18,048","21,000","-26,352","30,400","4,167,346","-46,314","-68,864","23,825.623","114,736","-54,144","4,168,675","-60,163.676","110,526","64,448","-255,200","122,800","-117,950","-56,700","38,735","-15,750","1,400","139,300","-115,850","-80,150","-132,047.11","188,798.208","-147,444.831","-35,350","6,460.154","-14,723.834","4,155.092","-12,767.239","-57,217.126","121,182.854","-75,486.633","0","0","0","164.994","0","0","0","0","0","1,400","-296.554","-1,082.481","2,344,855.389","-12,261.159","-3,080.948","-890,516.774","0","0","0","0","0","0","0","0","0","0","0","0","0","-1,400,000","0","0","0","0","0","0","0","0","0","0","0","0","0","0"