name,ttm,03/31/2022,12/31/2021,09/30/2021,06/30/2021,03/31/2021,12/31/2020,09/30/2020,06/30/2020,03/31/2020,12/31/2019,09/30/2019,06/30/2019,03/31/2019,12/31/2018,09/30/2018,06/30/2018,03/31/2018,12/31/2017,09/30/2017,06/30/2017,03/31/2017,12/31/2016,09/30/2016,06/30/2016,03/31/2016,12/31/2015,09/30/2015,06/30/2015,03/31/2015,12/31/2014,09/30/2014,06/30/2014,03/31/2014,12/31/2013,09/30/2013,06/30/2013,03/31/2013,12/31/2012,09/30/2012,06/30/2012,03/31/2012,12/31/2011,09/30/2011,06/30/2011,03/31/2011,12/31/2010,09/30/2010,06/30/2010,03/31/2010,12/31/2009,09/30/2009,06/30/2009,03/31/2009,12/31/2008,09/30/2008,06/30/2008,03/31/2008
TotalRevenue,"579,312,000","147,354,000","147,287,000","147,572,000","137,099,000","144,524,000","146,625,000","145,806,000","145,603,000","149,885,000","160,184,000","167,411,000","176,032,000","174,777,000","103,656,000","106,102,000","108,085,000","108,717,000","107,170,000","70,179,000","69,887,000","69,296,000","66,030,000","64,478,000","64,061,000","63,611,000","61,685,000","62,092,000","62,113,000","62,659,000","64,625,000","64,158,000","62,428,000","59,820,000","58,271,000","56,401,000","57,261,000","57,678,000","56,265,000","54,083,000","50,273,000","50,455,000","52,232,000","45,719,000","41,923,000","39,076,000","36,728,000","30,746,000","25,940,000","23,355,000","20,653,000","19,656,000","19,405,000","19,242,000","19,468,000","18,438,000","18,862,000","18,657,000"
	OperatingRevenue,"579,312,000","147,354,000","147,287,000","147,572,000","137,099,000","144,524,000","146,625,000","145,806,000","145,603,000","149,885,000","160,184,000","167,411,000","176,032,000","174,777,000","103,656,000","106,102,000","108,085,000","108,717,000","107,170,000","70,179,000","69,887,000","69,296,000","66,030,000","64,478,000","64,061,000","63,611,000","61,685,000","62,092,000","62,113,000","62,659,000","64,625,000","64,158,000","62,428,000","59,820,000","58,271,000","56,401,000","57,261,000","57,678,000","56,265,000","54,083,000","50,273,000","50,455,000","52,232,000","45,719,000","41,923,000","39,076,000","36,728,000","30,746,000","25,940,000","23,355,000","20,653,000","19,656,000","19,405,000","19,242,000","19,468,000","18,438,000","18,862,000","18,657,000"
CostOfRevenue,"72,461,000","16,645,000","19,837,000","20,067,000","15,912,000","16,154,000","16,418,000","16,113,000","15,781,000","16,807,000","18,354,000","18,824,000","18,147,000","18,392,000","12,306,000","12,072,000","12,365,000","12,964,000","12,962,000","8,862,000","7,941,000","8,177,000","7,893,000","7,591,000","7,566,000","7,653,000","7,087,000","7,735,000","7,674,000","7,410,000","7,384,000","7,027,000","7,166,000","6,812,000","6,650,000","6,255,000","6,648,000","6,503,000","-6,642,000","10,868,000","9,819,000","9,368,000","9,292,000","9,228,000","8,177,000","7,964,000","12,617,000","3,292,000","4,497,000","2,568,000","2,296,000","2,031,000","2,113,000","0","-5,951,000","2,011,000","1,982,000","0"
GrossProfit,"506,851,000","130,709,000","127,450,000","127,505,000","121,187,000","128,370,000","130,207,000","129,693,000","129,822,000","133,078,000","141,830,000","148,587,000","157,885,000","156,385,000","91,350,000","94,030,000","95,720,000","95,753,000","94,208,000","61,317,000","61,946,000","61,119,000","58,137,000","56,887,000","56,495,000","55,958,000","54,598,000","54,357,000","54,439,000","55,249,000","57,241,000","57,131,000","55,262,000","53,008,000","51,621,000","50,146,000","50,613,000","51,175,000","62,907,000","43,215,000","40,454,000","41,087,000","42,940,000","36,491,000","33,746,000","31,112,000","24,111,000","27,454,000","21,443,000","20,787,000","18,357,000","17,625,000","17,292,000","19,242,000","25,419,000","16,427,000","16,880,000","18,657,000"
OperatingExpense,"392,601,000","100,403,000","99,742,000","93,907,000","98,549,000","107,230,000","102,336,000","103,216,000","102,362,000","102,944,000","109,455,000","122,823,000","119,819,000","125,761,000","50,852,000","94,520,000","74,737,000","83,337,000","82,287,000","44,322,000","45,108,000","43,065,000","40,185,000","41,557,000","38,932,000","38,935,000","38,310,000","38,350,000","37,203,000","38,000,000","38,304,000","38,977,000","35,211,000","35,261,000","33,997,000","32,497,000","31,280,000","30,510,000","44,470,000","26,258,000","24,197,000","23,964,000","25,686,000","20,848,000","18,739,000","17,498,000","10,356,000","16,137,000","10,987,000","12,428,000","11,421,000","9,762,000","9,105,000","10,730,000","17,242,000","9,181,000","8,506,000","10,592,000"
	SellingGeneralAndAdministration,"46,976,000","12,571,000","8,288,000","7,837,000","18,280,000","17,704,000","12,678,000","14,623,000","12,405,000","14,121,000","15,204,000","17,508,000","16,214,000","18,104,000","-5,581,000","30,166,000","10,467,000","16,296,000","13,345,000","8,674,000","9,258,000","8,568,000","7,486,000","9,299,000","7,681,000","7,700,000","7,523,000","8,908,000","7,736,000","8,575,000","8,569,000","9,656,000","8,160,000","8,793,000","7,412,000","8,296,000","7,292,000","7,236,000","19,770,000","3,637,000","2,719,000","3,039,000","3,243,000","2,746,000","2,566,000","2,343,000","-4,100,000","4,669,000","1,623,000","3,991,000","3,806,000","3,045,000","2,396,000","2,262,000","2,279,000","2,533,000","2,144,000","2,257,000"
		GeneralAndAdministrativeExpense,"46,976,000","12,571,000","8,288,000","7,837,000","18,280,000","17,704,000","12,678,000","14,623,000","12,405,000","14,121,000","15,204,000","17,508,000","16,214,000","18,104,000","-5,581,000","30,166,000","10,467,000","16,296,000","13,345,000","8,674,000","9,258,000","8,568,000","7,486,000","9,299,000","7,681,000","7,700,000","7,523,000","8,908,000","7,736,000","8,575,000","8,569,000","9,656,000","8,160,000","8,793,000","7,412,000","8,296,000","7,292,000","7,236,000",,,,,,,,,,,,,,,,,,,,
			OtherGandA,"46,976,000","12,571,000","8,288,000","7,837,000","18,280,000","17,704,000","12,678,000","14,623,000","12,405,000","14,121,000","15,204,000","17,508,000","16,214,000","18,104,000","-5,581,000","30,166,000","10,467,000","16,296,000","13,345,000","8,674,000","9,258,000","8,568,000","7,486,000","9,299,000","7,681,000","7,700,000","7,523,000","8,908,000","7,736,000","8,575,000","8,569,000","9,656,000","8,160,000","8,793,000","7,412,000","8,296,000","7,292,000","7,236,000",,,,,,,,,,,,,,,,,,,,
	DepreciationAmortizationDepletionIncomeStatement,"237,876,000","60,469,000","62,503,000","59,533,000","55,371,000","64,087,000","62,226,000","62,227,000","64,170,000","62,943,000","63,512,000","74,939,000","73,913,000","77,521,000","33,044,000","42,569,000","42,671,000","44,204,000","47,639,000","20,781,000","20,663,000","20,505,000","18,440,000","18,404,000","17,985,000","18,324,000","17,021,000","17,161,000","17,299,000","17,215,000","17,339,000","17,636,000","16,191,000","15,427,000","14,739,000","14,032,000","13,972,000","13,696,000","13,885,000","13,056,000","12,153,000","12,072,000","12,227,000","10,379,000","9,097,000","8,386,000","7,637,000","6,321,000","5,401,000","4,880,000","3,983,000","3,828,000","3,797,000","3,564,000","3,612,000","3,552,000","3,520,000","3,498,000"
		DepreciationAndAmortizationInIncomeStatement,"237,876,000","60,469,000","62,503,000","59,533,000","55,371,000","64,087,000","62,226,000","62,227,000","64,170,000","62,943,000","63,512,000","74,939,000","73,913,000","77,521,000","33,044,000","42,569,000","42,671,000","44,204,000","47,639,000","20,781,000","20,663,000","20,505,000","18,440,000","18,404,000","17,985,000","18,324,000","17,021,000","17,161,000","17,299,000","17,215,000","17,339,000","17,636,000","16,191,000","15,427,000","14,739,000","14,032,000","13,972,000","13,696,000","13,885,000","13,056,000","12,153,000","12,072,000","12,227,000","10,379,000","9,097,000","8,386,000","7,637,000","6,321,000","5,401,000","4,880,000","3,983,000","3,828,000","3,797,000","3,564,000","3,612,000","3,552,000","3,520,000","3,498,000"
	OtherTaxes,,,,,,,,,,,,,,,,,,,,,,,,,,,,,,,,,,,,,,,,,,,,,,,,,,,,,,"2,106,000",,,,"1,958,000"
	OtherOperatingExpenses,"107,749,000","27,363,000","28,951,000","26,537,000","24,898,000","25,439,000","27,432,000","26,366,000","25,787,000","25,880,000","30,739,000","30,376,000","29,692,000","30,136,000","23,389,000","21,785,000","21,599,000","22,837,000","21,303,000","14,867,000","15,187,000","13,992,000","14,259,000","13,854,000","13,266,000","12,911,000","13,766,000","12,281,000","12,168,000","12,210,000","12,396,000","11,685,000","10,860,000","11,041,000","11,846,000","10,169,000","10,016,000","9,578,000","10,815,000","9,565,000","9,325,000","8,853,000","10,216,000","7,723,000","7,076,000","6,769,000","6,819,000","5,147,000","3,963,000","3,557,000","3,632,000","2,889,000","2,912,000","2,798,000","3,391,000","3,096,000","2,842,000","2,879,000"
OperatingIncome,"114,250,000","30,306,000","27,708,000","33,598,000","22,638,000","21,140,000","27,871,000","26,477,000","27,460,000","30,134,000","32,375,000","25,764,000","38,066,000","30,624,000","40,498,000","-490,000","20,983,000","12,416,000","11,921,000","16,995,000","16,838,000","18,054,000","17,952,000","15,330,000","17,563,000","17,023,000","16,288,000","16,007,000","17,236,000","17,249,000","18,937,000","18,154,000","20,051,000","17,747,000","17,624,000","17,649,000","19,333,000","20,665,000","18,437,000","16,957,000","16,257,000","17,123,000","17,254,000","15,643,000","15,007,000","13,614,000","13,755,000","11,317,000","10,456,000","8,359,000","6,936,000","7,863,000","8,187,000","8,512,000","8,177,000","7,246,000","8,374,000","8,065,000"
NetNonOperatingInterestIncomeExpense,"-111,023,000","-27,438,000","-27,657,000","-26,929,000","-28,999,000","-28,793,000","-28,801,000","-27,095,000","-25,175,000","-26,453,000","-29,834,000","-32,009,000","-35,107,000","-36,885,000","-20,187,000","-23,234,000","-23,155,000","-22,650,000","-21,688,000","-14,340,000","-13,896,000","-13,520,000","-12,679,000","-12,561,000","-10,304,000","-9,358,000","-9,100,000","-9,137,000","-9,455,000","-9,302,000","-9,517,000","-8,835,000","-5,150,000","-4,477,000","-4,426,000","-4,166,000","-4,060,000","-4,136,000","-4,235,000","-4,523,000","-4,090,000","-4,015,000","-3,267,000","-3,108,000","-3,056,000","-2,522,000","-2,146,000","-1,961,000","-1,678,000","-1,508,000","-1,731,000","-1,471,000","-2,318,000","0","-8,000","-19,000","-34,000","6,000"
	InterestIncomeNonOperating,"3,000","1,000","0","0","2,000","5,000","41,000","2,000","30,000","706,000","198,000","358,000","241,000","248,000","234,000","140,000","149,000","116,000","119,000","1,715,000","67,000","61,000","95,000","47,000","10,000","6,000",,,,,"1,000","10,000","8,000","50,000","17,000","10,000","5,000","11,000","8,000","7,000","6,000","8,000","15,000","54,000","20,000","15,000","23,000","12,000","0","23,000","-7,000","1,000","42,000","0","6,000","6,000","12,000","62,000"
	InterestExpenseNonOperating,"111,026,000","27,439,000","27,657,000","26,929,000","29,001,000","28,798,000","28,842,000","27,097,000","25,205,000","27,159,000","30,032,000","32,367,000","35,348,000","37,133,000","20,421,000","23,374,000","23,304,000","22,766,000","21,807,000","16,055,000","13,963,000","13,581,000","12,774,000","12,608,000","10,314,000","9,364,000","9,114,000","9,137,000","9,455,000","9,302,000","9,518,000","8,845,000","5,158,000","4,527,000","4,443,000","4,176,000","4,065,000","4,147,000","4,243,000","4,530,000","4,096,000","4,023,000","3,282,000","3,162,000","3,076,000","2,537,000","2,169,000","1,973,000","1,678,000","1,531,000","1,724,000","1,472,000","2,360,000","0","14,000","25,000","46,000","56,000"
OtherIncomeExpense,"-59,376,000","-14,898,000","17,634,000","-2,235,000","-59,877,000","46,344,000","-199,000","-2,954,000","-491,000","7,474,000","63,443,000","2,658,000","-67,863,000","40,998,000","-41,377,000","13,916,000","10,949,000","7,119,000","-8,955,000","-1,590,000","324,000","304,000","-526,000","229,000","315,000","-48,000","-11,923,000","-255,000","-204,833,000","6,000","-1,181,000","-2,306,000","-671,000","-509,000","-957,000","-1,498,000","-26,000","42,000","-971,000","-648,000","-169,000","-4,000","-630,000","-980,000","-963,000","-792,000","-4,978,000","-2,652,000","-1,018,000",,,"-207,000",,,,,,
	GainOnSaleOfSecurity,"26,499,000","2,149,000","24,200,000","36,000","114,000","54,004,000","33,000",,"66,000","10,756,000","71,593,000","11,463,000","-65,172,000","45,200,000","-27,143,000","17,729,000","10,625,000","13,235,000","305,000","304,000","303,000","304,000","304,000","304,000","363,000",,"-11,571,000","2,000",,"12,000",,,,,,,,,,,,,,,,,,,,,,,,,,,,
	EarningsFromEquityInterest,,,,,,,,,,,,,"-142,000",,,,"8,000",,"0","51,000","21,000",,"-2,000","72,000","16,000","0","0","-21,000","-1,353,000",,,"-39,000",,,,"64,000","79,000","76,000","80,000","115,000","76,000","45,000","28,000","28,000","46,000","37,000","16,000","35,000",,,,,,,,,,
	SpecialIncomeCharges,"-85,875,000","-17,047,000","-6,566,000","-2,271,000","-59,991,000","-7,660,000","-232,000","-2,954,000","-557,000","-3,282,000","-8,150,000","-8,805,000","-2,549,000","-4,202,000","-14,234,000","-3,813,000","316,000","-6,116,000","-9,260,000","-1,945,000","0","0","-828,000","-147,000","-64,000","-48,000","-352,000","-236,000","-203,480,000","-6,000","-1,220,000","-2,267,000","-671,000","-509,000","-738,000","-1,562,000","-105,000","-34,000","-1,051,000","-763,000","-245,000","-49,000","-658,000","-1,008,000","-1,009,000","-829,000","-4,994,000","-2,687,000","-1,018,000",,,"-207,000",,,,"0",,
		RestructuringAndMergernAcquisition,,,"0",,,,"232,000","0","0","0","0","0","98,000","584,000","10,695,000","3,813,000",,,"0","0","0","0","828,000","147,000","64,000","152,000","352,000","270,000","183,000","6,000","54,000","110,000","671,000","509,000","738,000","1,562,000","105,000","34,000","557,000","763,000","245,000","49,000","658,000","1,008,000","1,009,000","829,000","1,208,000","2,687,000","1,011,000",,,"207,000",,,,"0",,
		ImpairmentOfCapitalAssets,"71,807,000","17,047,000","6,566,000","-3,000","48,197,000","7,660,000","0","2,954,000","0","0","8,150,000","8,521,000","2,380,000","3,204,000","2,830,000","0","-316,000","6,116,000","9,260,000","230,000",,,,,,,,,,,"400,000","1,616,000",,,,,,,,,,,,,,,,,,,,,,,,,,
		WriteOff,,,,,,,,,,,,,,,,,,,,,,,"0","0","0",,"0",,"203,297,000",,,,,,,,,,,,,,,,,,,,,,,,,,,,,
		OtherSpecialCharges,,,"0","2,274,000","11,794,000",,"0",,"557,000","3,282,000","0","284,000","71,000","414,000","709,000",,,,"0","1,715,000",,,"0",,,"-104,000","0","-34,000",,,"766,000","541,000",,,,,,,,,,,,,,,,,"7,000",,,,,,,,,
		GainOnSaleOfPPE,"93,795,000",,,,,,,,,"10,756,000","71,593,000","11,463,000","-17,000","22,092,000","3,332,000",,,,,,,,,,,,,,,,,,,,,,,,,,,,,,,,,,,,,,,,,,,
PretaxIncome,"-56,149,000","-12,030,000","17,685,000","4,434,000","-66,238,000","38,691,000","-1,129,000","-3,572,000","1,794,000","11,155,000","65,984,000","-3,587,000","-64,904,000","34,737,000","-21,066,000","-9,808,000","8,777,000","-3,115,000","-18,722,000","1,065,000","3,266,000","4,838,000","4,747,000","2,998,000","7,574,000","7,617,000","-4,735,000","6,615,000","-197,052,000","7,953,000","8,239,000","7,013,000","14,230,000","12,761,000","12,241,000","11,985,000","15,247,000","16,571,000","13,231,000","11,786,000","11,998,000","13,104,000","13,357,000","11,555,000","10,988,000","10,300,000","6,631,000","6,704,000","7,760,000",,,"6,185,000",,,,"7,227,000",,
TaxProvision,"347,000","531,000","-97,000","34,000","-121,000","435,000","157,000","-54,000","235,000","39,000","269,000","156,000","-130,000","483,000","-7,000","9,000","83,000","32,000","36,000","22,000","25,000","18,000","38,000","13,000","35,000","15,000","37,000","-13,000","32,000","30,000","-13,000","7,000","101,000","22,000","83,000","-36,000","43,000","43,000","40,000","30,000","44,000","45,000","109,000","-8,000","56,000","46,000","90,000","35,000","25,000",,,,,,,,,
EarningsFromEquityInterestNetOfTax,"-2,951,000","-846,000","-837,000","-688,000","-580,000","-396,000","-378,000","-279,000","-260,000","-276,000","-686,000","-196,000",,"-235,000","-1,157,000","94,000","3,672,000","9,712,000","767,000","9,484,000","8,581,000","2,739,000","7,516,000","8,668,000","9,400,000","9,934,000","2,568,000","10,294,000","6,094,000","-41,087,000","5,979,000","4,910,000","118,000","-97,000","115,000",,,,,,,,,,,,,,,,,,,,,,,
NetIncomeCommonStockholders,"-59,447,000","-13,407,000","16,945,000","3,712,000","-66,697,000","37,860,000","-1,664,000","-3,797,000","1,299,000","10,840,000","65,029,000","-3,939,000","-64,774,000","34,019,000","-57,695,000","-449,000","29,602,000","6,287,000","-18,266,000","10,989,000","11,677,000","7,415,000","12,065,000","11,578,000","16,813,000","17,387,000","-2,339,000","16,911,000","-191,163,000","-33,370,000","14,114,000","12,622,000","14,608,000","15,190,000","12,724,000","1,966,000","15,204,000","24,726,000","13,191,000","11,756,000","11,954,000","13,059,000","13,248,000","11,563,000","10,932,000","10,254,000","6,541,000","6,669,000","7,735,000","6,851,000","5,412,000","6,185,000","5,869,000","8,512,000","8,169,000","7,227,000","8,340,000","8,071,000"
	NetIncome,"-59,447,000","-13,407,000","16,945,000","3,712,000","-66,697,000","37,860,000","-1,664,000","-3,797,000","1,299,000","10,840,000","65,029,000","-3,939,000","-64,774,000","34,019,000","-57,695,000","-449,000","29,695,000","6,565,000","-17,991,000","10,989,000","11,677,000","7,415,000","12,065,000","11,578,000","16,813,000","17,387,000","-2,339,000","16,911,000","-191,163,000","-33,370,000","14,114,000","12,622,000","14,608,000","15,190,000","12,724,000","1,966,000","15,204,000","24,726,000","13,191,000","11,756,000","11,954,000","13,059,000","13,248,000","11,563,000","10,932,000","10,254,000","6,541,000","6,669,000","7,735,000","6,851,000","5,412,000","6,185,000","5,869,000","8,512,000","8,169,000","7,227,000","8,340,000","8,071,000"
		NetIncomeIncludingNoncontrollingInterests,"-59,447,000","-13,407,000","16,945,000","3,712,000","-66,697,000","37,860,000","-1,664,000","-3,797,000","1,299,000","10,840,000","65,029,000","-3,939,000","-64,774,000","34,019,000","-57,695,000","-449,000","29,695,000","6,565,000","-17,991,000","10,989,000","11,677,000","7,415,000","12,065,000","11,578,000","16,813,000","17,387,000","-2,339,000","16,911,000","-191,163,000","-33,370,000","14,114,000","12,622,000","14,608,000","15,190,000","12,724,000","1,966,000","15,204,000","24,726,000","13,191,000","11,756,000","11,954,000","13,059,000","13,248,000","11,563,000","10,932,000","10,254,000","6,541,000","6,669,000","7,735,000","6,851,000","5,412,000","6,185,000","5,869,000","8,512,000","8,169,000","7,227,000","8,340,000","8,071,000"
			NetIncomeContinuousOperations,"-59,447,000","-13,407,000","16,945,000","3,712,000","-66,697,000","37,860,000","-1,664,000","-3,797,000","1,299,000","10,840,000","65,029,000","-3,939,000","-64,774,000","34,019,000","-22,216,000","-9,723,000","12,366,000","6,565,000","-17,991,000","10,527,000","11,822,000","7,559,000","12,225,000","11,653,000","16,939,000","17,536,000","-2,204,000","16,922,000","-190,990,000","-33,164,000","14,231,000","11,916,000","14,247,000","12,642,000","12,492,000","12,021,000","15,204,000","16,528,000","13,191,000","11,756,000","11,954,000","13,059,000","13,248,000","11,563,000","10,932,000","10,254,000","6,541,000","6,669,000","7,735,000","6,851,000","5,412,000","6,185,000","5,869,000","8,512,000","8,169,000","7,227,000","8,340,000","8,071,000"
			NetIncomeDiscontinuousOperations,,,,,,,,,,,"0","0","0","0","-18,150,000","9,274,000",,"0","0","462,000","-145,000","-144,000","-160,000","-154,000","-126,000","-149,000","-135,000","-11,000","-173,000","-206,000","-117,000","706,000","361,000","2,548,000","232,000","-10,055,000","0","8,198,000",,,,,,,,,,,,,,,,,,,,
			NetIncomeFromTaxLossCarryforward,,,,,,,,,,,,,,,,"0","17,329,000",,"0","0",,,"0","79,000",,,,,,,,,,,,,,,,,,,,,,,,,,,,,,,,,,
	PreferredStockDividends,,,,,,,,,,,,,,,"0",,"93,000","278,000","275,000",,,,,,,,,,,,,,,,,,,,,,,,,,,,,,,,,,,,,,,
DilutedNIAvailtoComStockholders,"-59,447,000","-13,407,000","16,945,000","3,712,000","-66,697,000","37,860,000","-1,664,000","-3,797,000","1,299,000","10,840,000","65,029,000","-3,939,000","-64,774,000","34,019,000","-57,695,000","-449,000","29,602,000","6,287,000","-18,266,000","10,989,000","11,677,000","7,415,000","12,065,000","11,578,000","16,813,000","17,387,000","-2,339,000","16,911,000","-191,163,000","-33,370,000","14,114,000","12,622,000","14,608,000","15,190,000","12,724,000","1,966,000","15,204,000","24,726,000","13,191,000","11,756,000","11,954,000","13,059,000","13,248,000","11,563,000","10,932,000","10,254,000","6,541,000","6,669,000","7,735,000","6,851,000","5,412,000","6,185,000","5,869,000","8,512,000","8,169,000","7,227,000","8,340,000","8,071,000"
BasicEPS,,"-0.28","0.35","0.08","-1.38","0.78","-0.03","-0.08","0.03","0.23","1.35","-0.08","-1.35","0.71","-2.31","-0.04","1.2","0.24","-0.72","0.44","0.64","0.4","0.68","0.64","0.96","0.96",,"0.96","-10.84","-1.88","0.8","0.76","1.08","1.12","0.92","0.16","1.12","1.8",,"1","1","1.12",,"1.04","1.08","1",,"0.72","1","0.96",,"1.16","1.88","3.44",,"2.905","3.353","3.24"
DilutedEPS,,"-0.28","0.35","0.08","-1.38","0.78","-0.03","-0.08","0.03","0.23","1.35","-0.08","-1.35","0.71","-2.31","-0.4","1.2","0.24","-0.72","0.44","0.64","0.4","0.68","0.64","0.96","0.96",,"0.96","-10.84","-1.88","0.8","0.76","1.08","1.12","0.92","0.16","1.12","1.8",,"1","1","1.12",,"1.04","1.08","1",,"0.72","1","0.96",,"1.16","1.88","3.422",,"2.905","3.353","3.24"
BasicAverageShares,,"48,243,000","48,243,000","48,211,000","48,165,000","48,161,000","48,161,000","48,132,000","48,106,000","48,095,000","48,094,000","48,073,000","48,049,000","48,031,000","25,027,000","24,767,750","24,762,750","24,760,250","24,760,000","24,220,750","17,772,000","17,769,750","17,769,750","17,763,500","17,759,500","17,757,750",,"17,751,000","17,621,250","17,566,500","17,563,500","16,392,000","13,685,750","13,681,250","13,680,500","13,671,000","13,667,250","13,661,250",,"11,777,000","11,774,500","11,763,000",,"11,330,500","10,126,500","10,125,250",,"9,092,250","7,815,250","7,271,000",,"5,363,750","3,096,000","2,487,500",,"2,487,500","2,487,500","2,487,500"
DilutedAverageShares,,"48,243,000","48,251,000","48,244,000","48,165,000","48,196,000","48,161,000","48,132,000","48,106,000","48,095,000","48,094,000","48,073,000","48,049,000","48,046,000","25,027,000","24,767,750","24,766,000","24,762,250","24,760,000","24,239,500","17,779,750","17,773,500","17,769,750","17,771,000","17,765,250","17,757,750",,"17,755,250","17,621,250","17,566,500","17,585,750","16,392,000","13,685,750","13,681,250","13,680,500","13,671,000","13,667,250","13,661,250",,"11,777,000","11,774,500","11,763,000",,"11,330,500","10,126,500","10,125,250",,"9,092,250","7,815,250","7,271,000",,"5,363,750","3,096,000","2,487,500",,"2,487,500","2,487,500","2,487,500"
TotalOperatingIncomeAsReported,,,,,,,,,,,,,,,,"-4,303,000","21,299,000","6,300,000","2,661,000","16,765,000","16,838,000","18,054,000","17,124,000","15,183,000","17,499,000","16,871,000","15,936,000","15,737,000","17,053,000","17,243,000","18,483,000","16,428,000","19,380,000","17,238,000","16,886,000","16,087,000","19,228,000","20,631,000",,,,,,,,,,,,,,,,,,,,
TotalExpenses,"465,062,000","117,048,000","119,579,000","113,974,000","114,461,000","123,384,000","118,754,000","119,329,000","118,143,000","119,751,000","127,809,000","141,647,000","137,966,000","144,153,000","63,158,000","106,592,000","87,102,000","96,301,000","95,249,000","53,184,000","53,049,000","51,242,000","48,078,000","49,148,000","46,498,000","46,588,000","45,397,000","46,085,000","44,877,000","45,410,000","45,688,000","46,004,000","42,377,000","42,073,000","40,647,000","38,752,000","37,928,000","37,013,000","37,828,000","37,126,000","34,016,000","33,332,000","34,978,000","30,076,000","26,916,000","25,462,000","22,973,000","19,429,000","15,484,000","14,996,000","13,717,000","11,793,000","11,218,000","10,730,000","11,291,000","11,192,000","10,488,000","10,592,000"
NetIncomeFromContinuingAndDiscontinuedOperation,"-59,447,000","-13,407,000","16,945,000","3,712,000","-66,697,000","37,860,000","-1,664,000","-3,797,000","1,299,000","10,840,000","65,029,000","-3,939,000","-64,774,000","34,019,000","-40,366,000","-449,000","12,366,000","6,565,000","-17,991,000","10,989,000","11,677,000","7,415,000","12,065,000","11,499,000","16,813,000","17,387,000","-2,339,000","16,911,000","-191,163,000","-33,370,000","14,114,000","12,622,000","14,608,000","15,190,000","12,724,000","1,966,000","15,204,000","24,726,000","13,191,000","11,756,000","11,954,000","13,059,000","13,248,000","11,563,000","10,932,000","10,254,000","6,541,000","6,669,000","7,735,000","6,851,000","5,412,000","6,185,000","5,869,000","8,512,000","8,169,000","7,227,000","8,340,000","8,071,000"
NormalizedIncome,"-23,821,400","-4,468,200","4,072,180","5,929,861.976","-6,929,380.069","-7,962,957.897","-1,518,730","-887,657.335","1,725,682.832","3,392,130.524","1,844,640.989","-5,879,340","2,811,357.667","-6,408,944.037","19,147,250.878","-19,881,680","1,528,463.94","1,368,130","-12,618,000","12,134,101.408","11,521,319.351","7,256,131.046","12,744,805.351","11,496,680.787","16,641,381.701","17,583,905.475","4,949,800","17,062,400","-68,902,000","-33,169,977.367","15,024,000","14,180,737.202","14,913,237.456","13,150,122.483","13,224,995.997","13,036,300","15,308,703.876","16,561,911.774","14,238,822.614","12,517,057.865","12,198,101.517","13,107,831.731","13,900,630.381","12,218,200","11,935,857.663","11,079,297.67","11,467,218.368","9,341,971.808","8,749,720.361","6,851,000","5,412,000","6,319,550","5,869,000","8,512,000","8,169,000","7,227,000","8,340,000","8,071,000"
InterestIncome,"3,000","1,000","0","0","2,000","5,000","41,000","2,000","30,000","706,000","198,000","358,000","241,000","248,000","234,000","140,000","149,000","116,000","119,000","1,715,000","67,000","61,000","95,000","47,000","10,000","6,000",,,,,"1,000","10,000","8,000","50,000","17,000","10,000","5,000","11,000","8,000","7,000","6,000","8,000","15,000","54,000","20,000","15,000","23,000","12,000","0","23,000","-7,000","1,000","42,000","0","6,000","6,000","12,000","62,000"
InterestExpense,"111,026,000","27,439,000","27,657,000","26,929,000","29,001,000","28,798,000","28,842,000","27,097,000","25,205,000","27,159,000","30,032,000","32,367,000","35,348,000","37,133,000","20,421,000","23,374,000","23,304,000","22,766,000","21,807,000","16,055,000","13,963,000","13,581,000","12,774,000","12,608,000","10,314,000","9,364,000","9,114,000","9,137,000","9,455,000","9,302,000","9,518,000","8,845,000","5,158,000","4,527,000","4,443,000","4,176,000","4,065,000","4,147,000","4,243,000","4,530,000","4,096,000","4,023,000","3,282,000","3,162,000","3,076,000","2,537,000","2,169,000","1,973,000","1,678,000","1,531,000","1,724,000","1,472,000","2,360,000","0","14,000","25,000","46,000","56,000"
NetInterestIncome,"-111,023,000","-27,438,000","-27,657,000","-26,929,000","-28,999,000","-28,793,000","-28,801,000","-27,095,000","-25,175,000","-26,453,000","-29,834,000","-32,009,000","-35,107,000","-36,885,000","-20,187,000","-23,234,000","-23,155,000","-22,650,000","-21,688,000","-14,340,000","-13,896,000","-13,520,000","-12,679,000","-12,561,000","-10,304,000","-9,358,000","-9,100,000","-9,137,000","-9,455,000","-9,302,000","-9,517,000","-8,835,000","-5,150,000","-4,477,000","-4,426,000","-4,166,000","-4,060,000","-4,136,000","-4,235,000","-4,523,000","-4,090,000","-4,015,000","-3,267,000","-3,108,000","-3,056,000","-2,522,000","-2,146,000","-1,961,000","-1,678,000","-1,508,000","-1,731,000","-1,471,000","-2,318,000","0","-8,000","-19,000","-34,000","6,000"
EBIT,"54,877,000","15,409,000","45,342,000","31,363,000","-37,237,000","67,489,000","27,713,000","23,525,000","26,999,000","38,314,000","96,016,000","28,780,000","-29,556,000","71,870,000","-645,000","13,566,000","32,081,000","19,651,000","3,085,000","17,120,000","17,229,000","18,419,000","17,521,000","15,606,000","17,888,000","16,981,000","4,379,000","15,752,000","-187,597,000","17,255,000","17,757,000","15,858,000","19,388,000","17,288,000","16,684,000","16,161,000","19,312,000","20,718,000","17,474,000","16,316,000","16,094,000","17,127,000","16,639,000","14,717,000","14,064,000","12,837,000","8,800,000","8,677,000","9,438,000","8,359,000","7,098,000","7,657,000","8,187,000","8,512,000","8,146,000","7,252,000","8,374,000","8,065,000"
EBITDA,"292,753,000"
ReconciledCostOfRevenue,"77,405,000","18,070,000","21,188,000","21,274,000","16,873,000","17,037,000","16,603,000","16,405,000","15,863,000","16,794,000","19,691,000","20,111,000","17,975,000","18,447,000","12,845,000","12,361,000","12,723,000","13,206,000","13,052,000","9,198,000","8,245,000","8,434,000","8,400,000","8,059,000","7,877,000","8,028,000","7,383,000","7,990,000","7,959,000","7,659,000","7,767,000","7,329,000","7,439,000","7,063,000","6,878,000","6,182,000","6,728,000","6,405,000","-6,642,000","10,605,000","9,468,000","9,014,000","8,936,000","9,190,000","8,415,000","8,252,000","13,128,000","4,321,000","3,883,000","2,074,000","1,772,000","1,540,000","1,771,000","86,000","-5,951,000","2,097,000","2,068,000","97,000"
ReconciledDepreciation,"232,932,000","59,044,000","61,152,000","58,326,000","54,410,000","63,204,000","62,041,000","61,935,000","64,088,000","62,956,000","62,175,000","73,652,000","74,085,000","77,466,000","32,505,000","42,280,000","42,313,000","43,962,000","47,549,000","20,445,000","20,359,000","20,248,000","17,933,000","17,936,000","17,674,000","17,949,000","16,725,000","16,906,000","17,014,000","16,966,000","16,956,000","17,334,000","15,918,000","15,176,000","14,511,000","14,105,000","13,892,000","13,794,000","13,606,000","13,319,000","12,504,000","12,426,000","12,583,000","10,417,000","8,859,000","8,098,000","7,126,000","5,292,000","6,015,000","5,374,000","4,507,000","4,319,000","4,139,000","3,478,000","3,528,000","3,466,000","3,434,000","3,401,000"
NetIncomeFromContinuingOperationNetMinorityInterest,"-59,447,000","-13,407,000","16,945,000","3,712,000","-66,697,000","37,860,000","-1,664,000","-3,797,000","1,299,000","10,840,000","65,029,000","-3,939,000","-64,774,000","34,019,000","-22,216,000","-9,723,000","12,366,000","6,565,000","-17,991,000","10,527,000","11,822,000","7,559,000","12,225,000","11,653,000","16,939,000","17,536,000","-2,204,000","16,922,000","-190,990,000","-33,164,000","14,231,000","11,916,000","14,247,000","12,642,000","12,492,000","12,021,000","15,204,000","16,528,000","13,191,000","11,756,000","11,954,000","13,059,000","13,248,000","11,563,000","10,932,000","10,254,000","6,541,000","6,669,000","7,735,000","6,851,000","5,412,000","6,185,000","5,869,000","8,512,000","8,169,000","7,227,000","8,340,000","8,071,000"
TotalUnusualItemsExcludingGoodwill,"-59,376,000","-14,898,000","17,634,000","-2,235,000","-59,877,000","46,344,000","-199,000","-2,954,000","-491,000","7,474,000","63,443,000","2,658,000","-67,721,000","40,998,000","-41,377,000","13,916,000","10,941,000","7,119,000","-8,955,000","-1,641,000","303,000","304,000","-524,000","157,000","299,000","-48,000","-11,923,000","-234,000","-203,480,000","6,000","-1,220,000","-2,267,000","-671,000","-509,000","-738,000","-1,562,000","-105,000","-34,000","-1,051,000","-763,000","-245,000","-49,000","-658,000","-1,008,000","-1,009,000","-829,000","-4,994,000","-2,687,000","-1,018,000",,,"-207,000",,,,"0",,
TotalUnusualItems,"-59,376,000","-14,898,000","17,634,000","-2,235,000","-59,877,000","46,344,000","-199,000","-2,954,000","-491,000","7,474,000","63,443,000","2,658,000","-67,721,000","40,998,000","-41,377,000","13,916,000","10,941,000","7,119,000","-8,955,000","-1,641,000","303,000","304,000","-524,000","157,000","299,000","-48,000","-11,923,000","-234,000","-203,480,000","6,000","-1,220,000","-2,267,000","-671,000","-509,000","-738,000","-1,562,000","-105,000","-34,000","-1,051,000","-763,000","-245,000","-49,000","-658,000","-1,008,000","-1,009,000","-829,000","-4,994,000","-2,687,000","-1,018,000",,,"-207,000",,,,"0",,
NormalizedEBITDA,"352,129,000","90,776,000","90,211,000","93,131,000","78,011,000","85,232,000","90,138,000","88,706,000","91,660,000","93,796,000","96,085,000","101,061,000","112,250,000","108,393,000","73,776,000","42,219,000","63,811,000","56,736,000","59,679,000","39,542,000","37,589,000","38,620,000","36,485,000","33,853,000","35,574,000","35,353,000","33,323,000","33,147,000","33,182,000","34,464,000","36,316,000","35,761,000","36,250,000","33,224,000","32,161,000","31,828,000","33,389,000","34,546,000","32,410,000","30,398,000","28,843,000","29,602,000","29,880,000","26,142,000","24,170,000","22,052,000","21,431,000","17,685,000","16,471,000","13,733,000","11,605,000","12,183,000","12,326,000","12,076,000","11,758,000","10,804,000","11,894,000","11,563,000"
TaxRateForCalcs,"0.4","0.4","0.27","0.008","0.002","0.011","0.27","0.015","0.131","0.003","0.004","0.27","0.002","0.014","0","0.27","0.009","0.27","0.4","0.021","0.008","0.004","0.008","0.004","0.005","0.002","0.4","0.4","0.4","0.004","0.35","0.001","0.007","0.002","0.007","0.35","0.003","0.003","0.003","0.003","0.004","0.003","0.008","0.35","0.005","0.004","0.014","0.005","0.003","0.35","0.35","0.35","0.35","0.35","0.35","0.35","0.35","0.35"
TaxEffectOfUnusualItems,"-23,750,400","-5,959,200","4,761,180","-17,138.024","-109,380.069","521,042.103","-53,730","-44,657.335","-64,317.168","26,130.524","258,640.989","717,660","-135,642.333","570,055.963","-13,749.122","3,757,320","103,463.94","1,922,130","-3,582,000","-33,898.592","2,319.351","1,131.046","-4,194.649","680.787","1,381.701","-94.525","-4,769,200","-93,600","-81,392,000","22.633","-427,000","-2,262.798","-4,762.544","-877.517","-5,004.003","-546,700","-296.124","-88.226","-3,177.386","-1,942.135","-898.483","-168.269","-5,369.619","-352,800","-5,142.337","-3,702.33","-67,781.632","-14,028.192","-3,279.639","0","0","-72,450","0","0","0","0","0","0"