name,ttm,03/31/2022,12/31/2021,09/30/2021,06/30/2021,03/31/2021,12/31/2020,09/30/2020,06/30/2020,03/31/2020,12/31/2019,09/30/2019,06/30/2019,03/31/2019,12/31/2018,09/30/2018,06/30/2018,03/31/2018,12/31/2017,09/30/2017,06/30/2017,03/31/2017,12/31/2016,09/30/2016,06/30/2016,03/31/2016,12/31/2015,09/30/2015,06/30/2015,03/31/2015,12/31/2014,09/30/2014,06/30/2014,03/31/2014,12/31/2013,09/30/2013,06/30/2013,03/31/2013,12/31/2012,09/30/2012,06/30/2012,03/31/2012,12/31/2011,09/30/2011,06/30/2011,03/31/2011,12/31/2010,09/30/2010,06/30/2010,03/31/2010,12/31/2009,09/30/2009,06/30/2009,03/31/2009,12/31/2008,09/30/2008,06/30/2008,03/31/2008,12/31/2007,09/30/2007,06/30/2007,03/31/2007,12/31/2006,09/30/2006,06/30/2006,03/31/2006,12/31/2005,09/30/2005,06/30/2005,03/31/2005,12/31/2004,09/30/2004,06/30/2004,03/31/2004,12/31/2003,09/30/2003,06/30/2003,03/31/2003,12/31/2002,09/30/2002,06/30/2002,03/31/2002,12/31/2001,09/30/2001,06/30/2001,03/31/2001,12/31/2000,09/30/2000,06/30/2000,03/31/2000,12/31/1999,09/30/1999,06/30/1999,03/31/1999,12/31/1998,09/30/1998,06/30/1998,03/31/1998,12/31/1997,09/30/1997,06/30/1997,03/31/1997,12/31/1996,09/30/1996,06/30/1996,03/31/1996,12/31/1995,09/30/1995,06/30/1995,03/31/1995,12/31/1994,09/30/1994,06/30/1994,03/31/1994,12/31/1993,09/30/1993,06/30/1993,03/31/1993,12/31/1992,09/30/1992,06/30/1992,03/31/1992,12/31/1991,09/30/1991,06/30/1991,03/31/1991,12/31/1990,09/30/1990,06/30/1990,03/31/1990,12/31/1989,09/30/1989,06/30/1989,03/31/1989,12/31/1988,09/30/1988,06/30/1988,03/31/1988,12/31/1987,09/30/1987,06/30/1987,03/31/1987,12/31/1986,09/30/1986,06/30/1986,03/31/1986,12/31/1985,09/30/1985
TotalRevenue,"7,952,500,000","1,945,700,000","1,791,700,000","2,063,000,000","2,208,800,000","1,889,000,000","1,576,500,000","1,784,200,000","1,580,800,000","1,796,700,000","1,695,100,000","2,195,700,000","2,392,700,000","1,990,200,000","1,803,400,000","2,057,000,000","2,175,800,000","1,886,400,000","1,586,300,000","1,963,000,000","2,036,900,000","1,618,300,000","1,211,400,000","1,755,400,000","1,747,500,000","1,524,300,000","1,252,000,000","1,578,300,000","1,612,300,000","1,554,200,000","1,353,300,000","1,667,700,000","1,932,400,000","1,677,900,000","1,530,200,000","1,726,500,000","2,204,400,000","1,984,400,000","1,761,000,000","2,050,700,000","2,176,300,000","2,075,300,000","1,878,600,000","2,115,400,000","2,022,900,000","1,745,600,000","1,700,800,000","2,105,100,000","2,439,000,000","2,864,200,000","2,434,100,000","1,486,900,000","1,226,200,000","1,295,900,000","1,386,100,000","1,896,500,000","1,969,300,000","1,772,600,000","1,499,900,000","1,792,400,000","1,847,300,000","1,660,700,000","1,006,800,000","904,353,000","887,919,000","844,780,000","790,336,000","823,716,000","818,912,000","672,355,000","644,917,000","651,074,000","599,824,000","518,213,000","493,194,000","508,114,000","538,183,000","453,377,000","426,336,000","476,962,000","489,532,000","415,605,000","361,493,000","417,558,000","404,248,000","341,970,000","281,517,000","357,968,000","391,667,000","330,524,000","243,900,000","314,000,000","329,800,000","298,500,000","122,700,000","243,100,000","290,100,000","217,800,000","151,800,000","185,800,000","176,600,000","170,500,000","150,300,000","117,800,000","112,000,000","103,100,000","80,500,000","108,600,000","126,400,000","129,300,000","112,300,000","149,300,000","187,000,000","192,900,000","162,300,000","183,100,000","153,200,000","154,300,000","144,300,000","160,600,000","161,600,000","164,700,000","153,700,000","126,600,000","116,700,000","96,100,000","80,200,000","100,500,000","128,200,000","128,100,000","96,300,000","111,700,000","126,300,000","109,400,000","79,600,000","93,500,000","95,600,000","86,900,000","76,800,000","104,000,000","109,900,000","100,700,000","89,300,000","106,200,000","111,100,000","97,700,000","84,900,000","88,600,000"
	OperatingRevenue,"7,952,500,000","1,945,700,000","1,791,700,000","2,063,000,000","2,208,800,000","1,889,000,000","1,576,500,000","1,784,200,000","1,580,800,000","1,796,700,000","1,695,100,000","2,195,700,000","2,392,700,000","1,990,200,000","1,803,400,000","2,057,000,000","2,175,800,000","1,886,400,000","1,586,300,000","1,963,000,000","2,036,900,000","1,618,300,000","1,211,400,000","1,755,400,000","1,747,500,000","1,524,300,000","1,252,000,000","1,578,300,000","1,612,300,000","1,554,200,000","1,353,300,000","1,667,700,000","1,932,400,000","1,677,900,000","1,530,200,000","1,726,500,000","2,204,400,000","1,984,400,000","1,761,000,000","2,050,700,000","2,176,300,000","2,075,300,000","1,878,600,000","2,115,400,000","2,022,900,000","1,745,600,000","1,700,800,000","2,105,100,000","2,439,000,000","2,864,200,000","2,434,100,000","1,486,900,000","1,226,200,000","1,295,900,000","1,386,100,000","1,896,500,000","1,969,300,000","1,772,600,000","1,499,900,000","1,792,400,000","1,847,300,000","1,660,700,000","1,006,800,000","904,353,000","887,919,000","844,780,000","790,336,000","823,716,000","818,912,000","672,355,000","644,917,000","651,074,000","599,824,000","518,213,000","493,194,000","508,114,000","538,183,000","453,377,000","426,336,000","476,962,000","489,532,000","415,605,000","361,493,000","417,558,000","404,248,000","341,970,000","281,517,000","357,968,000","391,667,000","330,524,000","243,900,000","314,000,000","329,800,000","298,500,000","122,700,000","243,100,000","290,100,000","217,800,000","151,800,000","185,800,000","176,600,000","170,500,000","150,300,000","117,800,000","112,000,000","103,100,000","80,500,000","108,600,000","126,400,000","129,300,000","112,300,000","149,300,000","187,000,000","192,900,000","162,300,000","183,100,000","153,200,000","154,300,000","144,300,000","160,600,000","161,600,000","164,700,000","153,700,000","126,600,000","116,700,000","96,100,000","80,200,000","100,500,000","128,200,000","128,100,000","96,300,000","111,700,000","126,300,000","109,400,000","79,600,000","93,500,000","95,600,000","86,900,000","76,800,000","104,000,000","109,900,000","100,700,000","89,300,000","106,200,000","111,100,000","97,700,000","84,900,000","88,600,000"
CostOfRevenue,"6,802,600,000","1,744,400,000","1,620,000,000","1,784,500,000","1,824,200,000","1,573,900,000","1,333,900,000","1,503,300,000","1,323,300,000","1,504,300,000","1,405,600,000","1,798,400,000","1,958,800,000","1,632,300,000","1,475,100,000","1,681,800,000","1,772,900,000","1,551,000,000","1,344,100,000","1,636,500,000","1,650,000,000","1,357,000,000","1,011,700,000","1,456,300,000","1,432,900,000","1,265,000,000","1,069,200,000","1,328,600,000","1,328,300,000","1,278,400,000","1,123,600,000","1,378,200,000","1,585,500,000","1,386,700,000","1,275,100,000","1,469,600,000","1,818,900,000","1,681,000,000","1,514,700,000","1,794,700,000","1,903,200,000","1,835,900,000","1,656,100,000","1,897,800,000","1,750,900,000","1,464,500,000","1,391,800,000","1,723,700,000","1,957,400,000","2,236,400,000","1,954,900,000","1,244,600,000","1,050,000,000","1,154,300,000","1,234,700,000","1,616,600,000","1,641,100,000","1,449,500,000","1,247,900,000","1,465,100,000","1,518,900,000","1,386,400,000","834,100,000","749,650,000","732,629,000","695,415,000","641,413,000","688,274,000","695,068,000","552,462,000","529,326,000","552,838,000","500,576,000","440,450,000","404,772,000","421,242,000","456,571,000","387,585,000","368,697,000","405,276,000","410,272,000","356,109,000","311,469,000","353,155,000","347,929,000","285,105,000","234,034,000","290,515,000","332,865,000","280,763,000","203,900,000","253,500,000","281,500,000","254,000,000","90,600,000","190,600,000","248,000,000","187,900,000","127,300,000","158,900,000","152,200,000","145,300,000","129,000,000","115,300,000","99,200,000","87,200,000","67,200,000","92,400,000","107,200,000","107,900,000","95,300,000","122,700,000","161,500,000","168,400,000","140,800,000","170,200,000","130,800,000","131,800,000","123,200,000","142,000,000","144,500,000","143,800,000","135,200,000","112,500,000","99,200,000","83,700,000","70,300,000","93,400,000","118,600,000","107,100,000","83,200,000","99,000,000","109,400,000",,,,,,,,,,,,,,,
GrossProfit,"1,149,900,000","201,300,000","171,700,000","278,500,000","384,600,000","315,100,000","242,600,000","280,900,000","257,500,000","292,400,000","289,500,000","397,300,000","433,900,000","357,900,000","328,300,000","375,200,000","402,900,000","335,400,000","242,200,000","326,500,000","386,900,000","261,300,000","199,700,000","299,100,000","314,600,000","259,300,000","182,800,000","249,700,000","284,000,000","275,800,000","229,700,000","289,500,000","346,900,000","291,200,000","255,100,000","256,900,000","385,500,000","303,400,000","246,300,000","256,000,000","273,100,000","239,400,000","222,500,000","217,600,000","272,000,000","281,100,000","309,000,000","381,400,000","481,600,000","627,800,000","479,200,000","242,300,000","176,200,000","141,600,000","151,400,000","279,900,000","328,200,000","323,100,000","252,000,000","327,300,000","328,400,000","274,300,000","172,700,000","154,703,000","155,290,000","149,365,000","148,923,000","135,442,000","123,844,000","119,893,000","115,591,000","98,236,000","99,248,000","77,763,000","88,422,000","86,872,000","81,612,000","65,792,000","57,639,000","71,686,000","79,260,000","59,496,000","50,024,000","64,403,000","56,319,000","56,865,000","47,483,000","67,453,000","58,802,000","49,761,000","40,000,000","60,500,000","48,300,000","44,500,000","32,100,000","52,500,000","42,100,000","29,900,000","24,500,000","26,900,000","24,400,000","25,200,000","21,300,000","2,500,000","12,800,000","15,900,000","13,300,000","16,200,000","19,200,000","21,400,000","17,000,000","26,600,000","25,500,000","24,500,000","21,500,000","12,900,000","22,400,000","22,500,000","21,100,000","18,600,000","17,100,000","20,900,000","18,500,000","14,100,000","17,500,000","12,400,000","9,900,000","7,100,000","9,600,000","21,000,000","13,100,000","12,700,000","16,900,000",,,,,,,,,,,,,,,
OperatingExpense,"683,100,000","172,000,000","153,700,000","174,300,000","180,800,000","174,300,000","146,700,000","153,500,000","138,900,000","158,800,000","180,400,000","194,200,000","176,100,000","182,300,000","167,800,000","173,800,000","180,500,000","179,500,000","168,400,000","192,000,000","175,000,000","180,900,000","163,500,000","176,700,000","167,800,000","167,900,000","152,500,000","163,100,000","147,400,000","166,100,000","164,000,000","176,400,000","172,600,000","171,800,000","158,600,000","182,700,000","159,900,000","168,800,000","165,500,000","165,700,000","148,600,000","163,500,000","147,200,000","139,000,000","146,000,000","148,700,000","140,300,000","145,500,000","141,100,000","133,500,000","130,200,000","122,200,000","137,900,000","119,000,000","134,300,000","157,800,000","322,200,000","154,900,000","142,100,000","148,100,000","135,700,000","139,500,000","89,100,000","78,119,000","72,673,000","69,639,000","61,922,000","61,468,000","60,873,000","57,268,000","47,959,000","48,804,000","50,083,000","42,678,000","41,694,000","43,313,000","40,721,000","41,405,000","37,277,000","40,291,000","40,898,000","35,914,000","32,245,000","122,424,000","28,818,000","29,472,000","29,699,000","39,493,000","29,993,000","25,106,000","23,400,000","37,500,000","24,800,000","27,700,000","19,200,000","37,600,000","26,700,000","18,700,000","17,100,000","18,700,000","17,500,000","17,800,000","14,900,000","7,500,000","16,700,000","12,700,000","11,200,000","11,400,000","12,400,000","17,900,000","13,800,000","20,500,000","17,800,000","19,800,000","15,600,000","9,700,000","20,000,000","18,300,000","18,900,000","16,100,000","14,500,000","15,100,000","14,700,000","15,000,000","13,600,000","12,300,000","10,900,000","13,000,000","13,400,000","16,800,000","12,000,000","11,100,000","10,000,000",,,,,,,,,,,,,,,
	SellingGeneralAndAdministration,"672,000,000","169,200,000","150,900,000","171,500,000","177,600,000","172,000,000","145,400,000","152,200,000","137,600,000","157,400,000","173,400,000","185,000,000","166,900,000","173,000,000","158,600,000","164,600,000","171,200,000","170,300,000","157,800,000","180,900,000","163,900,000","169,800,000","151,000,000","163,700,000","154,700,000","154,700,000","139,300,000","149,900,000","134,200,000","152,800,000","150,500,000","162,700,000","158,700,000","158,000,000","144,700,000","168,900,000","146,000,000","154,300,000","151,100,000","151,900,000","134,400,000","148,700,000","132,300,000","123,700,000","130,800,000","133,700,000","125,000,000","130,500,000","126,200,000","118,300,000","114,800,000","106,700,000","122,800,000","103,200,000","118,000,000","141,100,000","129,800,000","138,200,000","123,400,000","126,300,000","117,400,000","120,800,000","82,000,000","75,371,000","70,841,000","67,750,000","60,026,000","59,543,000","58,827,000","55,240,000","46,265,000","46,494,000","48,417,000","41,009,000","40,031,000","41,693,000","39,100,000","39,798,000","35,675,000","38,694,000","39,392,000","34,439,000","30,805,000","29,196,000","25,681,000","26,526,000","22,619,000","23,599,000","27,213,000","22,334,000","20,600,000","22,700,000","22,000,000","24,800,000","16,500,000","21,500,000","21,700,000","14,800,000","11,700,000","13,300,000","11,700,000","12,600,000","9,300,000","3,000,000","12,800,000","9,200,000","8,000,000","8,200,000","9,200,000","11,300,000","9,500,000","15,700,000","13,300,000","15,500,000","13,300,000","7,000,000","17,600,000","16,300,000","16,600,000","14,000,000","14,500,000","13,500,000","12,800,000","13,000,000","11,600,000","10,500,000","9,200,000","11,200,000","11,800,000","15,200,000","10,500,000","9,900,000","10,000,000",,,,,,,,,,,,,,,
	ResearchAndDevelopment,,,,,,,,,,,,,,,,,,,,,,,,,,,,,,,,,,,,,,,,,,,,,,,,,,,,,,,,,,,,,,,,,,,,,,,,,,,,,,,,,,,,,,,,,,,,,,,,"3,000,000","2,300,000","2,200,000","2,100,000","1,800,000","2,200,000","1,800,000","2,000,000","1,800,000","1,800,000","1,400,000","1,300,000","1,000,000","1,200,000","2,100,000","2,100,000","2,000,000","2,000,000","1,800,000",,,,,,,,,,,,,,,,,,,,,,,,,,,,,,,,,,
	DepreciationAmortizationDepletionIncomeStatement,"11,100,000","2,800,000","2,800,000","2,800,000","3,200,000","2,300,000","1,300,000","1,300,000","1,300,000","1,400,000","7,000,000","9,200,000","9,200,000","9,300,000","9,200,000","9,200,000","9,300,000","9,200,000","10,600,000","11,100,000","11,100,000","11,100,000","12,500,000","13,000,000","13,100,000","13,200,000","13,200,000","13,200,000","13,200,000","13,300,000","13,500,000","13,700,000","13,900,000","13,800,000","13,900,000","13,800,000","13,900,000","14,500,000","14,400,000","13,800,000","14,200,000","14,800,000","14,900,000","15,300,000","15,200,000","15,000,000","15,300,000","15,000,000","14,900,000","15,200,000","15,400,000","15,500,000","15,100,000","15,800,000","16,300,000","16,700,000","17,200,000","16,700,000","18,700,000","21,800,000","18,300,000","18,700,000","7,100,000","2,748,000","1,832,000","1,889,000","1,896,000","1,925,000","2,046,000","2,028,000","1,694,000","2,310,000","1,666,000","1,669,000","1,663,000","1,620,000","1,621,000","1,607,000","1,602,000","1,597,000","1,506,000","1,475,000","1,440,000","3,228,000","3,137,000","9,307,000","7,080,000","15,894,000","2,780,000","2,772,000","2,800,000","14,800,000","2,800,000","2,900,000","2,700,000","13,100,000","2,700,000","1,700,000","3,300,000","3,600,000","3,600,000","3,400,000","3,600,000","2,700,000","2,100,000","2,100,000","1,900,000","2,200,000","2,000,000","4,500,000","2,200,000","2,800,000","2,500,000","2,500,000","2,300,000","2,700,000","2,400,000","2,000,000","2,300,000","2,100,000",,"1,600,000","1,900,000","2,000,000","2,000,000","1,800,000","1,700,000","1,800,000","1,600,000","1,600,000","1,500,000","1,200,000",,,,,,,,,,,,,,,,
		DepreciationAndAmortizationInIncomeStatement,"11,100,000","2,800,000","2,800,000","2,800,000","3,200,000","2,300,000","1,300,000","1,300,000","1,300,000","1,400,000","7,000,000","9,200,000","9,200,000","9,300,000","9,200,000","9,200,000","9,300,000","9,200,000","10,600,000","11,100,000","11,100,000","11,100,000","12,500,000","13,000,000","13,100,000","13,200,000","13,200,000","13,200,000","13,200,000","13,300,000","13,500,000","13,700,000","13,900,000","13,800,000","13,900,000","13,800,000","13,900,000","14,500,000","14,400,000","13,800,000","14,200,000","14,800,000","14,900,000","15,300,000","15,200,000","15,000,000","15,300,000","15,000,000","14,900,000","15,200,000","15,400,000","15,500,000","15,100,000","15,800,000","16,300,000","16,700,000","17,200,000","16,700,000","18,700,000","21,800,000","18,300,000","18,700,000","7,100,000","2,748,000","1,832,000","1,889,000","1,896,000","1,925,000","2,046,000","2,028,000","1,694,000","2,310,000","1,666,000","1,669,000","1,663,000","1,620,000","1,621,000","1,607,000","1,602,000","1,597,000","1,506,000","1,475,000","1,440,000","3,228,000","3,137,000","9,307,000","7,080,000","15,894,000","2,780,000","2,772,000","2,800,000","14,800,000","2,800,000","2,900,000","2,700,000","13,100,000","2,700,000","1,700,000","3,300,000","3,600,000","3,600,000","3,400,000","3,600,000","2,700,000","2,100,000","2,100,000","1,900,000","2,200,000","2,000,000","4,500,000","2,200,000","2,800,000","2,500,000","2,500,000","2,300,000","2,700,000","2,400,000","2,000,000","2,300,000","2,100,000",,"1,600,000","1,900,000","2,000,000","2,000,000","1,800,000","1,700,000","1,800,000","1,600,000","1,600,000","1,500,000","1,200,000",,,,,,,,,,,,,,,,
			DepreciationIncomeStatement,,,,,,,,,,,,,,,,,,,,,,,,,,,,,,,,,,,,,,,,,,,,,,,,,,,,,,,,,,,,,,,,,,,,,,,,,,,,,,,,,,,,,,"6,361,000",,,,,,,,,,,,,,,,,,,,,,,,,,,,,,,,,,,,,,,,,,,,,,,,,,,,,,,,,,,,,,
			Amortization,"11,100,000","2,800,000","2,800,000","2,800,000","3,200,000","2,300,000","1,300,000","1,300,000","1,300,000","1,400,000","7,000,000","9,200,000","9,200,000","9,300,000","9,200,000","9,200,000","9,300,000","9,200,000","10,600,000","11,100,000","11,100,000","11,100,000","12,500,000","13,000,000","13,100,000","13,200,000","13,200,000","13,200,000","13,200,000","13,300,000","13,500,000","13,700,000","13,900,000","13,800,000","13,900,000","13,800,000","13,900,000","14,500,000","14,400,000","13,800,000","14,200,000","14,800,000","14,900,000","15,300,000","15,200,000","15,000,000","15,300,000","15,000,000","14,900,000","15,200,000","15,400,000","15,500,000","15,100,000","15,800,000","16,300,000","16,700,000","17,200,000","16,700,000","18,700,000","21,800,000","18,300,000","18,700,000","7,100,000","2,748,000","1,832,000","1,889,000","1,896,000","1,925,000","2,046,000","2,028,000","1,694,000","2,310,000","1,666,000","1,669,000","1,663,000","1,620,000","1,621,000","1,607,000","1,602,000","1,597,000","1,506,000","1,475,000","1,440,000","3,228,000","3,137,000","2,946,000",,,,,,,,,,,,,,,,,,,,,,,,,,,,,,,,,,,,,,,,,,,,,,,,,,,,,,,,,,,,,,
				AmortizationOfIntangiblesIncomeStatement,"11,100,000","2,800,000","2,800,000","2,800,000","3,200,000","2,300,000","1,300,000","1,300,000","1,300,000","1,400,000","7,000,000","9,200,000","9,200,000","9,300,000","9,200,000","9,200,000","9,300,000","9,200,000","10,600,000","11,100,000","11,100,000","11,100,000","12,500,000","13,000,000","13,100,000","13,200,000","13,200,000","13,200,000","13,200,000","13,300,000","13,500,000","13,700,000","13,900,000","13,800,000","13,900,000","13,800,000","13,900,000","14,500,000","14,400,000","13,800,000","14,200,000","14,800,000","14,900,000","15,300,000","15,200,000","15,000,000","15,300,000","15,000,000","14,900,000","15,200,000","15,400,000","15,500,000","15,100,000","15,800,000","16,300,000","16,700,000","17,200,000","16,700,000","18,700,000","21,800,000","18,300,000","18,700,000","7,100,000","2,748,000","1,832,000","1,889,000","1,896,000","1,925,000","2,046,000","2,028,000","1,694,000","2,310,000","1,666,000","1,669,000","1,663,000","1,620,000","1,621,000","1,607,000","1,602,000","1,597,000","1,506,000","1,475,000","1,440,000","3,228,000","3,137,000","2,946,000",,,,,,,,,,,,,,,,,,,,,,,,,,,,,,,,,,,,,,,,,,,,,,,,,,,,,,,,,,,,,,
	OtherOperatingExpenses,,,,,,,,,,,,,,,,,,,,,,,,,,,,,,,,,,,,,,,,,,,,,,,,,,,,,,,,"0","175,200,000",,,,,,,,,,,,,,,,,,,,,,,,,,,,,"-6,361,000",,,,,,,,,,,,,,,,,,,,,,,,,,,,,,,,,,,,,,,,,,,,,,,,,,,,,,,,,,,,,,
OperatingIncome,"466,800,000","29,300,000","18,000,000","104,200,000","203,800,000","140,800,000","95,900,000","127,400,000","118,600,000","133,600,000","109,100,000","203,100,000","257,800,000","175,600,000","160,500,000","201,400,000","222,400,000","155,900,000","73,800,000","134,500,000","211,900,000","80,400,000","36,200,000","122,400,000","146,800,000","91,400,000","30,300,000","86,600,000","136,600,000","109,700,000","65,700,000","113,100,000","174,300,000","119,400,000","96,500,000","74,200,000","225,600,000","134,600,000","80,800,000","90,300,000","124,500,000","75,900,000","75,300,000","78,600,000","126,000,000","132,400,000","168,700,000","235,900,000","340,500,000","494,300,000","349,000,000","120,100,000","38,300,000","22,600,000","17,100,000","122,100,000","6,000,000","168,200,000","109,900,000","179,200,000","192,700,000","134,800,000","83,600,000","76,584,000","82,617,000","79,726,000","87,001,000","73,974,000","62,971,000","62,625,000","67,632,000","49,432,000","49,165,000","35,085,000","46,728,000","43,559,000","40,891,000","24,387,000","20,362,000","31,395,000","38,362,000","23,582,000","17,779,000","-58,021,000","27,501,000","27,393,000","17,784,000","27,960,000","28,809,000","24,655,000","16,600,000","23,000,000","23,500,000","16,800,000","12,900,000","14,900,000","15,400,000","11,200,000","7,400,000","8,200,000","6,900,000","7,400,000","6,400,000","-5,000,000","-3,900,000","3,200,000","2,100,000","4,800,000","6,800,000","3,500,000","3,200,000","6,100,000","7,700,000","4,700,000","5,900,000","3,200,000","2,400,000","4,200,000","2,200,000","2,500,000","2,600,000","5,800,000","3,800,000","-900,000","3,900,000","100,000","-1,000,000","-5,900,000","-3,800,000","4,200,000","1,100,000","1,600,000","6,900,000","109,400,000","79,600,000","-236,900,000","95,600,000","86,900,000","76,800,000","-254,700,000","109,900,000","100,700,000","89,300,000","-247,700,000","111,100,000","97,700,000","84,900,000","-192,800,000"
NetNonOperatingInterestIncomeExpense,"-45,100,000","-11,600,000","-11,800,000","-10,400,000","-11,700,000","-11,200,000","-11,400,000","-7,600,000","-11,700,000","-20,700,000","-11,800,000","-12,200,000","-12,200,000","-11,700,000","-11,500,000","-10,400,000","-23,500,000","-8,000,000","-13,700,000","-13,000,000","-13,900,000","-14,100,000","-13,900,000","-13,800,000","-15,300,000","-15,100,000","-14,100,000","-13,200,000","-12,600,000","-28,200,000","-13,600,000","-13,500,000","-13,700,000","-26,500,000","-15,700,000","-12,500,000","-13,500,000","-14,700,000","-14,200,000","-18,400,000","-18,100,000","-17,600,000","-20,000,000","-19,200,000","-20,400,000","-20,700,000","-25,800,000","-47,500,000","-41,000,000","-45,200,000","-49,900,000","-61,100,000","-63,000,000","-40,900,000",,,,,,,,,,,,,,,,,,,,,,,,,,,,,,,,,,,,,,,,,,,,,,,,,,,,,,,,,,,,,,,,,,,,,,,,,,,,,,,,,,,,,,,,,,,,,,
	InterestIncomeNonOperating,"3,600,000","1,000,000","700,000","1,800,000","500,000","600,000","600,000","3,900,000","700,000","1,600,000","1,300,000","1,000,000","1,600,000","2,000,000","2,200,000","3,600,000","1,900,000","8,100,000","1,700,000","1,700,000","1,400,000","1,000,000","800,000","600,000","500,000","500,000","500,000","500,000","600,000","600,000","800,000","600,000","400,000","500,000","500,000","4,100,000","3,100,000","1,700,000","2,500,000","300,000","400,000","600,000","600,000","2,100,000","800,000","1,000,000","700,000","1,300,000","800,000","500,000","900,000","2,300,000","100,000","1,000,000",,,,,,,,,,,,,,,,,,,,,,,,,,,,,,,,,,,,,,,,,,,,,,,,,,,,,,,,,,,,,,,,,,,,,,,,,,,,,,,,,,,,,,,,,,,,,,
	InterestExpenseNonOperating,"48,700,000","12,600,000","12,500,000","12,200,000","12,200,000","11,800,000","12,000,000","11,500,000","12,400,000","22,300,000","13,100,000","13,200,000","13,800,000","13,700,000","13,700,000","14,000,000","25,400,000","16,100,000","15,400,000","14,700,000","15,300,000","15,100,000","14,700,000","14,400,000","15,800,000","15,600,000","14,600,000","13,700,000","13,200,000","28,800,000","14,400,000","14,100,000","14,100,000","27,000,000","16,200,000","16,600,000","16,600,000","16,400,000","16,700,000","18,700,000","18,500,000","18,200,000","20,600,000","21,300,000","21,200,000","21,700,000","26,500,000","48,800,000","41,800,000","45,700,000","50,800,000","63,400,000","63,100,000","41,900,000",,,,,,,,,,,,,,,,,,,,,,,,,,,,,,,,,,,,,,,,,,,,,,,,,,,,,,,,,,,,,,,,,,,,,,,,,,,,,,,,,,,,,,,,,,,,,,
OtherIncomeExpense,"-6,200,000","1,100,000","-5,600,000","-4,100,000","400,000","3,100,000","-1,500,000","6,900,000","1,500,000","-5,800,000","-400,000","1,000,000","300,000","1,200,000","-1,200,000","-1,200,000","-1,800,000","-800,000","500,000","100,000","600,000","1,200,000","1,300,000","-25,400,000","800,000","-1,000,000",,"-4,700,000","-200,000","1,300,000","-1,300,000","-1,600,000","800,000","500,000","-1,700,000","-10,800,000","-4,700,000","100,000","300,000","-100,000","-800,000","1,300,000","-5,600,000","-2,800,000","-500,000","400,000","-300,000","-1,200,000","-1,300,000","1,000,000","-23,100,000","2,200,000","4,300,000","-1,200,700,000","3,400,000","-1,700,000","-176,200,000","-1,600,000","-300,000","-900,000","3,700,000","3,700,000","600,000","872,000","579,000","223,000","367,000","-458,000","753,000","967,000","-240,000","276,000","721,000","1,094,000","580,000","-5,843,000","81,000","1,095,000","356,000","-389,000","353,000","637,000","270,000","2,201,000","267,000","394,000","303,000","443,000","548,000","446,000","400,000","-200,000","900,000","800,000","300,000","700,000","400,000","300,000","200,000","0","100,000","100,000","200,000","1,600,000","200,000","300,000","400,000",,"100,000","-500,000","-200,000","-500,000","-700,000","300,000","200,000","-300,000",,"200,000","200,000","200,000","400,000","200,000","100,000","400,000","200,000","300,000","300,000","400,000","200,000",,"200,000","400,000","600,000",,,,,,,,,,,,,,,
	EarningsFromEquityInterest,,,,,,,,,,,,,,,,,,,,,,,,,,,,,,,,,,,,,,,,,,,,,,,,,,,,,"-900,000","0","500,000","700,000","1,900,000","1,900,000","1,800,000","1,300,000","2,100,000","2,900,000","1,000,000","406,000","880,000","420,000","578,000","603,000","977,000","867,000","473,000","503,000","602,000","494,000","620,000","599,000","546,000","494,000","632,000","793,000","527,000","586,000",,"372,000","348,000","389,000",,,,,,,,,,,,,,,,,,,,,,,,,,,,,,,,,,,,,,,,,,,,,,,,,,,,,,,,,,,,,,
	SpecialIncomeCharges,,,,,,,,,,,,,,,,,,,,"0",,,,"-26,900,000",,,,,,,,"0",,,,"-9,000,000",,,,"5,100,000","-800,000","1,300,000","-5,600,000","-2,800,000","-500,000","400,000","-300,000","-1,200,000","-1,300,000","1,000,000","-23,100,000","2,200,000","4,300,000","-1,200,700,000","2,900,000","-2,400,000","-178,100,000","-3,500,000","-2,100,000","-2,200,000","1,600,000","800,000","-400,000","466,000","-301,000","-197,000","-211,000","-1,061,000","-224,000","100,000","-713,000","-227,000","119,000","600,000","-40,000","-6,442,000","-465,000","601,000","-276,000","-1,182,000","-174,000","51,000","270,000","1,829,000","-81,000","5,000","303,000","443,000","548,000","446,000","400,000","-200,000","900,000","800,000","300,000","700,000","400,000","300,000","200,000","0","100,000","100,000","200,000","1,600,000","200,000","300,000","400,000",,"100,000","-500,000","-200,000","-500,000","-700,000","300,000","200,000","-300,000",,"200,000","200,000","200,000","400,000","200,000","100,000","400,000","200,000","300,000","300,000","400,000","200,000",,"200,000","400,000","600,000",,,,,,,,,,,,,,,
		ImpairmentOfCapitalAssets,,,,,,,,,,,,,,,,,,,,"0",,,,"26,900,000",,,,,,,,"0",,,,"9,000,000",,,,"0",,,,"4,800,000","0","0","0","2,300,000","0","0","23,300,000","2,000,000","0","1,197,800,000",,,,,,,,,,,,,,,,,,,,,,,,,,,,,,,,,,,,,,,,,,,,,,,,,,,,,,,,,,,,,,,,,,,,,,,,,,,,,,,,,,,,,,,,,,,,,,
		OtherSpecialCharges,,,,,,,,,,,,,,,,,,,,,,,,,,,,,,,,,,,,,,,,,,,,"-2,000,000","500,000","-400,000","300,000","-1,100,000","1,300,000","-1,000,000","-200,000","-4,200,000","-4,300,000","2,900,000",,,,,,,,,,,,,,,,,,,,,,,,,,,,,,,,,,,,,,,,,,,,,,,,,,,,,,,,,,,,,,,,,,,,,,,,,,,,,,,,,,,,,,,,,,,,,,
	OtherNonOperatingIncomeExpenses,"-6,200,000","1,100,000","-5,600,000","-4,100,000","400,000","3,100,000","-1,500,000","6,900,000","1,500,000","-5,800,000","-400,000","1,000,000","300,000","1,200,000","-1,200,000","-1,200,000","-1,800,000","-800,000","500,000","100,000","600,000","1,200,000","1,300,000","1,500,000","800,000","-1,000,000",,"-4,700,000","-200,000","1,300,000","-1,300,000","-1,600,000","800,000","500,000","-1,700,000","-1,800,000","-4,700,000","100,000","300,000","-100,000",,,,,,,,,,,,,,,,,,,,,,,,,,,,,,,,,,,,,,,,,,,,,,,,,,,,,,,,,,,,,,,,,,,,,,,,,,,,,,,,,,,,,,,,,,,,,,,,,,,,,,,,,,,,
PretaxIncome,"415,500,000","18,800,000","600,000","89,700,000","192,500,000","132,700,000","83,000,000","126,700,000","108,400,000","107,100,000","96,900,000","191,900,000","245,900,000","165,100,000","147,800,000","189,800,000","197,100,000","147,100,000","60,600,000","121,600,000","198,600,000","67,500,000","23,600,000","83,200,000","132,300,000","75,300,000","16,200,000","68,700,000","123,800,000","82,800,000","50,800,000","98,000,000","161,400,000","93,400,000","79,100,000","50,900,000","207,400,000","120,000,000","66,900,000","71,800,000","105,600,000","59,600,000","49,700,000","56,600,000","105,100,000","112,100,000","142,600,000","187,200,000","298,200,000","450,100,000","276,000,000","61,200,000","-20,400,000","-1,219,000,000","-23,100,000","72,100,000","-46,300,000","111,200,000","53,300,000","120,000,000","137,900,000","74,600,000","63,100,000","76,058,000","82,648,000","79,734,000","86,498,000","72,601,000","61,348,000","61,038,000","65,134,000","47,907,000","48,236,000","34,615,000","46,410,000","34,359,000","37,459,000","21,798,000","16,864,000","26,455,000","33,323,000","18,287,000","11,392,000","27,293,000","22,038,000","16,187,000","13,598,000","24,014,000","24,527,000","19,877,000","11,400,000","16,800,000","17,700,000","11,000,000","6,600,000","8,400,000","8,600,000","6,900,000","5,100,000","5,000,000","4,100,000","4,300,000","3,000,000","-4,200,000","-3,700,000","3,400,000","2,600,000","5,000,000","6,700,000","2,500,000","2,700,000","5,300,000","6,500,000","4,600,000","5,700,000","2,200,000","1,300,000","3,200,000","1,300,000","2,100,000","2,000,000","5,100,000","3,100,000","-1,300,000","3,600,000",,"-1,000,000","-5,400,000","-4,100,000","3,700,000","1,100,000","1,800,000","7,400,000",,,,,,,,,,,,,,,
TaxProvision,"7,600,000","20,200,000","-4,400,000","700,000","-21,900,000","33,200,000","13,200,000","25,800,000","28,000,000","38,300,000","20,700,000","41,700,000","53,700,000","36,200,000","39,700,000","38,300,000","44,600,000","36,200,000","4,700,000","28,300,000","70,100,000","23,600,000","5,200,000","22,000,000","48,400,000","20,300,000","1,700,000","18,700,000","34,800,000","29,500,000","16,200,000","21,400,000","56,000,000","22,900,000","24,700,000","16,000,000","59,900,000","34,800,000","21,000,000","-6,400,000","31,100,000","21,600,000","11,100,000","18,800,000","36,600,000","44,200,000","44,000,000","66,300,000","87,400,000","157,400,000","103,200,000","8,000,000","900,000","-26,800,000","-1,800,000","18,800,000","40,300,000","40,800,000","18,100,000","36,000,000","49,600,000","26,800,000","22,700,000","27,133,000","30,058,000","30,269,000","33,734,000","30,072,000","23,493,000","23,570,000","25,132,000","18,329,000","18,215,000","12,636,000","16,712,000","8,953,000","13,796,000","8,178,000","6,204,000","9,999,000","12,276,000","6,706,000","3,304,000","10,017,000","8,677,000","5,292,000","5,375,000","9,389,000","9,253,000","7,964,000","4,700,000","6,600,000","7,200,000","4,500,000","2,700,000","4,300,000","3,600,000","2,800,000","2,000,000","1,900,000","1,300,000","1,800,000","1,400,000","-2,600,000","-1,300,000","1,200,000","1,000,000","1,800,000","2,600,000","1,200,000","1,200,000","2,100,000","2,800,000","1,800,000","2,200,000","800,000","500,000","1,100,000","500,000","-300,000","800,000","1,900,000","1,200,000","-500,000","1,400,000",,"-400,000","-2,100,000","-1,600,000","1,400,000","400,000","600,000","2,900,000",,,,,,,,,,,,,,,
EarningsFromEquityInterestNetOfTax,"1,500,000","-700,000","1,200,000","700,000","-500,000","100,000","-300,000","-900,000","-200,000","-200,000","-500,000","-200,000","-300,000","-400,000","900,000","-200,000","900,000","-100,000","500,000","200,000","100,000","400,000","800,000","300,000","300,000","1,100,000","100,000","300,000","900,000","1,300,000","100,000","1,200,000","-300,000","1,000,000","500,000","800,000","900,000","700,000","600,000","400,000","1,200,000","0","700,000","200,000","100,000","-200,000","400,000","-4,300,000","400,000","-100,000","-300,000",,,,,,,,,,,,,,,,,,,,,,,,,,,,,,,,,,,,,,,,,,,,,,,,,,,,,,,,,,,,,,,,,,,,,,,,,,,,,,,,,,,,,,,,,,,,,,,,,
NetIncomeCommonStockholders,"409,400,000","-2,100,000","6,200,000","89,700,000","213,900,000","99,600,000","69,500,000","100,000,000","80,200,000","68,600,000","75,700,000","150,000,000","191,900,000","128,500,000","109,000,000","151,300,000","153,400,000","110,800,000","56,400,000","93,500,000","128,600,000","44,300,000","19,200,000","61,500,000","84,200,000","56,100,000","14,600,000","50,200,000","89,700,000","54,500,000","34,600,000","77,500,000","104,700,000","71,200,000","54,700,000","36,100,000","147,800,000","86,000,000","46,200,000","78,300,000","75,700,000","37,300,000","38,900,000","37,500,000","68,400,000","67,900,000","99,600,000","116,600,000","211,200,000","292,600,000","169,600,000","140,300,000","-26,600,000","-1,192,000,000","-20,600,000","53,700,000","-84,300,000","72,600,000","37,300,000","85,400,000","90,600,000","50,900,000","41,200,000","49,210,000","53,414,000","49,837,000","53,068,000","42,752,000","38,689,000","38,190,000","40,574,000","30,012,000","30,623,000","22,473,000","29,698,000","26,005,000","24,209,000","14,114,000","11,292,000","17,249,000","21,574,000","12,167,000","8,608,000","17,648,000","13,709,000","11,284,000","8,223,000","14,386,000","15,274,000","13,928,000","6,100,000","10,100,000","10,500,000","6,500,000","3,900,000","4,100,000","4,500,000","3,400,000","3,100,000","3,100,000","2,800,000","2,500,000","1,600,000","-2,300,000","-4,600,000","2,200,000","1,600,000","3,200,000","3,100,000","1,300,000","1,500,000","3,200,000","3,700,000","2,800,000","3,500,000","-2,700,000","800,000","2,100,000","800,000","2,400,000","1,200,000","3,200,000","1,900,000","-800,000","2,200,000",,"-600,000","-3,300,000","-2,500,000","2,300,000","700,000","1,200,000","4,500,000",,,,,,,,,,,,,,,
	NetIncome,"409,400,000","-2,100,000","6,200,000","89,700,000","213,900,000","99,600,000","69,500,000","100,000,000","80,200,000","68,600,000","75,700,000","150,000,000","191,900,000","128,500,000","109,000,000","151,300,000","153,400,000","110,800,000","56,400,000","93,500,000","128,600,000","44,300,000","19,200,000","61,500,000","84,200,000","56,100,000","14,600,000","50,300,000","89,900,000","54,600,000","34,700,000","77,800,000","105,100,000","71,500,000","54,900,000","36,300,000","148,700,000","86,500,000","46,500,000","78,900,000","75,700,000","37,300,000","38,900,000","37,500,000","68,400,000","67,900,000","99,600,000","116,600,000","211,200,000","292,600,000","169,600,000","140,300,000","-26,600,000","-1,192,000,000","-20,600,000","53,700,000","-84,300,000","72,600,000","37,300,000","85,400,000","90,600,000","50,900,000","41,200,000","49,210,000","53,414,000","49,837,000","53,068,000","42,752,000","38,689,000","38,190,000","40,574,000","30,012,000","30,623,000","22,473,000","29,698,000","26,005,000","24,209,000","14,114,000","11,292,000","17,249,000","21,574,000","12,167,000","8,608,000","17,648,000","13,709,000","11,284,000","8,223,000","14,386,000","15,274,000","13,928,000","6,100,000","10,100,000","10,500,000","6,500,000","3,900,000","4,100,000","4,500,000","3,400,000","3,100,000","3,100,000","2,800,000","2,500,000","1,600,000","-2,300,000","-4,600,000","2,200,000","1,600,000","3,200,000","3,100,000","1,300,000","1,500,000","3,200,000","3,700,000","2,800,000","3,500,000","-2,700,000","800,000","2,100,000","800,000","2,400,000","1,200,000","3,200,000","1,900,000","-800,000","2,200,000",,"-600,000","-3,300,000","-2,500,000","2,300,000","700,000","1,200,000","4,500,000",,,,,,,,,,,,,,,
		NetIncomeIncludingNoncontrollingInterests,"409,400,000","-2,100,000","6,200,000","89,700,000","213,900,000","99,600,000","69,500,000","100,000,000","80,200,000","68,600,000","75,700,000","150,000,000","191,900,000","128,500,000","109,000,000","151,300,000","153,400,000","110,800,000","56,400,000","93,500,000","128,600,000","44,300,000","19,200,000","61,500,000","84,200,000","56,100,000","14,600,000","50,300,000","89,900,000","54,600,000","34,700,000","77,800,000","105,100,000","71,500,000","54,900,000","36,300,000","148,700,000","86,500,000","46,500,000","78,900,000","75,700,000","38,000,000","39,300,000","38,000,000","68,600,000","67,700,000","99,000,000","116,600,000","211,200,000","292,600,000","169,600,000","138,700,000","-26,800,000","-1,191,800,000","-20,800,000","54,000,000","-84,700,000","72,300,000","37,000,000","85,300,000","90,400,000","50,700,000","41,400,000","49,331,000","53,470,000","49,885,000","53,342,000","43,132,000","38,832,000","38,335,000","40,475,000","30,081,000","30,623,000","22,473,000","29,698,000","26,005,000","24,209,000","14,114,000","11,292,000","17,249,000","21,574,000","12,167,000","8,608,000","17,648,000","13,709,000","11,284,000","8,223,000","14,386,000","15,274,000","13,928,000","6,100,000","10,100,000","10,500,000","6,500,000","3,900,000","4,100,000","4,500,000","3,400,000","3,100,000","3,100,000","2,800,000","2,500,000","1,600,000","-2,300,000","-4,600,000","2,200,000","1,600,000","3,200,000","3,100,000","1,300,000","1,500,000","3,200,000","3,700,000","2,800,000","3,500,000","-2,700,000","800,000","2,100,000","800,000","2,400,000","1,200,000","3,200,000","1,900,000","-800,000","2,200,000",,"-600,000","-3,300,000","-2,500,000","2,300,000","700,000","1,200,000","4,500,000","4,100,000","3,100,000","2,800,000","4,300,000","3,700,000","3,000,000","5,200,000","8,000,000","6,900,000","5,800,000","7,500,000","6,900,000","6,200,000","4,200,000","4,600,000"
			NetIncomeContinuousOperations,"409,400,000","-2,100,000","6,200,000","89,700,000","213,900,000","99,600,000","69,500,000","100,000,000","80,200,000","68,600,000","75,700,000","150,000,000","191,900,000","128,500,000","109,000,000","151,300,000","153,400,000","110,800,000","56,400,000","93,500,000","128,600,000","44,300,000","19,200,000","61,500,000","84,200,000","56,100,000","14,600,000","50,300,000","89,900,000","54,600,000","34,700,000","77,800,000","105,100,000","71,500,000","54,900,000","35,700,000","148,400,000","85,900,000","46,500,000","78,600,000","75,700,000","38,000,000","39,300,000","38,000,000","68,600,000","67,700,000","99,000,000","116,600,000","211,200,000","292,600,000","172,500,000","51,500,000","-22,000,000","-1,191,800,000","-20,600,000","53,700,000","-84,300,000","72,600,000","37,300,000","85,400,000","90,600,000","50,900,000","41,200,000","49,210,000","53,414,000","49,837,000","53,068,000","42,752,000","38,689,000","38,190,000","40,574,000","30,012,000","30,623,000","22,473,000","29,698,000","26,005,000","24,209,000","14,114,000","11,292,000","17,249,000","21,574,000","12,167,000","8,608,000","17,648,000","13,709,000","11,284,000","8,223,000","14,625,000","15,274,000","11,913,000","6,700,000","10,200,000","10,500,000","6,500,000","3,900,000","4,100,000","5,000,000","4,100,000","3,100,000","3,100,000","2,800,000","2,500,000","1,600,000","-1,600,000","-2,400,000","2,200,000","1,600,000","3,200,000","4,100,000","1,300,000","1,500,000","3,200,000","3,700,000","2,800,000","3,500,000","1,400,000","800,000","2,100,000","800,000","2,400,000","1,200,000","3,200,000","1,900,000","-800,000","2,200,000",,"-600,000","-3,300,000","-2,500,000","2,300,000","700,000","1,200,000","4,500,000","4,100,000","3,100,000","2,800,000","4,300,000","3,700,000","3,000,000","5,200,000","8,000,000","6,900,000","5,800,000","7,500,000","6,900,000","6,200,000","4,200,000","4,600,000"
			NetIncomeDiscontinuousOperations,,,,,,,,,,,,,,,,,,,,,,,,,,,,,,,,"0","0","0","0","600,000","300,000","600,000","0","1,300,000",,,,"0","0","0","0","0","0","0","-2,900,000","87,900,000","-4,600,000",,,,,,,,,,,,,,,,,,,,,,,,,,,,,,,,,,,"0",,"2,015,000",,,,,,,,,,,,,,"-700,000","-2,200,000",,,"0","-1,000,000",,,,,,,,,,,,,,,,,,,,,,,,,,,,,,,,,,,,,,,
			NetIncomeFromTaxLossCarryforward,,,,,,,,,,,,,,,,,,,,,,,,,,,,,,,,,,,,,,,,,,,,,,,,,,,,,,,,,,,,,,,,,,,,,,,,,,,,,,,,,,,,,,,,"-239,000",,,"-600,000",,,,,"0","-500,000","-700,000",,,,,,,,,,,,,,,,,,,,,,,,,,,,,,,,,,,,,,,,,,,,,,,,,,
		MinorityInterests,,,,,,,,,,,,,,,,,,,,,,,,,,,,,,,,,,,,"0","0","0","0","0","0","-700,000","-400,000","-500,000","-200,000","200,000","600,000","0","0","0","0","1,600,000","200,000","-200,000","200,000","-300,000","400,000","300,000","300,000","100,000","200,000","200,000","-200,000","-121,000","-56,000","-48,000","-274,000","-380,000","-143,000","-145,000","99,000",,,,,,,,,,,,,,,,,,,,,,,,,,,,,,,,,,,,,,,,,,,,,,,,,,,,,,,,,,,,,,,,,,,,,,,,,,,,,
	OtherunderPreferredStockDividend,,,,,,,,,,,,,,,,,,,,,,,,"0","0",,"0","100,000","200,000","100,000","100,000","300,000","400,000","300,000","200,000","200,000","900,000","500,000","300,000",,,,,,,,,,,,,,,,,,,,,,,,,,,,,,,,,,,,,,,,,,,,,,,,,,,,,,,,,,,,,,,,,,,,,,,,,,,,,,,,,,,,,,,,,,,,,,,,,,,,,,,,,,,,,
DilutedNIAvailtoComStockholders,"409,400,000","-2,100,000","6,200,000","89,700,000","213,900,000","99,600,000","69,500,000","100,000,000","80,200,000","68,600,000","75,700,000","150,000,000","191,900,000","128,500,000","109,000,000","151,300,000","153,400,000","110,800,000","56,400,000","93,500,000","128,600,000","44,300,000","19,200,000","61,500,000","84,200,000","56,100,000","14,600,000","50,200,000","89,700,000","54,500,000","34,600,000","77,500,000","104,700,000","71,200,000","54,700,000","36,100,000","147,800,000","86,000,000","46,200,000","78,300,000","75,700,000","37,300,000","38,900,000","37,500,000","68,400,000","67,900,000","99,600,000","116,600,000","211,200,000","292,600,000","169,600,000","140,300,000","-26,600,000","-1,192,000,000","-20,600,000","53,700,000","-84,300,000","72,600,000","37,300,000","85,400,000","90,600,000","50,900,000","41,200,000","49,210,000","53,414,000","49,837,000","53,068,000","42,752,000","38,689,000","38,190,000","40,574,000","30,012,000","30,623,000","22,473,000","29,698,000","26,005,000","24,209,000","14,114,000","11,292,000","17,249,000","21,574,000","12,167,000","8,608,000","17,648,000","13,709,000","11,284,000","8,223,000","14,386,000","15,274,000","13,928,000","6,100,000","10,100,000","10,500,000","6,500,000","3,900,000","4,100,000","4,500,000","3,400,000","3,100,000","3,100,000","2,800,000","2,500,000","1,600,000","-2,300,000","-4,600,000","2,200,000","1,600,000","3,200,000","3,100,000","1,300,000","1,500,000","3,200,000","3,700,000","2,800,000","3,500,000","-2,700,000","800,000","2,100,000","800,000","2,400,000","1,200,000","3,200,000","1,900,000","-800,000","2,200,000",,"-600,000","-3,300,000","-2,500,000","2,300,000","700,000","1,200,000","4,500,000",,,,,,,,,,,,,,,
BasicEPS,,"-0.03","0.09","1.31","3.11","1.45","1.02","1.47","1.18","1","1.11","2.2","2.74","1.84","1.53","2.08","2.08","1.49","0.75","1.25","1.72","0.59","0.26","0.83","1.15","0.77","0.2","0.65","1.15","0.7","0.44","0.94","1.24","0.84","0.64","0.42","1.69","0.99","0.51","0.86","0.83","0.41","0.43",,"0.75","0.75","1.1",,"2.34","3.27","1.9",,"-0.36","-16.02","-0.28",,"-1.14","0.98","0.51",,"1.23","0.69","0.56",,"0.73","0.68","0.73",,"0.535","0.53","0.57",,"0.435","0.32","0.425",,"0.355","0.208","0.168",,"0.32","0.18","0.128",,"0.205","0.17","0.123",,"0.23","0.21","0.105",,"0.138","0.128","0.078",,"0.09","0.048","0.063",,"0.055","0.048","0.033",,"-0.088","0.043","0.03",,"0.06","0.028","0.028",,"0.07","0.053","0.068",,"0.018","0.043","0.015",,"0.023","0.063","0.038",,"0.043",,"-0.013",,"-0.048","0.043","0.013",,"0.083","0.075","0.058",,"0.078","0.07","0.055",,"0.148","0.128","0.108",,"0.128","0.115","0.078",
DilutedEPS,,"-0.03","0.09","1.3","3.07","1.44","1.01","1.46","1.17","0.99","1.1","2.17","2.72","1.82","1.51","2.05","2.05","1.47","0.74","1.23","1.69","0.58","0.26","0.82","1.13","0.76","0.19","0.64","1.13","0.69","0.43","0.93","1.22","0.83","0.63","0.41","1.67","0.97","0.51","0.86","0.82","0.41","0.42",,"0.75","0.74","1.09",,"2.31","3.22","1.87",,"-0.36","-16.02","-0.28",,"-1.14","0.97","0.5",,"1.21","0.68","0.55",,"0.72","0.67","0.72",,"0.525","0.52","0.555",,"0.425","0.31","0.415",,"0.348","0.203","0.163",,"0.31","0.175","0.125",,"0.2","0.165","0.12",,"0.225","0.205","0.105",,"0.135","0.128","0.075",,"0.09","0.048","0.063",,"0.055","0.048","0.033",,"-0.088","0.043","0.03",,"0.06","0.028","0.028",,"0.07","0.053","0.068",,"0.018","0.043","0.015",,"0.023","0.063","0.038",,"0.043",,"-0.013",,"-0.048","0.043","0.013",,"0.083","0.075","0.058",,"0.078","0.07","0.055",,"0.148","0.128","0.108",,"0.128","0.115","0.078",
BasicAverageShares,,"66,394,041","67,351,145","68,397,838","68,781,801","68,513,419","68,240,322","68,131,260","68,087,363","68,281,213","68,098,220","68,196,577","69,578,310","70,042,761","71,464,489","72,880,114","73,768,372","74,519,741","74,846,829","74,914,622","74,806,775","74,696,616","74,280,377","73,700,883","73,390,624","73,118,295","74,063,418","76,988,788","78,117,876","78,007,479","78,849,340","82,514,910","84,635,817","84,036,403","85,312,326","86,413,588","87,110,576","87,112,173","90,303,191","91,280,380","91,417,937","91,359,575","91,186,347",,"91,030,847","90,839,750","90,595,181",,"90,174,086","89,596,583","89,477,892",,"74,424,605","74,406,118","74,376,460",,"74,135,753","74,081,633","73,137,255",,"73,658,537","73,768,116","73,571,429",,"73,169,863","73,289,706","72,695,890",,"72,315,888","72,056,604","71,182,456",,"70,397,701","70,228,125","69,877,647",,"68,194,366","68,019,277","67,414,925",,"67,418,750","67,594,444","67,513,725",,"66,873,171","66,376,471","67,126,531",,"66,408,696","66,323,810","58,095,238",,"50,602,410","50,980,392","50,322,581",,"50,000,000","49,600,000","49,600,000",,"50,909,091","52,631,579","49,230,769",,"52,571,429","51,764,706","53,333,333",,"51,666,667","47,272,727","54,545,455",,"52,857,143","53,333,333","51,851,852",,"45,714,286","49,411,765","53,333,333",,"53,333,333","51,200,000","50,666,667",,"51,764,706","48,000,000","48,000,000",,"52,631,579","54,117,647","56,000,000",,"54,545,455","54,020,000","54,020,000",,"54,020,000","54,020,000","54,020,000",,"54,020,000","54,020,000","54,020,000",,"54,020,000","54,020,000","52,976,000",
DilutedAverageShares,,"66,394,041","67,936,477","69,130,103","69,611,645","69,288,621","68,808,563","68,758,185","68,579,938","68,872,024","68,941,527","68,997,247","70,379,291","70,756,794","72,101,826","73,754,192","74,660,518","75,497,549","76,024,465","76,100,906","75,892,825","75,783,462","75,384,917","74,743,295","74,266,962","73,861,340","74,853,216","77,903,415","79,184,077","78,994,740","79,845,196","83,691,530","85,909,065","85,507,064","86,726,540","87,818,676","88,246,326","88,566,349","91,181,797","91,973,448","91,925,095","91,943,562","91,771,625",,"91,689,608","91,804,356","91,439,351",,"91,272,606","90,919,214","90,813,198",,"74,424,605","74,406,118","74,376,460",,"74,135,753","74,845,361","74,600,000",,"74,876,033","74,852,941","74,909,091",,"74,186,111","74,383,582","73,705,556",,"73,693,333","73,442,308","73,106,306",,"72,054,118","72,493,548","71,561,446",,"69,666,187","69,698,765","69,489,231",,"69,593,548","69,525,714","68,864,000",,"68,545,000","68,387,879","68,525,000",,"67,884,444","67,941,463","58,095,238",,"51,851,852","50,980,392","52,000,000",,"50,000,000","49,600,000","49,600,000",,"50,909,091","52,631,579","49,230,769",,"52,571,429","51,764,706","53,333,333",,"51,666,667","47,272,727","54,545,455",,"52,857,143","53,333,333","51,851,852",,"45,714,286","49,411,765","53,333,333",,"53,333,333","51,200,000","50,666,667",,"51,764,706","48,000,000","48,000,000",,"52,631,579","54,117,647","56,000,000",,"54,545,455","54,020,000","54,020,000",,"54,020,000","54,020,000","54,020,000",,"54,020,000","54,020,000","54,020,000",,"54,020,000","54,020,000","52,976,000",
TotalOperatingIncomeAsReported,"466,800,000","29,300,000","18,000,000","104,200,000","203,800,000","140,800,000","95,900,000","127,400,000","118,600,000","133,600,000","109,100,000","203,100,000","257,800,000","175,600,000","160,500,000","201,400,000","222,400,000","155,900,000","73,800,000","134,500,000","211,900,000","80,400,000","36,200,000","95,500,000","146,800,000","91,400,000","30,300,000","86,600,000","136,600,000","109,700,000","65,700,000","113,100,000","174,300,000","119,400,000","96,500,000","65,200,000","225,600,000","134,600,000","80,800,000","90,300,000","124,500,000","75,900,000","75,300,000","73,800,000","126,000,000","132,400,000","168,700,000","233,600,000","340,500,000","494,300,000","325,700,000","118,100,000","38,300,000","-1,175,200,000","17,100,000","122,100,000","6,000,000","168,200,000","109,900,000","179,200,000","192,700,000","134,800,000","83,600,000","76,584,000","82,617,000","79,726,000","87,001,000","73,974,000","62,971,000","62,625,000","67,632,000","49,432,000","49,165,000","35,085,000","46,728,000","43,559,000","40,891,000","24,387,000","20,362,000","31,395,000","38,362,000","23,582,000","17,779,000","-58,021,000","27,501,000","21,032,000","17,784,000","27,960,000","28,809,000","24,655,000","16,600,000","23,000,000","23,500,000","16,800,000","12,900,000","14,900,000","15,400,000","11,200,000","7,400,000","8,200,000","6,900,000","7,400,000","6,400,000","-5,000,000","-3,900,000","3,200,000","2,100,000","4,800,000","6,800,000","3,500,000","3,200,000","6,100,000","7,700,000","4,700,000","5,900,000","3,200,000","2,400,000","4,200,000","2,200,000","2,500,000","2,600,000","5,800,000","3,800,000","-900,000","3,900,000","100,000","-1,000,000","-5,900,000","-3,800,000","4,200,000","1,100,000","1,600,000","6,900,000",,,,,,,,,,,,,,,
TotalExpenses,"7,485,700,000","1,916,400,000","1,773,700,000","1,958,800,000","2,005,000,000","1,748,200,000","1,480,600,000","1,656,800,000","1,462,200,000","1,663,100,000","1,586,000,000","1,992,600,000","2,134,900,000","1,814,600,000","1,642,900,000","1,855,600,000","1,953,400,000","1,730,500,000","1,512,500,000","1,828,500,000","1,825,000,000","1,537,900,000","1,175,200,000","1,633,000,000","1,600,700,000","1,432,900,000","1,221,700,000","1,491,700,000","1,475,700,000","1,444,500,000","1,287,600,000","1,554,600,000","1,758,100,000","1,558,500,000","1,433,700,000","1,652,300,000","1,978,800,000","1,849,800,000","1,680,200,000","1,960,400,000","2,051,800,000","1,999,400,000","1,803,300,000","2,036,800,000","1,896,900,000","1,613,200,000","1,532,100,000","1,869,200,000","2,098,500,000","2,369,900,000","2,085,100,000","1,366,800,000","1,187,900,000","1,273,300,000","1,369,000,000","1,774,400,000","1,963,300,000","1,604,400,000","1,390,000,000","1,613,200,000","1,654,600,000","1,525,900,000","923,200,000","827,769,000","805,302,000","765,054,000","703,335,000","749,742,000","755,941,000","609,730,000","577,285,000","601,642,000","550,659,000","483,128,000","446,466,000","464,555,000","497,292,000","428,990,000","405,974,000","445,567,000","451,170,000","392,023,000","343,714,000","475,579,000","376,747,000","314,577,000","263,733,000","330,008,000","362,858,000","305,869,000","227,300,000","291,000,000","306,300,000","281,700,000","109,800,000","228,200,000","274,700,000","206,600,000","144,400,000","177,600,000","169,700,000","163,100,000","143,900,000","122,800,000","115,900,000","99,900,000","78,400,000","103,800,000","119,600,000","125,800,000","109,100,000","143,200,000","179,300,000","188,200,000","156,400,000","179,900,000","150,800,000","150,100,000","142,100,000","158,100,000","159,000,000","158,900,000","149,900,000","127,500,000","112,800,000","96,000,000","81,200,000","106,400,000","132,000,000","123,900,000","95,200,000","110,100,000","119,400,000",,,,,,,,,,,,,,,
NetIncomeFromContinuingAndDiscontinuedOperation,"409,400,000","-2,100,000","6,200,000","89,700,000","213,900,000","99,600,000","69,500,000","100,000,000","80,200,000","68,600,000","75,700,000","150,000,000","191,900,000","128,500,000","109,000,000","151,300,000","153,400,000","110,800,000","56,400,000","93,500,000","128,600,000","44,300,000","19,200,000","61,500,000","84,200,000","56,100,000","14,600,000","50,300,000","89,900,000","54,600,000","34,700,000","77,800,000","105,100,000","71,500,000","54,900,000","36,300,000","148,700,000","86,500,000","46,500,000","78,900,000","75,700,000","37,300,000","38,900,000","37,500,000","68,400,000","67,900,000","99,600,000","116,600,000","211,200,000","292,600,000","169,600,000","140,300,000","-26,600,000","-1,192,000,000","-20,600,000","53,700,000","-84,300,000","72,600,000","37,300,000","85,400,000","90,600,000","50,900,000","41,200,000","49,210,000","53,414,000","49,837,000","53,068,000","42,752,000","38,689,000","38,190,000","40,574,000","30,012,000","30,623,000","22,473,000","29,698,000","26,005,000","24,209,000","14,114,000","11,292,000","17,249,000","21,574,000","12,167,000","8,608,000","17,648,000","13,709,000","11,284,000","8,223,000","14,625,000","15,274,000","13,928,000","6,700,000","10,200,000","10,500,000","6,500,000","3,900,000","4,100,000","5,000,000","4,100,000","3,100,000","3,100,000","2,800,000","2,500,000","1,600,000","-2,300,000","-4,600,000","2,200,000","1,600,000","3,200,000","3,100,000","1,300,000","1,500,000","3,200,000","3,700,000","2,800,000","3,500,000","1,400,000","800,000","2,100,000","800,000","2,400,000","1,200,000","3,200,000","1,900,000","-800,000","2,200,000",,"-600,000","-3,300,000","-2,500,000","2,300,000","700,000","1,200,000","4,500,000",,,,,,,,,,,,,,,
NormalizedIncome,"409,400,000","-2,100,000","6,200,000","89,700,000","213,900,000","99,600,000","69,500,000","100,000,000","80,200,000","68,600,000","75,700,000","150,000,000","191,900,000","128,500,000","109,000,000","151,300,000","153,400,000","110,800,000","56,400,000","93,500,000","128,600,000","44,300,000","19,200,000","61,500,000","84,200,000","56,100,000","14,600,000","50,300,000","89,900,000","54,600,000","34,700,000","77,800,000","105,100,000","71,500,000","54,900,000","35,700,000","148,400,000","85,900,000","46,500,000","75,285,000","76,264,393.939","36,471,140.94","43,249,295.775","39,369,964.664","68,725,880.114","67,657,716.325","99,807,433.38","117,375,000","212,118,980.55","291,949,700.067","186,962,608.696","50,487,581.699","-24,795,000","-17,697,670.221","-23,274,025.974","55,474,202.497","31,465,000","74,815,827.338","38,686,866.792","86,940,000","89,575,489.485","50,387,399.464","41,456,101.426","48,910,241.263","53,605,530.225","49,959,213.924","53,196,710.537","43,388,600","38,827,219.991","38,128,615.289","41,011,888.445","30,152,150.834","30,548,937.08","22,092,026.434","29,723,596.208","30,768,393.929","24,502,742.358","13,738,478.393","11,466,463.947","17,984,248.233","21,683,899.409","12,134,702.138","8,416,307.584","16,490,274.429","13,758,107.95","11,280,634.645","8,039,769.451","14,355,204.256","14,932,737.228","11,645,400","6,460,000","10,321,428.571","9,960,000","6,020,000","3,720,000","3,680,000","4,760,000","3,920,000","2,978,431.373","3,100,000","2,731,707.317","2,440,000","1,480,000","-2,560,000","-2,529,729.73","2,005,882.353","1,353,846.154","3,200,000","4,038,805.97","1,600,000","1,620,000","3,501,886.792","4,120,000","2,617,391.304","3,377,192.982","1,590,909.091","800,000","1,968,750","676,923.077","2,280,000","960,000","3,074,509.804","1,838,709.677","-1,046,153.846","2,077,777.778",,"-780,000","-3,544,444.444","-2,621,951.22","2,300,000","572,727.273","933,333.333","4,135,135.135",,,,,,,,,,,,,,,
InterestIncome,"3,600,000","1,000,000","700,000","1,800,000","500,000","600,000","600,000","3,900,000","700,000","1,600,000","1,300,000","1,000,000","1,600,000","2,000,000","2,200,000","3,600,000","1,900,000","8,100,000","1,700,000","1,700,000","1,400,000","1,000,000","800,000","600,000","500,000","500,000","500,000","500,000","600,000","600,000","800,000","600,000","400,000","500,000","500,000","4,100,000","3,100,000","1,700,000","2,500,000","300,000","400,000","600,000","600,000","2,100,000","800,000","1,000,000","700,000","1,300,000","800,000","500,000","900,000","2,300,000","100,000","1,000,000",,,,,,,,,,,,,,,,,,,,,,,,,,,,,,,,,,,,,,,,,,,,,,,,,,,,,,,,,,,,,,,,,,,,,,,,,,,,,,,,,,,,,,,,,,,,,,
InterestExpense,"48,700,000","12,600,000","12,500,000","12,200,000","12,200,000","11,800,000","12,000,000","11,500,000","12,400,000","22,300,000","13,100,000","13,200,000","13,800,000","13,700,000","13,700,000","14,000,000","25,400,000","16,100,000","15,400,000","14,700,000","15,300,000","15,100,000","14,700,000","14,400,000","15,800,000","15,600,000","14,600,000","13,700,000","13,200,000","28,800,000","14,400,000","14,100,000","14,100,000","27,000,000","16,200,000","16,600,000","16,600,000","16,400,000","16,700,000","18,700,000","18,500,000","18,200,000","20,600,000","21,300,000","21,200,000","21,700,000","26,500,000","48,800,000","41,800,000","45,700,000","50,800,000","63,400,000","63,100,000","41,900,000",,,,,,,,,,,,,,,,,,,,,,,,,,,,,,,,,,,,,,,,,,,,,,,,,,,,,,,,,,,,,,,,,,,,,,,,,,,,,,,,,,,,,,,,,,,,,,
NetInterestIncome,"-45,100,000","-11,600,000","-11,800,000","-10,400,000","-11,700,000","-11,200,000","-11,400,000","-7,600,000","-11,700,000","-20,700,000","-11,800,000","-12,200,000","-12,200,000","-11,700,000","-11,500,000","-10,400,000","-23,500,000","-8,000,000","-13,700,000","-13,000,000","-13,900,000","-14,100,000","-13,900,000","-13,800,000","-15,300,000","-15,100,000","-14,100,000","-13,200,000","-12,600,000","-28,200,000","-13,600,000","-13,500,000","-13,700,000","-26,500,000","-15,700,000","-12,500,000","-13,500,000","-14,700,000","-14,200,000","-18,400,000","-18,100,000","-17,600,000","-20,000,000","-19,200,000","-20,400,000","-20,700,000","-25,800,000","-47,500,000","-41,000,000","-45,200,000","-49,900,000","-61,100,000","-63,000,000","-40,900,000",,,,,,,,,,,,,,,,,,,,,,,,,,,,,,,,,,,,,,,,,,,,,,,,,,,,,,,,,,,,,,,,,,,,,,,,,,,,,,,,,,,,,,,,,,,,,,
EBIT,"464,200,000","31,400,000","13,100,000","101,900,000","204,700,000","144,500,000","95,000,000","138,200,000","120,800,000","129,400,000","110,000,000","205,100,000","259,700,000","178,800,000","161,500,000","203,800,000","222,500,000","163,200,000","76,000,000","136,300,000","213,900,000","82,600,000","38,300,000","97,600,000","148,100,000","90,900,000","30,800,000","82,400,000","137,000,000","111,600,000","65,200,000","112,100,000","175,500,000","120,400,000","95,300,000","67,500,000","224,000,000","136,400,000","83,600,000","90,500,000","124,100,000","77,800,000","70,300,000","77,900,000","126,300,000","133,800,000","169,100,000","236,000,000","340,000,000","495,800,000","326,800,000","124,600,000","42,700,000","-1,177,100,000","17,100,000","122,100,000","6,000,000","168,200,000","109,900,000","179,200,000","192,700,000","134,800,000","83,600,000","76,584,000","82,617,000","79,726,000","87,001,000","73,974,000","62,971,000","62,625,000","67,632,000","49,432,000","49,165,000","35,085,000","46,728,000","43,559,000","40,891,000","24,387,000","20,362,000","31,395,000","38,362,000","23,582,000","17,779,000","-58,021,000","27,501,000","27,393,000","17,784,000","27,960,000","28,809,000","24,655,000","16,600,000","23,000,000","23,500,000","16,800,000","12,900,000","14,900,000","15,400,000","11,200,000","7,400,000","8,200,000","6,900,000","7,400,000","6,400,000","-5,000,000","-3,900,000","3,200,000","2,100,000","4,800,000","6,800,000","3,500,000","3,200,000","6,100,000","7,700,000","4,700,000","5,900,000","3,200,000","2,400,000","4,200,000","2,200,000","2,500,000","2,600,000","5,800,000","3,800,000","-900,000","3,900,000","100,000","-1,000,000","-5,900,000","-3,800,000","4,200,000","1,100,000","1,600,000","6,900,000","109,400,000","79,600,000","-236,900,000","95,600,000","86,900,000","76,800,000","-254,700,000","109,900,000","100,700,000","89,300,000","-247,700,000","111,100,000","97,700,000","84,900,000","-192,800,000"
EBITDA,"568,600,000"
ReconciledCostOfRevenue,"6,709,300,000","1,720,800,000","1,595,800,000","1,760,900,000","1,798,100,000","1,554,500,000","1,308,600,000","1,473,800,000","1,301,800,000","1,483,100,000","1,384,600,000","1,778,200,000","1,939,300,000","1,613,200,000","1,455,600,000","1,661,600,000","1,752,400,000","1,530,300,000","1,323,300,000","1,614,600,000","1,628,200,000","1,335,800,000","992,100,000","1,436,400,000","1,413,800,000","1,245,500,000","1,051,400,000","1,311,400,000","1,311,400,000","1,258,200,000","1,106,600,000","1,360,300,000","1,567,700,000","1,367,800,000","1,258,200,000","1,451,800,000","1,800,900,000","1,663,600,000","1,497,700,000","1,773,400,000","1,885,900,000","1,820,100,000","1,637,300,000","1,873,800,000","1,730,900,000","1,444,600,000","1,372,100,000","1,684,500,000","1,934,400,000","2,208,200,000","1,932,900,000","1,218,700,000","1,028,300,000","1,154,300,000","1,234,700,000","1,616,600,000","1,641,100,000","1,449,500,000","1,247,900,000","1,465,100,000","1,518,900,000","1,386,400,000","834,100,000","749,650,000","732,629,000","695,415,000","641,413,000","688,274,000","695,068,000","552,462,000","529,326,000","552,838,000","500,576,000","440,450,000","404,772,000","421,242,000","456,571,000","387,585,000","368,697,000","405,276,000","410,272,000","356,109,000","311,469,000","353,155,000","347,929,000","288,051,000","234,034,000","290,515,000","332,865,000","280,791,000","203,900,000","253,500,000","281,500,000","254,000,000","90,600,000","190,600,000","247,900,000","190,100,000","127,300,000","158,900,000","152,300,000","145,300,000","129,000,000","115,300,000","99,200,000","87,200,000","67,200,000","92,400,000","107,500,000","110,100,000","95,300,000","122,700,000","161,500,000","168,400,000","140,800,000","170,200,000","130,800,000","131,800,000","123,200,000","142,000,000","144,500,000","143,800,000","135,200,000","112,500,000","99,200,000","83,700,000","70,300,000","93,400,000","118,500,000","107,100,000","83,200,000","99,000,000","109,400,000",,,,,,,,,,,,,,,
ReconciledDepreciation,"104,400,000","26,400,000","27,000,000","26,400,000","29,300,000","21,700,000","26,600,000","30,800,000","22,800,000","22,600,000","28,000,000","29,400,000","28,700,000","28,400,000","28,700,000","29,400,000","29,800,000","29,900,000","31,400,000","33,000,000","32,900,000","32,300,000","32,100,000","32,900,000","32,200,000","32,700,000","31,000,000","30,400,000","30,100,000","33,500,000","30,500,000","31,600,000","31,700,000","32,700,000","30,800,000","31,600,000","31,900,000","31,900,000","31,400,000","35,100,000","31,500,000","30,600,000","33,700,000","39,300,000","35,200,000","34,900,000","35,000,000","54,200,000","37,900,000","43,400,000","37,400,000","41,400,000","36,800,000","15,800,000","16,300,000","16,700,000","17,200,000","16,700,000","18,700,000","21,800,000","18,300,000","18,700,000","7,100,000","2,748,000","1,832,000","1,889,000","1,896,000","1,925,000","2,046,000","2,028,000","1,694,000","2,310,000","1,666,000","1,669,000","1,663,000","1,620,000","1,621,000","1,607,000","1,602,000","1,597,000","1,506,000","1,475,000","1,440,000","3,228,000","3,137,000","6,361,000","7,080,000","15,894,000","2,780,000","2,744,000","2,800,000","14,800,000","2,800,000","2,900,000","2,700,000","13,100,000","2,800,000","-500,000","3,300,000","3,600,000","3,500,000","3,400,000","3,600,000","2,700,000","2,100,000","2,100,000","1,900,000","2,200,000","1,700,000","2,300,000","2,200,000","2,800,000","2,500,000","2,500,000","2,300,000","2,700,000","2,400,000","2,000,000","2,300,000","2,100,000","2,200,000","1,600,000","1,900,000","2,000,000","2,000,000","1,800,000","1,700,000","1,800,000","1,700,000","1,600,000","1,500,000","1,200,000",,,,,,,,,,,,,,,,
NetIncomeFromContinuingOperationNetMinorityInterest,"409,400,000","-2,100,000","6,200,000","89,700,000","213,900,000","99,600,000","69,500,000","100,000,000","80,200,000","68,600,000","75,700,000","150,000,000","191,900,000","128,500,000","109,000,000","151,300,000","153,400,000","110,800,000","56,400,000","93,500,000","128,600,000","44,300,000","19,200,000","61,500,000","84,200,000","56,100,000","14,600,000","50,300,000","89,900,000","54,600,000","34,700,000","77,800,000","105,100,000","71,500,000","54,900,000","35,700,000","148,400,000","85,900,000","46,500,000","78,600,000","75,700,000","37,300,000","38,900,000","37,500,000","68,400,000","67,900,000","99,600,000","116,600,000","211,200,000","292,600,000","172,500,000","52,400,000","-22,000,000","-1,192,000,000","-20,600,000","53,700,000","-84,300,000","72,600,000","37,300,000","85,400,000","90,600,000","50,900,000","41,200,000","49,210,000","53,414,000","49,837,000","53,068,000","42,752,000","38,689,000","38,190,000","40,574,000","30,012,000","30,623,000","22,473,000","29,698,000","26,005,000","24,209,000","14,114,000","11,292,000","17,249,000","21,574,000","12,167,000","8,608,000","17,648,000","13,709,000","11,284,000","8,223,000","14,625,000","15,274,000","11,913,000","6,700,000","10,200,000","10,500,000","6,500,000","3,900,000","4,100,000","5,000,000","4,100,000","3,100,000","3,100,000","2,800,000","2,500,000","1,600,000","-1,600,000","-2,400,000","2,200,000","1,600,000","3,200,000","4,100,000","1,300,000","1,500,000","3,200,000","3,700,000","2,800,000","3,500,000","1,400,000","800,000","2,100,000","800,000","2,400,000","1,200,000","3,200,000","1,900,000","-800,000","2,200,000",,"-600,000","-3,300,000","-2,500,000","2,300,000","700,000","1,200,000","4,500,000",,,,,,,,,,,,,,,
TotalUnusualItemsExcludingGoodwill,,,,,,,,,,,,,,,,,,,,"0",,,,"-26,900,000",,,,,,,,"0",,,,"-9,000,000",,,,"5,100,000","-800,000","1,300,000","-5,600,000","-2,800,000","-500,000","400,000","-300,000","-1,200,000","-1,300,000","1,000,000","-23,100,000","2,200,000","4,300,000","-1,200,700,000","2,900,000","-2,400,000","-178,100,000","-3,500,000","-2,100,000","-2,200,000","1,600,000","800,000","-400,000","466,000","-301,000","-197,000","-211,000","-1,061,000","-224,000","100,000","-713,000","-227,000","119,000","600,000","-40,000","-6,442,000","-465,000","601,000","-276,000","-1,182,000","-174,000","51,000","270,000","1,829,000","-81,000","5,000","303,000","443,000","548,000","446,000","400,000","-200,000","900,000","800,000","300,000","700,000","400,000","300,000","200,000","0","100,000","100,000","200,000","1,600,000","200,000","300,000","400,000",,"100,000","-500,000","-200,000","-500,000","-700,000","300,000","200,000","-300,000",,"200,000","200,000","200,000","400,000","200,000","100,000","400,000","200,000",,"300,000","400,000","200,000",,"200,000","400,000","600,000",,,,,,,,,,,,,,,
TotalUnusualItems,,,,,,,,,,,,,,,,,,,,"0",,,,"-26,900,000",,,,,,,,"0",,,,"-9,000,000",,,,"5,100,000","-800,000","1,300,000","-5,600,000","-2,800,000","-500,000","400,000","-300,000","-1,200,000","-1,300,000","1,000,000","-23,100,000","2,200,000","4,300,000","-1,200,700,000","2,900,000","-2,400,000","-178,100,000","-3,500,000","-2,100,000","-2,200,000","1,600,000","800,000","-400,000","466,000","-301,000","-197,000","-211,000","-1,061,000","-224,000","100,000","-713,000","-227,000","119,000","600,000","-40,000","-6,442,000","-465,000","601,000","-276,000","-1,182,000","-174,000","51,000","270,000","1,829,000","-81,000","5,000","303,000","443,000","548,000","446,000","400,000","-200,000","900,000","800,000","300,000","700,000","400,000","300,000","200,000","0","100,000","100,000","200,000","1,600,000","200,000","300,000","400,000",,"100,000","-500,000","-200,000","-500,000","-700,000","300,000","200,000","-300,000",,"200,000","200,000","200,000","400,000","200,000","100,000","400,000","200,000",,"300,000","400,000","200,000",,"200,000","400,000","600,000",,,,,,,,,,,,,,,
NormalizedEBITDA,"568,600,000","57,800,000","40,100,000","128,300,000","234,000,000","166,200,000","121,600,000","169,000,000","143,600,000","152,000,000","138,000,000","234,500,000","288,400,000","207,200,000","190,200,000","233,200,000","252,300,000","193,100,000","107,400,000","169,300,000","246,800,000","114,900,000","70,400,000","130,500,000","180,300,000","123,600,000","61,800,000","112,800,000","167,100,000","145,100,000","95,700,000","143,700,000","207,200,000","153,100,000","126,100,000","99,100,000","255,900,000","168,300,000","115,000,000","120,500,000","156,400,000","107,100,000","109,600,000","120,000,000","162,000,000","168,300,000","204,400,000","291,400,000","379,200,000","538,200,000","387,300,000","163,800,000","75,200,000","39,400,000","30,500,000","141,200,000","201,300,000","188,400,000","130,700,000","203,200,000","209,400,000","152,700,000","91,100,000","78,866,000","84,750,000","81,812,000","89,108,000","76,960,000","65,241,000","64,553,000","70,039,000","51,969,000","50,712,000","36,154,000","48,431,000","51,621,000","42,977,000","25,393,000","22,240,000","34,174,000","40,042,000","25,006,000","18,949,000","-56,622,000","30,719,000","36,695,000","24,561,000","43,411,000","31,041,000","26,981,000","19,000,000","38,000,000","25,400,000","18,900,000","15,300,000","27,300,000","17,800,000","12,600,000","10,500,000","11,800,000","10,400,000","10,700,000","9,800,000","-3,900,000","-2,000,000","5,000,000","3,600,000","7,000,000","8,700,000","8,500,000","5,600,000","9,400,000","10,900,000","6,900,000","8,000,000","6,200,000","4,800,000","6,000,000","4,300,000","4,400,000","4,400,000","7,200,000","5,600,000","700,000","5,700,000","1,900,000","400,000","-4,500,000","-2,300,000","5,800,000","2,400,000","2,400,000","6,300,000","109,400,000","79,600,000","-236,900,000","95,600,000","86,900,000","76,800,000","-254,700,000","109,900,000","100,700,000","89,300,000","-247,700,000","111,100,000","97,700,000","84,900,000","-192,800,000"
TaxRateForCalcs,"0.018","0.4","0.27","0.008","0.27","0.25","0.159","0.204","0.258","0.358","0.214","0.217","0.218","0.219","0.269","0.202","0.226","0.246","0.078","0.233","0.353","0.35","0.218","0.264","0.366","0.27","0.106","0.272","0.281","0.357","0.319","0.218","0.347","0.246","0.312","0.314","0.289","0.29","0.315","0.35","0.295","0.362","0.223","0.332","0.348","0.394","0.309","0.354","0.293","0.35","0.374","0.131","0.35","0.022","0.078","0.261","0.35","0.367","0.34","0.3","0.36","0.359","0.36","0.357","0.364","0.38","0.39","0.4","0.383","0.386","0.386","0.383","0.378","0.365","0.36","0.261","0.368","0.375","0.368","0.378","0.368","0.367","0.29","0.367","0.394","0.327","0.395","0.391","0.377","0.4","0.4","0.393","0.4","0.4","0.4","0.4","0.4","0.4","0.392","0.38","0.317","0.4","0.4","0.4","0.351","0.353","0.385","0.36","0.388","0.4","0.4","0.396","0.4","0.391","0.386","0.364","0.385","0.344","0.385","0.4","0.4","0.373","0.387","0.385","0.389",,"0.4","0.389","0.39","0.378","0.364","0.333","0.392",,,,,,,,,,,,,,,
TaxEffectOfUnusualItems,"0","0","0","0","0","0","0","0","0","0","0","0","0","0","0","0","0","0","0","0","0","0","0","0","0","0","0","0","0","0","0","0","0","0","0","0","0","0","0","1,785,000","-235,606.061","471,140.94","-1,250,704.225","-930,035.336","-174,119.886","157,716.325","-92,566.62","-425,000","-381,019.45","349,700.067","-8,637,391.304","287,581.699","1,505,000","-26,397,670.221","225,974.026","-625,797.503","-62,335,000","-1,284,172.662","-713,133.208","-660,000","575,489.485","287,399.464","-143,898.574","166,241.263","-109,469.775","-74,786.076","-82,289.463","-424,400","-85,780.009","38,615.289","-275,111.555","-86,849.166","44,937.08","219,026.434","-14,403.792","-1,678,606.071","-171,257.642","225,478.393","-101,536.053","-446,751.767","-64,100.591","18,702.138","78,307.584","671,274.429","-31,892.05","1,634.645","119,769.451","173,204.256","206,737.228","178,400","160,000","-78,571.429","360,000","320,000","120,000","280,000","160,000","120,000","78,431.373","0","31,707.317","40,000","80,000","640,000","70,270.27","105,882.353","153,846.154","0","38,805.97","-200,000","-80,000","-198,113.208","-280,000","117,391.304","77,192.982","-109,090.909","0","68,750","76,923.077","80,000","160,000","74,509.804","38,709.677","153,846.154","77,777.778",,"120,000","155,555.556","78,048.78","0","72,727.273","133,333.333","235,135.135",,,,,,,,,,,,,,,