name,ttm,03/31/2022,12/31/2021,09/30/2021,06/30/2021,03/31/2021,12/31/2020,09/30/2020,06/30/2020,03/31/2020,12/31/2019,09/30/2019,06/30/2019,03/31/2019,12/31/2018,09/30/2018,06/30/2018,03/31/2018,12/31/2017,09/30/2017,06/30/2017,03/31/2017,12/31/2016,09/30/2016,06/30/2016,03/31/2016,12/31/2015,09/30/2015,06/30/2015,03/31/2015,12/31/2014,09/30/2014,06/30/2014,03/31/2014,12/31/2013,09/30/2013,06/30/2013,03/31/2013,12/31/2012,09/30/2012,06/30/2012,03/31/2012,12/31/2011,09/30/2011,06/30/2011,03/31/2011,12/31/2010,09/30/2010,06/30/2010,03/31/2010,12/31/2009,09/30/2009,06/30/2009,03/31/2009,12/31/2008,09/30/2008,06/30/2008,03/31/2008,12/31/2007,09/30/2007,06/30/2007,03/31/2007,12/31/2006,09/30/2006,06/30/2006,03/31/2006,12/31/2005,09/30/2005,06/30/2005,03/31/2005,12/31/2004,09/30/2004,06/30/2004,03/31/2004,12/31/2003,09/30/2003,06/30/2003,03/31/2003,12/31/2002,09/30/2002,06/30/2002,03/31/2002,12/31/2001,09/30/2001,06/30/2001,03/31/2001,12/31/2000,09/30/2000,06/30/2000,03/31/2000,12/31/1999,09/30/1999,06/30/1999,03/31/1999,12/31/1998,09/30/1998,06/30/1998,03/31/1998,12/31/1997,09/30/1997,06/30/1997,03/31/1997,12/31/1996,09/30/1996,06/30/1996,03/31/1996,12/31/1995,09/30/1995,06/30/1995,03/31/1995,12/31/1994,09/30/1994,06/30/1994,03/31/1994,12/31/1993,09/30/1993,06/30/1993,03/31/1993,12/31/1992,09/30/1992,06/30/1992,03/31/1992,12/31/1991,09/30/1991,06/30/1991,03/31/1991,12/31/1990,09/30/1990,06/30/1990,03/31/1990,12/31/1989,09/30/1989,06/30/1989,03/31/1989,12/31/1988,09/30/1988,06/30/1988,03/31/1988,12/31/1987,09/30/1987,06/30/1987,03/31/1987,12/31/1986,09/30/1986,06/30/1986,03/31/1986,12/31/1985,09/30/1985
TotalRevenue,"1,310,038,000","374,904,000","333,232,000","316,294,000","285,608,000","261,710,000","226,849,000","235,755,000","192,756,000","234,747,000","215,676,000","228,652,000","229,203,000","245,972,000","221,171,000","227,662,000","226,348,000","241,266,000","206,690,000","216,457,000","212,086,000","214,117,000","196,640,000","197,175,000","203,482,000","206,242,000","188,787,000","200,023,000","188,153,000","202,841,000","81,808,000","242,371,000","234,611,000","240,472,000","233,202,000","229,768,000","212,389,000","217,954,000","20,798,000","277,143,000","283,709,000","277,589,000","163,759,000","315,758,000","316,975,000","286,681,000","306,036,000","280,667,000","270,195,000","262,186,000","257,976,000","257,440,000","246,857,000","277,239,000","334,441,000","352,919,000","323,600,000","300,237,000","329,687,000","302,235,000","305,844,000","301,121,000","286,701,000","280,542,000","279,904,000","278,778,000","285,239,000","272,658,000","256,378,000","233,838,000","242,268,000","222,263,000","211,208,000","206,585,000","115,869,000","240,702,000","198,548,000","198,120,000","190,061,000","185,750,000","176,572,000","157,733,000","159,472,000","177,672,000","152,896,000","155,509,000","147,327,000","143,634,000","133,729,000","134,755,000","116,700,000","123,800,000","111,600,000","111,300,000","115,100,000","112,200,000","106,900,000","96,900,000","107,100,000","101,900,000","91,100,000","91,800,000","90,900,000","92,900,000","89,600,000","88,400,000","89,800,000","81,000,000","73,800,000","83,900,000","74,000,000","71,100,000","68,900,000","73,400,000","67,400,000","67,100,000","71,700,000","59,000,000","58,800,000","48,100,000","50,000,000","52,600,000","46,100,000","41,900,000","41,500,000","50,300,000","41,500,000","41,900,000","39,800,000","49,300,000","43,200,000","39,300,000","39,500,000","50,700,000","43,800,000","42,400,000","42,400,000","49,700,000","41,100,000","39,900,000","40,700,000","47,800,000","44,000,000","40,200,000","38,600,000","49,400,000","44,400,000","38,300,000"
	OperatingRevenue,"1,310,038,000","374,904,000","333,232,000","316,294,000","285,608,000","261,710,000","226,849,000","235,755,000","192,756,000","234,747,000","215,676,000","228,652,000","229,203,000","245,972,000","221,171,000","227,662,000","226,348,000","241,266,000","206,690,000","216,457,000","212,086,000","214,117,000","196,640,000","197,175,000","203,482,000","206,242,000","188,787,000","200,023,000","188,153,000","202,841,000","81,808,000","242,371,000","234,611,000","240,472,000","233,202,000","229,768,000","212,389,000","217,954,000","20,798,000","277,143,000","283,709,000","277,589,000","163,759,000","315,758,000","316,975,000","286,681,000","306,036,000","280,667,000","270,195,000","262,186,000","257,976,000","257,440,000","246,857,000","277,239,000","334,441,000","352,919,000","323,600,000","300,237,000","329,687,000","302,235,000","305,844,000","301,121,000","286,701,000","280,542,000","279,904,000","278,778,000","285,239,000","272,658,000","256,378,000","233,838,000","242,268,000","222,263,000","211,208,000","206,585,000","115,869,000","240,702,000","198,548,000","198,120,000","190,061,000","185,750,000","176,572,000","157,733,000","159,472,000","177,672,000","152,896,000","155,509,000","147,327,000","143,634,000","133,729,000","134,755,000","116,700,000","123,800,000","111,600,000","111,300,000","115,100,000","112,200,000","106,900,000","96,900,000","107,100,000","101,900,000","91,100,000","91,800,000","90,900,000","92,900,000","89,600,000","88,400,000","89,800,000","81,000,000","73,800,000","83,900,000","74,000,000","71,100,000","68,900,000","73,400,000","67,400,000","67,100,000","71,700,000","59,000,000","58,800,000","48,100,000","50,000,000","52,600,000","46,100,000","41,900,000","41,500,000","50,300,000","41,500,000","41,900,000","39,800,000","49,300,000","43,200,000","39,300,000","39,500,000","50,700,000","43,800,000","42,400,000","42,400,000","49,700,000","41,100,000","39,900,000","40,700,000","47,800,000","44,000,000","40,200,000","38,600,000","49,400,000","44,400,000","38,300,000"
CostOfRevenue,"826,822,000","231,419,000","214,544,000","198,253,000","182,606,000","177,372,000","154,876,000","144,683,000","129,481,000","159,059,000","148,243,000","156,110,000","165,781,000","169,836,000","161,077,000","154,051,000","161,576,000","168,559,000","140,169,000","152,267,000","150,716,000","149,226,000","136,301,000","137,874,000","145,047,000","145,243,000","131,846,000","140,925,000","136,607,000","147,316,000","43,091,000","182,328,000","182,912,000","174,738,000","174,068,000","173,577,000","166,590,000","159,101,000","30,127,000","203,901,000","209,584,000","192,572,000","207,896,000","211,532,000","251,569,000","223,289,000","238,523,000","216,272,000","212,154,000","195,648,000","197,104,000","196,078,000","191,360,000","219,627,000","35,217,000","29,188,000","24,964,000","38,890,000","44,145,000","23,493,000","25,098,000","42,436,000","29,912,000","24,436,000","29,120,000","33,542,000","29,807,000","27,780,000","30,453,000","26,715,000","23,012,000","22,527,000","21,096,000","25,519,000","-59,693,000","59,410,000","38,888,000","48,560,000","34,985,000","38,810,000","34,570,000","30,451,000","28,848,000","42,906,000","31,617,000","37,896,000","35,034,000","25,441,000","21,850,000","22,342,000","16,600,000","21,800,000","21,000,000","21,700,000","21,100,000","18,500,000","18,000,000","17,100,000","15,700,000","12,400,000","12,300,000","15,400,000","15,700,000","12,500,000","12,400,000","15,700,000","14,800,000","14,900,000","15,500,000","17,000,000","16,300,000","13,900,000","15,400,000","15,400,000",,,,,,,,,,,,,,,,,,,,,,,,,,,,,,,,,,
GrossProfit,"483,216,000","143,485,000","118,688,000","118,041,000","103,002,000","84,338,000","71,973,000","91,072,000","63,275,000","75,688,000","67,433,000","72,542,000","63,422,000","76,136,000","60,094,000","73,611,000","64,772,000","72,707,000","66,521,000","64,190,000","61,370,000","64,891,000","60,339,000","59,301,000","58,435,000","60,999,000","56,941,000","59,098,000","51,546,000","55,525,000","38,717,000","60,043,000","51,699,000","65,734,000","59,134,000","56,191,000","45,799,000","58,853,000","-9,329,000","73,242,000","74,125,000","85,017,000","-44,137,000","104,226,000","65,406,000","63,392,000","67,513,000","64,395,000","58,041,000","66,538,000","60,872,000","61,362,000","55,497,000","57,612,000","299,224,000","323,731,000","298,636,000","261,347,000","285,542,000","278,742,000","280,746,000","258,685,000","256,789,000","256,106,000","250,784,000","245,236,000","255,432,000","244,878,000","225,925,000","207,123,000","219,256,000","199,736,000","190,112,000","181,066,000","175,562,000","181,292,000","159,660,000","149,560,000","155,076,000","146,940,000","142,002,000","127,282,000","130,624,000","134,766,000","121,279,000","117,613,000","112,293,000","118,193,000","111,879,000","112,413,000","100,100,000","102,000,000","90,600,000","89,600,000","94,000,000","93,700,000","88,900,000","79,800,000","91,400,000","89,500,000","78,800,000","76,400,000","75,200,000","80,400,000","77,200,000","72,700,000","75,000,000","66,100,000","58,300,000","66,900,000","57,700,000","57,200,000","53,500,000","58,000,000",,,,,,,,,,,,,,,,,,,,,,,,,,,,,,,,,,
OperatingExpense,"179,408,000","45,186,000","47,529,000","43,513,000","43,180,000","40,139,000","44,014,000","38,343,000","35,366,000","36,399,000","36,196,000","35,287,000","36,603,000","36,567,000","36,687,000","35,349,000","34,667,000","35,092,000","34,386,000","32,581,000","31,781,000","32,090,000","31,183,000","32,017,000","31,352,000","33,423,000","27,178,000","29,472,000","26,746,000","30,500,000","20,169,000","31,721,000","33,460,000","31,312,000","30,433,000","31,059,000","30,020,000","31,614,000","-26,274,000","47,501,000","52,195,000","67,174,000","-52,310,000","87,024,000","50,829,000","50,230,000","50,656,000","49,587,000","51,444,000","50,547,000","49,533,000","43,866,000","49,317,000","47,237,000","275,673,000","303,102,000","288,333,000","244,250,000","261,360,000","253,195,000","250,475,000","237,911,000","232,672,000","231,936,000","228,648,000","217,639,000","232,129,000","212,522,000","205,057,000","186,093,000","197,219,000","179,025,000","174,813,000","165,005,000","159,918,000","158,998,000","144,740,000","131,258,000","134,885,000","123,932,000","126,501,000","108,347,000","111,608,000","114,456,000","106,211,000","96,074,000","96,497,000","98,999,000","94,150,000","92,642,000","84,300,000","83,000,000","76,700,000","72,100,000","74,800,000","75,800,000","74,300,000","74,200,000","75,700,000","75,700,000","69,000,000","57,100,000","60,300,000","68,100,000","65,000,000","53,900,000","60,800,000","50,900,000","46,400,000","48,800,000","42,600,000","45,000,000","42,500,000","39,900,000",,,,,,,,,,,,,,,,,,,,,,,,,,,,,,,,,,
	SellingGeneralAndAdministration,,,,,,,,,,,,,,,,,,,,,,,,,,,,,,,,,,,,,,,,,,,,,,,"0","0","0","0",,,,,,,,,,,,,,,,,,,,,,,,,,,,,,,,,,,,,,,,,,,,,,,,,,,,,,,,,,,,,,,,,,,,,,,,,,,,,,,,,,,,,,,,,,,,,,,,,,
	DepreciationAmortizationDepletionIncomeStatement,"92,780,000","23,548,000","23,249,000","22,815,000","23,169,000","22,126,000","20,807,000","20,395,000","20,436,000","20,399,000","19,857,000","19,657,000","19,441,000","19,131,000","18,450,000","18,708,000","18,745,000","18,763,000","18,856,000","17,927,000","17,908,000","17,854,000","18,317,000","18,314,000","18,525,000","18,289,000","16,026,000","15,141,000","14,661,000","14,535,000","13,203,000","15,122,000","14,969,000","14,780,000","15,091,000","15,039,000","14,835,000","14,920,000","9,642,000","15,951,000","17,118,000","17,053,000","11,252,000","19,937,000","19,725,000","19,113,000","20,705,000","20,357,000","19,883,000","19,751,000","19,343,000","18,345,000","18,103,000","17,817,000","17,460,000","16,563,000","16,124,000","14,913,000","13,424,000","13,366,000","12,947,000","13,093,000","12,828,000","12,552,000","12,379,000","12,224,000","11,800,000","11,720,000","11,553,000","11,435,000","10,354,000","11,585,000","11,232,000","11,173,000","11,754,000","11,718,000","11,334,000","11,156,000","11,043,000","10,880,000","10,506,000","10,184,000","10,952,000","10,610,000","10,288,000","10,106,000","7,997,000","7,030,000","6,816,000","6,805,000","8,200,000","8,900,000","8,800,000","8,900,000","8,400,000","8,800,000","8,800,000","9,000,000","9,400,000","10,000,000","10,000,000","9,900,000","9,200,000","9,400,000","8,600,000","7,600,000","7,400,000","7,100,000","7,100,000","7,000,000","7,000,000","6,300,000","6,200,000","6,400,000",,,,,,,,,,,,,,,,,,,,,,,,,,,,,,,,,,
		DepreciationAndAmortizationInIncomeStatement,"92,780,000","23,548,000","23,249,000","22,815,000","23,169,000","22,126,000","20,807,000","20,395,000","20,436,000","20,399,000","19,857,000","19,657,000","19,441,000","19,131,000","18,450,000","18,708,000","18,745,000","18,763,000","18,856,000","17,927,000","17,908,000","17,854,000","18,317,000","18,314,000","18,525,000","18,289,000","16,026,000","15,141,000","14,661,000","14,535,000","13,203,000","15,122,000","14,969,000","14,780,000","15,091,000","15,039,000","14,835,000","14,920,000","9,642,000","15,951,000","17,118,000","17,053,000","11,252,000","19,937,000","19,725,000","19,113,000","20,705,000","20,357,000","19,883,000","19,751,000","19,343,000","18,345,000","18,103,000","17,817,000",,,,,,,,,,,,,,,,,,,,,,,,,,,,,,,,,,,,,,,,,,,,,,,,,,,,,,,,,,,,,,,,,,,,,,,,,,,,,,,,,,,,,,,,,,,,,,
	OtherTaxes,"17,721,000","4,432,000","4,473,000","4,474,000","4,342,000","4,320,000","4,433,000","4,333,000","4,168,000","4,100,000","3,961,000","3,965,000","3,900,000","3,959,000","4,383,000","4,094,000","3,273,000","3,835,000","3,825,000","3,721,000","3,709,000","3,798,000","3,492,000","3,506,000","3,589,000","3,679,000","3,188,000","3,560,000","3,262,000","3,502,000","3,071,000","3,178,000","3,387,000","2,971,000","2,223,000","3,163,000","3,009,000","2,916,000","2,600,000","2,833,000","2,670,000","2,617,000","2,763,000","2,601,000","2,417,000","2,409,000","2,142,000","2,271,000","2,477,000","2,474,000","1,914,000","2,194,000","2,255,000","2,490,000","1,535,000","2,227,000","2,563,000","2,624,000","1,822,000","2,538,000","2,527,000","2,526,000","2,160,000","2,260,000","2,551,000","2,618,000","2,227,000","2,735,000","2,408,000","2,673,000","2,841,000","2,722,000","2,359,000","2,489,000","2,007,000","2,553,000","2,439,000","2,599,000","2,004,000","2,537,000","2,347,000","2,535,000","1,806,000","2,532,000","2,342,000","2,784,000","2,088,000","2,610,000","2,638,000","2,640,000","1,700,000","2,900,000","2,800,000","2,900,000","2,400,000","2,700,000","2,800,000","2,900,000","2,500,000","2,800,000","2,500,000","3,100,000","2,600,000","2,900,000","3,100,000","2,900,000","1,800,000","2,900,000","3,000,000","3,100,000","2,400,000","2,900,000","3,000,000","3,000,000",,,,,,,,,,,,,,,,,,,,,,,,,,,,,,,,,,
	OtherOperatingExpenses,"68,907,000","17,206,000","19,807,000","16,224,000","15,669,000","13,693,000","18,774,000","13,615,000","10,762,000","11,900,000","12,378,000","11,665,000","13,262,000","13,477,000","13,854,000","12,547,000","12,649,000","12,494,000","11,705,000","10,933,000","10,164,000","10,438,000","9,374,000","10,197,000","9,238,000","11,455,000","7,964,000","10,771,000","8,823,000","12,463,000","3,895,000","13,421,000","15,104,000","13,561,000","13,119,000","12,857,000","12,176,000","13,778,000","13,316,000","4,400,000",,"17,491,000",,"37,163,000",,,,,,,,,,,"228,969,000","251,221,000","241,889,000","199,970,000","219,811,000","210,079,000","208,350,000","195,417,000","192,025,000","190,691,000","185,669,000","179,390,000","190,833,000","174,684,000","165,762,000","148,067,000","161,300,000","145,560,000","138,856,000","107,685,000","124,556,000","120,717,000","109,000,000","98,097,000","100,002,000","90,372,000","95,065,000","75,656,000","77,303,000","81,730,000","74,746,000","67,619,000","64,158,000","69,888,000","67,526,000","65,942,000","55,100,000","52,000,000","48,100,000","42,500,000","46,100,000","47,900,000","45,400,000","43,300,000","45,000,000","44,800,000","37,800,000","27,600,000","31,400,000","39,000,000","37,400,000","26,800,000","32,500,000","26,400,000","21,400,000","23,400,000","18,400,000","20,800,000","18,400,000","15,800,000",,,,,,,,,,,,,,,,,,,,,,,,,,,,,,,,,,
OperatingIncome,"303,808,000","98,299,000","71,159,000","74,528,000","59,822,000","44,199,000","27,959,000","52,729,000","27,909,000","39,289,000","31,237,000","37,255,000","26,819,000","39,569,000","23,407,000","38,262,000","30,105,000","37,615,000","32,135,000","31,609,000","29,589,000","32,801,000","29,156,000","27,284,000","27,083,000","27,576,000","29,763,000","29,626,000","24,800,000","25,025,000","18,548,000","28,322,000","18,239,000","34,422,000","28,701,000","25,132,000","15,779,000","27,239,000","16,945,000","25,741,000","21,930,000","17,843,000","8,173,000","17,202,000","14,577,000","13,162,000","16,857,000","14,808,000","6,597,000","15,991,000","11,339,000","17,496,000","6,180,000","10,375,000","23,551,000","20,629,000","10,303,000","17,097,000","24,182,000","25,547,000","30,271,000","20,774,000","24,117,000","24,170,000","22,136,000","27,597,000","23,303,000","32,356,000","20,868,000","21,030,000","22,037,000","20,711,000","15,299,000","16,061,000","15,644,000","22,294,000","14,920,000","18,302,000","20,191,000","23,008,000","15,501,000","18,935,000","19,016,000","20,310,000","15,068,000","21,539,000","15,796,000","19,194,000","17,729,000","19,771,000","15,800,000","19,000,000","13,900,000","17,500,000","19,200,000","17,900,000","14,600,000","5,600,000","15,700,000","13,800,000","9,800,000","19,300,000","14,900,000","12,300,000","12,200,000","18,800,000","14,200,000","15,200,000","11,900,000","18,100,000","15,100,000","12,200,000","11,000,000","18,100,000","67,400,000","67,100,000","71,700,000","59,000,000","58,800,000","48,100,000","50,000,000","52,600,000","46,100,000","41,900,000","41,500,000","50,300,000","41,500,000","41,900,000","39,800,000","49,300,000","43,200,000","39,300,000","39,500,000","50,700,000","43,800,000","42,400,000","42,400,000","49,700,000","41,100,000","39,900,000","40,700,000","47,800,000","44,000,000","40,200,000","38,600,000","49,400,000","44,400,000","38,300,000"
NetNonOperatingInterestIncomeExpense,"-37,321,000","-8,948,000","-9,170,000","-9,648,000","-9,555,000","-9,398,000","-9,094,000","-8,568,000","-8,662,000","-8,123,000","-8,221,000","-7,539,000","-7,825,000","-7,826,000","-7,811,000","-7,549,000","-7,676,000","-7,372,000","-7,222,000","-7,393,000","-7,527,000","-7,462,000","-7,890,000","-8,026,000","-7,976,000","-7,994,000","-7,985,000","-7,730,000","-7,702,000","-7,743,000","-7,739,000","-7,687,000","-7,627,000","-6,595,000","-6,547,000","-6,574,000","-6,877,000","-6,980,000","-6,908,000","-7,904,000","-8,477,000","-8,616,000","-8,472,000","-8,708,000","-9,149,000","-9,489,000","-9,303,000","-9,294,000","-9,405,000","-9,030,000","-8,234,000","-7,358,000","-6,652,000","-6,270,000",,,,,,,,,,,,,,,,,,,,,,,,,,,,,,,,,,,,,,,,,,,,,,,,,,,,,,,,,,,,,,,,,,,,,,,,,,,,,,,,,,,,,,,,,,,,,,
	InterestExpenseNonOperating,"37,321,000","8,948,000","9,170,000","9,648,000","9,555,000","9,398,000","9,094,000","8,568,000","8,662,000","8,123,000","8,221,000","7,539,000","7,825,000","7,826,000","7,811,000","7,549,000","7,676,000","7,372,000","7,222,000","7,393,000","7,527,000","7,462,000","7,890,000","8,026,000","7,976,000","7,994,000","7,985,000","7,730,000","7,702,000","7,743,000","7,739,000","7,687,000","7,627,000","6,595,000","6,547,000","6,574,000","6,877,000","6,980,000","6,908,000","7,904,000","8,477,000","8,616,000","8,472,000","8,708,000","9,149,000","9,489,000","9,303,000","9,294,000","9,405,000","9,030,000","8,234,000","7,358,000","6,652,000","6,270,000",,,,,,,,,,,,,,,,,,,,,,,,,,,,,,,,,,,,,,,,,,,,,,,,,,,,,,,,,,,,,,,,,,,,,,,,,,,,,,,,,,,,,,,,,,,,,,
OtherIncomeExpense,"389,000","282,000","300,000","-302,000","110,000","777,000","1,466,000","870,000","1,542,000","-1,260,000","870,000","-35,000","-225,000","209,000","-1,054,000","-81,000","-679,000","-234,000","935,000","592,000","552,000","553,000","474,000","499,000","1,532,000","400,000","704,000","334,000","567,000","572,000","382,000","494,000","858,000","1,823,000","-9,114,000","1,401,000","696,000","861,000","51,635,000","-16,817,000","-44,832,000","561,000","-3,194,000","489,000","1,107,000","675,000","1,997,000","1,205,000","-17,952,000","136,000","2,689,000","1,609,000","1,351,000","-1,099,000","3,678,000","274,000","626,000","962,000","780,000","619,000","340,000","273,000","-2,587,000","1,060,000","659,000","429,000","304,000","1,073,000","215,000","194,000","-124,000","125,000","781,000","37,000","4,000","25,000","933,000","330,000","902,000","746,000","358,000","51,000","666,000","332,000","876,000","318,000","267,000","358,000","523,000","684,000","15,300,000","500,000","1,100,000","300,000","1,600,000","900,000","1,300,000","400,000","700,000","2,600,000","1,700,000","1,100,000","500,000","600,000","600,000","700,000","500,000","-100,000","400,000","-200,000","400,000","400,000","400,000","300,000",,,,,,,,,,,,,,,,,,,,,,,,,,,,,,,,,,
	SpecialIncomeCharges,,,,,,,,,,,,,,,,,,,,,,,,,,,,,,,"0",,,,"-10,252,000","0","0","0","47,550,000","-16,817,000","-44,832,000","561,000","-3,194,000","489,000","1,107,000","675,000","1,997,000","1,205,000","-17,952,000","136,000","2,689,000","1,609,000","1,351,000","-1,099,000","3,678,000","274,000","626,000","962,000","780,000","619,000","340,000","273,000","-2,587,000","1,060,000","659,000","429,000","304,000","1,073,000","215,000","194,000","-124,000","125,000","781,000","37,000","4,000","25,000","933,000","330,000","902,000","746,000","358,000","51,000","666,000","332,000","876,000","318,000","267,000","358,000","523,000","684,000","15,300,000","500,000","1,100,000","300,000","1,600,000","900,000","1,300,000","400,000","700,000","2,600,000","1,700,000","1,100,000","500,000","600,000","600,000","700,000","500,000","-100,000","400,000","-200,000","400,000","400,000","400,000","300,000",,,,,,,,,,,,,,,,,,,,,,,,,,,,,,,,,,
		RestructuringAndMergernAcquisition,,,,,,,,,,,,,,,,,,,,,,,,,,,,,,,,,,,,,,,,"4,400,000",,,,,,,,,,,,,,,,,,,,,,,,,,,,,,,,,,,,,,,,,,,,,,,,,,,,,,,,,,,,,,,,,,,,,,,,,,,,,,,,,,,,,,,,,,,,,,,,,,,,,,,,,,,,
		ImpairmentOfCapitalAssets,,,,,,,,,,,,,,,,,,,,,,,,,,,,,,,,,,,"0","0","0","0","-45,573,000","0","45,573,000","432,000","3,613,000","0","0",,"0","0","19,740,000",,,,,,,,,,,,,,,,,,,,,,,,,,,,,,,,,,,,,,,,,,,,,,,,,,,,,,,,,,,,,,,,,,,,,,,,,,,,,,,,,,,,,,,,,,,,,,,,,,,
		OtherSpecialCharges,,,,,,,,,,,,,,,,,,,,,,,,,,,,,,,,,,,"10,252,000",,,,"2,423,000","12,417,000","-741,000","-993,000","-419,000","-489,000","-1,107,000",,"-1,997,000","-1,205,000","-1,788,000",,,,,,,,,,,,,,,,,,,,,,,,,,,,,,,,,,,,,,,,,,,,,,,,,,,,,,,,,,,,,,,,,,,,,,,,,,,,,,,,,,,,,,,,,,,,,,,,,,,
	OtherNonOperatingIncomeExpenses,"389,000","282,000","300,000","-302,000","110,000","777,000","1,466,000","870,000","1,542,000","-1,260,000","870,000","-35,000","-225,000","209,000","-1,054,000","-81,000","-679,000","-234,000","935,000","592,000","552,000","553,000","474,000","499,000","1,532,000","400,000","704,000","334,000","567,000","572,000","382,000","494,000","858,000","1,823,000","1,138,000","1,401,000","696,000","861,000","1,806,000",,,,,,,,,,,,,,,,,,,,,,,,,,,,,,,,,,,,,,,,,,,,,,,,,,,,,,,,,,,,,,,,,,,,,,,,,,,,,,,,,,,,,,,,,,,,,,,,,,,,,,,,,,,,,
PretaxIncome,"266,876,000","89,633,000","62,289,000","64,578,000","50,377,000","35,578,000","20,331,000","45,031,000","20,789,000","29,906,000","23,886,000","29,681,000","18,769,000","31,952,000","14,542,000","30,632,000","21,750,000","30,009,000","25,848,000","24,808,000","22,614,000","25,892,000","21,740,000","19,757,000","20,639,000","19,982,000","22,482,000","22,230,000","17,665,000","17,854,000","11,191,000","21,129,000","11,470,000","29,650,000","13,040,000","19,959,000","9,598,000","21,120,000","61,672,000","1,020,000","-31,379,000","9,788,000","-3,493,000","8,983,000","6,535,000","4,348,000","9,551,000","6,719,000","-20,760,000","7,097,000","5,794,000","11,747,000","879,000","3,006,000","21,294,000","13,634,000","3,886,000","11,348,000","18,926,000","21,239,000","25,585,000","16,179,000","16,651,000","20,152,000","17,695,000","23,532,000","19,113,000","28,772,000","16,242,000","16,639,000","17,080,000","16,196,000","11,710,000","11,669,000","11,126,000","17,791,000","11,429,000","14,240,000","16,432,000","19,236,000","15,859,000","14,662,000","15,741,000","16,782,000","11,872,000","17,772,000","11,989,000","15,287,000","13,963,000","16,500,000","27,500,000","15,800,000","11,100,000","14,400,000","17,000,000","14,900,000","11,800,000","2,000,000","11,700,000","11,600,000","6,900,000","15,800,000","10,500,000","8,700,000","9,000,000","15,900,000","11,000,000","11,200,000","8,800,000","14,300,000","12,000,000","9,100,000","8,200,000","15,200,000",,,,,,,,,,,,,,,,,,,,,,,,,,,,,,,,,,
TaxProvision,"48,433,000","17,630,000","10,672,000","11,824,000","8,308,000","5,249,000","1,663,000","9,097,000","3,808,000","5,638,000","3,534,000","4,936,000","3,343,000","5,628,000","381,000","7,359,000","3,054,000","3,794,000","7,748,000","7,035,000","5,897,000","6,363,000","4,343,000","5,163,000","5,083,000","5,492,000","7,040,000","6,521,000","4,008,000","4,073,000","1,307,000","5,476,000","1,486,000","8,288,000","430,000","5,133,000","2,094,000","5,886,000","17,187,000","-858,000","-14,493,000","297,000","-2,107,000","2,109,000","537,000","414,000","7,495,000","618,000","-6,542,000","2,380,000","-2,526,000","1,155,000","-1,852,000","-1,382,000","7,547,000","4,003,000","369,000","3,118,000","4,808,000","7,907,000","9,482,000","5,771,000","5,369,000","6,676,000","6,558,000","8,572,000","6,355,000","10,692,000","5,275,000","5,623,000","4,417,000","5,170,000","3,843,000","3,574,000","1,727,000","5,830,000","2,995,000","4,378,000","3,805,000","6,354,000","5,272,000","4,630,000","4,372,000","5,705,000","3,097,000","6,301,000","1,944,000","4,685,000","4,803,000","6,083,000","9,300,000","5,400,000","4,000,000","5,200,000","6,100,000","5,000,000","3,800,000","100,000","3,300,000","3,800,000","1,500,000","5,600,000","2,700,000","2,500,000","3,000,000","5,900,000","3,300,000","4,100,000","3,500,000","5,600,000","4,200,000","3,200,000","2,800,000","5,800,000",,,,,,,,,,,,,,,,,,,,,,,,,,,,,,,,,,
NetIncomeCommonStockholders,"218,443,000","72,003,000","51,617,000","52,754,000","42,069,000","30,329,000","18,668,000","35,934,000","16,981,000","24,268,000","20,352,000","24,745,000","15,426,000","26,324,000","14,161,000","23,273,000","18,696,000","26,215,000","18,342,000","17,734,000","16,778,000","19,585,000","17,510,000","14,616,000","15,675,000","14,520,000","14,582,000","15,392,000","11,436,000","17,935,000","10,475,000","15,825,000","9,993,000","21,430,000","12,663,000","15,138,000","7,701,000","14,850,000","2,782,000","1,690,000","-17,540,000","7,059,000","-44,319,000","6,184,000","18,322,000","5,512,000","1,873,000","5,914,000","-14,497,000","4,533,000","8,136,000","10,408,000","2,547,000","4,204,000","13,563,000","9,447,000","3,333,000","8,046,000","13,934,000","13,148,000","15,919,000","10,224,000","11,097,000","13,293,000","11,210,000","14,776,000","12,490,000","17,418,000","22,121,000","9,787,000","14,694,000","10,842,000","7,683,000","7,911,000","9,216,000","11,777,000","8,250,000","9,678,000","12,443,000","12,698,000","10,403,000","9,848,000","10,785,000","10,607,000","8,305,000","11,002,000","9,576,000","10,132,000","8,691,000","9,947,000","17,800,000","9,800,000","6,500,000","8,600,000","10,300,000","9,300,000","7,400,000","5,100,000","7,800,000","7,200,000","4,800,000","9,600,000","7,200,000","5,600,000","5,400,000","9,400,000","7,100,000","6,500,000","4,700,000","8,100,000","7,200,000","5,300,000","4,800,000","8,800,000","6,100,000","5,100,000","5,200,000","9,200,000","5,900,000","4,000,000","5,900,000","8,400,000","5,300,000","4,900,000","4,900,000","9,000,000","5,000,000","4,800,000","5,000,000","8,200,000","4,500,000","5,200,000","4,700,000",,,,,,,,,,,,,,,
	NetIncome,"218,443,000","72,003,000","51,617,000","52,754,000","42,069,000","30,329,000","18,668,000","35,934,000","16,981,000","24,268,000","20,352,000","24,745,000","15,426,000","26,324,000","14,161,000","23,273,000","18,696,000","26,215,000","18,342,000","17,734,000","16,778,000","19,585,000","17,510,000","14,616,000","15,675,000","14,520,000","14,582,000","15,392,000","11,436,000","17,935,000","10,475,000","15,825,000","9,993,000","21,430,000","12,663,000","15,138,000","7,701,000","15,363,000","2,967,000","1,873,000","-17,356,000","7,243,000","-44,135,000","6,368,000","18,828,000","5,696,000","2,056,000","6,101,000","-14,218,000","4,717,000","8,320,000","10,592,000","2,731,000","4,388,000","13,747,000","9,631,000","3,517,000","8,230,000","14,118,000","13,332,000","16,103,000","10,408,000","11,282,000","13,476,000","11,394,000","14,960,000","12,673,000","17,603,000","22,304,000","9,971,000","14,878,000","11,026,000","7,867,000","8,095,000","9,399,000","11,961,000","8,434,000","9,862,000","12,627,000","12,882,000","10,587,000","10,032,000","11,369,000","11,077,000","8,775,000","11,471,000","10,045,000","10,602,000","9,160,000","10,417,000","18,200,000","10,400,000","7,100,000","9,200,000","10,900,000","9,900,000","8,000,000","5,700,000","8,400,000","7,800,000","5,400,000","10,200,000","7,800,000","6,200,000","6,000,000","10,000,000","7,700,000","7,100,000","5,300,000","8,700,000","7,800,000","5,900,000","5,400,000","9,400,000","6,700,000","5,700,000","5,800,000","9,200,000","6,600,000","4,600,000","6,400,000","8,900,000","5,800,000","5,400,000","5,400,000","9,500,000","5,500,000","5,300,000","5,500,000","8,700,000","5,000,000","5,700,000","5,300,000",,,,,,,,,,,,,,,
		NetIncomeIncludingNoncontrollingInterests,"218,443,000","72,003,000","51,617,000","52,754,000","42,069,000","30,329,000","18,668,000","35,934,000","16,981,000","24,268,000","20,352,000","24,745,000","15,426,000","26,324,000","14,161,000","23,273,000","18,696,000","26,215,000","18,342,000","17,734,000","16,778,000","19,585,000","17,510,000","14,616,000","15,675,000","14,520,000","14,582,000","15,392,000","11,436,000","17,935,000","10,475,000","15,825,000","9,993,000","21,430,000","12,663,000","15,138,000","7,701,000","15,363,000","2,967,000","1,873,000","-17,356,000","7,243,000","-44,135,000","6,368,000","18,828,000","5,696,000","2,056,000","6,101,000","-14,218,000","4,717,000","8,320,000","10,592,000","2,731,000","4,388,000","13,747,000","9,631,000","3,517,000","8,230,000","14,118,000","13,332,000","16,103,000","10,408,000","11,282,000","13,476,000","11,394,000","14,960,000","12,673,000","17,603,000","22,304,000","9,971,000","14,878,000","11,026,000","7,867,000","8,095,000","9,399,000","11,961,000","8,434,000","9,862,000","12,627,000","12,882,000","10,587,000","10,032,000","11,369,000","11,077,000","8,775,000","11,471,000","10,045,000","10,602,000","9,160,000","10,417,000","18,200,000","10,400,000","7,100,000","9,200,000","10,900,000","9,900,000","8,000,000","5,700,000","8,400,000","7,800,000","5,400,000","10,200,000","7,800,000","6,200,000","6,000,000","10,000,000","7,700,000","7,100,000","5,300,000","8,700,000","7,800,000","5,900,000","5,400,000","9,400,000","6,700,000","5,700,000","5,800,000","9,200,000","6,600,000","4,600,000","6,400,000","8,900,000","5,800,000","5,400,000","5,400,000","9,500,000","5,500,000","5,300,000","5,500,000","8,700,000","5,000,000","5,700,000","5,300,000","9,300,000","6,800,000","5,000,000","5,400,000","9,200,000","5,100,000","6,400,000","5,200,000","7,500,000","6,000,000","5,600,000","4,500,000","7,900,000","6,000,000","4,500,000"
			NetIncomeContinuousOperations,"218,443,000","72,003,000","51,617,000","52,754,000","42,069,000","30,329,000","18,668,000","35,934,000","16,981,000","24,268,000","20,352,000","24,745,000","15,426,000","26,324,000","14,161,000","23,273,000","18,696,000","26,215,000","18,100,000","17,773,000","16,717,000","19,529,000","17,397,000","14,594,000","15,556,000","14,490,000","15,442,000","15,709,000","13,657,000","13,781,000","9,884,000","15,653,000","9,984,000","21,362,000","12,610,000","14,826,000","7,504,000","15,234,000","44,485,000","1,878,000","-16,886,000","9,491,000","-1,386,000","6,874,000","5,998,000","3,934,000","2,056,000","6,101,000","-14,218,000","4,717,000","8,320,000","10,592,000","2,731,000","4,388,000","13,747,000","9,631,000","3,517,000","8,230,000","14,118,000","13,332,000","16,103,000","10,408,000","11,282,000","13,476,000","11,137,000","14,960,000","12,758,000","18,080,000","10,967,000","11,016,000","12,663,000","11,026,000","7,867,000","8,095,000","9,399,000","11,961,000","8,434,000","9,862,000","12,627,000","12,882,000","10,587,000","10,032,000","11,369,000","11,077,000","8,775,000","11,471,000","10,045,000","10,602,000","9,160,000","10,417,000","18,200,000","10,400,000","7,100,000","9,200,000","10,900,000","9,900,000","8,000,000","1,900,000","8,400,000","7,800,000","5,400,000","10,200,000","7,800,000","6,200,000","6,000,000","10,000,000","7,700,000","7,100,000","5,300,000","8,700,000","7,800,000","5,900,000","5,400,000","9,400,000","6,700,000","5,700,000","5,800,000","9,200,000","6,600,000","4,600,000","6,400,000","8,900,000","5,800,000","5,400,000","5,400,000","9,500,000","5,500,000","5,300,000","5,500,000","8,700,000","5,000,000","5,700,000","5,300,000","9,300,000","6,800,000","5,000,000","5,400,000","9,200,000","5,100,000","6,400,000","5,200,000","7,500,000","6,000,000","5,600,000","4,500,000","7,900,000","6,000,000","4,500,000"
			NetIncomeDiscontinuousOperations,,,,,,,,,,,,,,,,"0",,"0","242,000","-39,000","61,000","56,000","113,000","22,000","119,000","30,000","-860,000","-317,000","-2,221,000","4,154,000","591,000","172,000","9,000","68,000","53,000","312,000","197,000","129,000","-41,518,000","-5,000","-470,000","-2,248,000","-42,749,000","-506,000","12,830,000","1,762,000",,,,,,,,,,,,,,,,,"0",,"257,000",,"-85,000","-477,000","11,337,000","-1,045,000",,,,,,,,,,,,,,,,,,,,,,,,,,,,,,,,,,,,,,,,,,,,,,,,,,,,,,,,,,,,,,,,,,,,,,,,,,,,,,
			NetIncomeExtraordinary,,,,,,,,,,,,,,,,,,,,,,,,,,,,,,,,,,,,,,,,,,,,,,,,,,,,,,,,,,,,,,,,,,,,,,,,,,,,,,,,,,,,,,,,,,,,,,,"0",,,"3,800,000",,,,,,,,,,,,,,,,,,,,,,,,,,,,,,,,,,,,,,,,,,,,,,,,,,
	PreferredStockDividends,,,,,,,,,,,,,,,,,,,,,,,,,,,,,,,,,,,"0",,,"513,000","185,000","183,000","184,000","184,000","184,000","184,000","506,000","184,000","183,000","187,000","279,000","184,000","184,000","184,000","184,000","184,000","184,000","184,000","184,000","184,000","184,000","184,000","184,000","184,000","185,000","183,000","184,000","184,000","183,000","185,000","183,000","184,000","184,000","184,000","184,000","184,000","183,000","184,000","184,000","184,000","184,000","184,000","184,000","184,000","584,000","470,000","470,000","469,000","469,000","470,000","469,000","470,000","400,000","600,000","600,000","600,000","600,000","600,000","600,000","600,000","600,000","600,000","600,000","600,000","600,000","600,000","600,000","600,000","600,000","600,000","600,000","600,000","600,000","600,000","600,000","600,000",,,,,,,,,,,,,,,,,,,,,,,,,,,,,,,,,,
	OtherunderPreferredStockDividend,,,,,,,,,,,,,,,,,,,,,,,,,,,,,,,,,,,,,,,,,,,,,,,,,,,,,,,,,,,,,,,,,,,,,,,,,,,,,,,,,,,,,,,,,,,,,,,,,,,,,,,,,,,,,,,,,,,"600,000","600,000","600,000",,"700,000","600,000","500,000","500,000","500,000","500,000","500,000","500,000","500,000","500,000","500,000","500,000","500,000","500,000","600,000",,,,,,,,,,,,,,,
DilutedNIAvailtoComStockholders,"218,443,000","72,003,000","51,617,000","52,754,000","42,069,000","30,329,000","18,668,000","35,934,000","16,981,000","24,268,000","20,352,000","24,745,000","15,426,000","26,324,000","14,161,000","23,273,000","18,696,000","26,215,000","18,342,000","17,734,000","16,778,000","19,585,000","17,510,000","14,616,000","15,675,000","14,520,000","14,582,000","15,392,000","11,436,000","17,935,000","10,475,000","15,825,000","9,993,000","21,430,000","12,663,000","15,138,000","7,701,000","14,850,000","2,782,000","1,690,000","-17,540,000","7,059,000","-44,319,000","6,184,000","18,322,000","5,512,000","1,873,000","5,914,000","-14,497,000","4,533,000","8,136,000","10,408,000","2,547,000","4,204,000","13,563,000","9,447,000","3,333,000","8,046,000","13,934,000","13,148,000","15,919,000","10,224,000","11,097,000","13,293,000","11,210,000","14,776,000","12,490,000","17,418,000","22,121,000","9,787,000","14,694,000","10,842,000","7,683,000","7,911,000","9,216,000","11,777,000","8,250,000","9,678,000","12,443,000","12,698,000","10,403,000","9,848,000","10,785,000","10,607,000","8,305,000","11,002,000","9,576,000","10,132,000","8,691,000","9,947,000","17,800,000","9,800,000","6,500,000","8,600,000","10,300,000","9,300,000","7,400,000","5,100,000","7,800,000","7,200,000","4,800,000","9,600,000","7,200,000","5,600,000","5,400,000","9,400,000","7,100,000","6,500,000","4,700,000","8,100,000","7,200,000","5,300,000","4,800,000","8,800,000","6,100,000","5,100,000","5,200,000","9,200,000","5,900,000","4,000,000","5,900,000","8,400,000","5,300,000","4,900,000","4,900,000","9,000,000","5,000,000","4,800,000","5,000,000","8,200,000","4,500,000","5,200,000","4,700,000",,,,,,,,,,,,,,,
BasicEPS,,"1.73","1.24","1.27","1.01","0.73","0.45","0.88","0.42","0.6","0.51","0.62","0.39","0.66","0.36","0.59","0.47","0.66","0.46","0.45","0.43","0.5","0.45","0.38","0.41","0.38","0.39","0.41","0.31","0.48","0.28","0.43","0.27","0.59","0.35","0.42","0.21","0.41","0.08","0.05","-0.49","0.2","-1.23","0.17","0.51","0.15",,"0.17","-0.4","0.13",,"0.29","0.07","0.12",,"0.31","0.11","0.27",,"0.44","0.54","0.35",,"0.45","0.38","0.5",,"0.6","0.76","0.34",,"0.42","0.3","0.31",,"0.46","0.32","0.38",,"0.5","0.41","0.4",,"0.43","0.34","0.45",,"0.42","0.36","0.42",,"0.205","0.14","0.185",,"0.2","0.16","0.11",,"0.155","0.105","0.22",,"0.135","0.125","0.21",,"0.15","0.105","0.185",,"0.12","0.11","0.195",,"0.115","0.115","0.195",,"0.09","0.135","0.19",,"0.11","0.11","0.2",,"0.105","0.11","0.175",,"0.11","0.1","0.185",,"0.095","0.105","0.09",,"0.063","0.048","0.073",,"0.053","0.04","0.075",,"0.038"
DilutedEPS,,"1.72","1.23","1.26","1.01","0.73","0.45","0.87","0.42","0.6","0.51","0.62","0.39","0.66","0.35","0.58","0.47","0.66","0.46","0.45","0.42","0.49","0.44","0.37","0.41","0.38","0.39","0.41","0.3","0.48","0.28","0.43","0.27","0.59","0.35","0.42","0.21","0.41","0.08","0.05","-0.49","0.2","-1.23","0.17","0.51","0.15",,"0.16","-0.4","0.13",,"0.29","0.07","0.12",,"0.31","0.11","0.27",,"0.44","0.53","0.34",,"0.45","0.38","0.5",,"0.59","0.76","0.33",,"0.42","0.3","0.31",,"0.46","0.32","0.38",,"0.5","0.41","0.4",,"0.43","0.34","0.45",,"0.42","0.36","0.42",,"0.205","0.14","0.185",,"0.2","0.16","0.11",,"0.155","0.105","0.22",,"0.135","0.125","0.21",,"0.15","0.105","0.185",,"0.12","0.11","0.195",,"0.115","0.115","0.195",,"0.09","0.135","0.19",,"0.11","0.11","0.2",,"0.105","0.11","0.175",,"0.11","0.1","0.185",,"0.095","0.105","0.09",,"0.063","0.048","0.073",,"0.053","0.04","0.075",,"0.038"
BasicAverageShares,,"41,548,000","41,504,000","41,504,000","41,500,000","41,455,000","41,197,000","40,913,972","40,513,286","40,217,141","39,799,359","39,714,672","39,712,036","39,657,321","39,621,659","39,621,524","39,605,717","39,550,874","39,507,796","39,507,581","39,462,865","39,350,802","39,236,861","38,832,659","38,179,371","37,936,943","37,728,094","37,575,413","37,433,318","37,243,118","36,811,088","36,596,396","36,409,753","36,240,350","36,180,465","36,179,507","36,170,353","36,075,131","36,062,110","36,061,022","36,031,447","35,995,179","35,952,639","35,933,003","35,926,124","35,876,853",,"35,806,453","35,799,231","35,720,571",,"35,528,190","35,388,754","35,324,736",,"30,513,578","29,993,484","29,818,079",,"29,745,600","29,685,745","29,503,252",,"29,412,526","29,392,963","29,325,986",,"29,245,640","29,158,140","29,126,096",,"26,010,252","25,891,440","25,793,041",,"25,708,199","25,672,592","25,592,361",,"25,327,522","25,117,325","24,667,956",,"24,606,043","24,315,207","24,306,438",,"23,849,974","23,849,974","23,849,974",,"23,850,000","23,848,000","23,834,000",,"23,692,000","23,616,000","23,532,000",,"23,384,000","23,300,000","22,906,000",,"22,360,000","22,360,000","22,360,000",,"22,360,000","22,360,000","22,360,000",,"22,360,000","22,360,000","22,360,000",,"22,360,000","22,360,000","22,360,000",,"22,370,000","22,388,000","22,370,000",,"22,370,000","22,402,000","22,402,000",,"22,598,000","23,332,000","22,944,000",,"23,744,000","23,872,000","23,936,000",,"23,936,000","23,936,000","23,936,000",,"23,920,000","23,920,000","23,920,000",,"23,912,000","23,912,000","23,912,000",,"23,532,000"
DilutedAverageShares,,"41,871,000","41,894,000","41,869,000","41,818,000","41,700,000","41,420,000","41,077,689","40,676,761","40,444,336","40,047,568","39,946,739","39,917,831","39,903,165","39,922,467","39,903,565","39,879,069","39,863,682","39,854,801","39,795,366","39,702,499","39,640,725","39,551,835","39,005,706","38,321,289","38,045,208","37,868,416","37,794,543","37,653,103","37,497,881","37,049,336","36,838,990","36,652,684","36,431,915","36,384,203","36,381,900","36,373,606","36,259,115","36,256,350","36,252,765","36,031,447","36,129,192","35,952,639","36,171,555","36,163,805","36,081,426",,"36,076,421","35,799,231","35,939,759",,"35,788,293","35,643,707","35,488,640",,"30,817,013","30,300,207","30,061,865",,"29,995,660","29,940,868","29,756,904",,"29,805,897","29,766,040","29,676,117",,"29,441,410","29,263,643","29,230,188",,"26,121,911","26,013,519","25,936,219",,"25,868,975","25,854,898","25,729,714",,"25,496,519","25,411,877","24,919,068",,"24,881,379","24,528,719","24,505,664",,"23,923,312","23,849,974","23,849,974",,"23,850,000","23,848,000","23,834,000",,"23,692,000","23,616,000","23,532,000",,"23,384,000","23,300,000","22,906,000",,"22,360,000","22,360,000","22,360,000",,"22,360,000","22,360,000","22,360,000",,"22,360,000","22,360,000","22,360,000",,"22,360,000","22,360,000","22,360,000",,"22,370,000","22,388,000","22,370,000",,"22,370,000","22,402,000","22,402,000",,"22,598,000","23,332,000","22,944,000",,"23,744,000","23,872,000","23,936,000",,"23,936,000","23,936,000","23,936,000",,"23,920,000","23,920,000","23,920,000",,"23,912,000","23,912,000","23,912,000",,"23,532,000"
TotalOperatingIncomeAsReported,"303,808,000","98,299,000","71,159,000","74,528,000","59,822,000","44,199,000","27,959,000","52,729,000","27,909,000","39,289,000","31,237,000","37,255,000","26,819,000","39,569,000","23,407,000","38,262,000","30,105,000","37,615,000","32,135,000","31,609,000","29,589,000","32,801,000","29,156,000","27,284,000","27,083,000","27,576,000","29,763,000","29,626,000","24,800,000","25,025,000","18,548,000","28,322,000","18,239,000","34,422,000","28,701,000","25,132,000","15,779,000","27,239,000","66,918,000","21,341,000","-23,643,000","17,411,000","4,560,000","17,202,000","14,577,000","13,162,000","16,857,000","14,808,000","-13,143,000","15,991,000","13,105,000","17,496,000","6,180,000","8,609,000","23,551,000","20,629,000","10,303,000","17,097,000","24,182,000","25,547,000","30,271,000","20,774,000","24,117,000","24,170,000","22,136,000","27,597,000","23,303,000","32,356,000","20,868,000","21,030,000","22,037,000","20,711,000","15,299,000","16,061,000","15,644,000","22,294,000","14,920,000","18,302,000","20,191,000","23,008,000","15,501,000","18,935,000","19,016,000","20,310,000","15,068,000","21,539,000","15,796,000","19,194,000","17,729,000","19,771,000","15,800,000","19,000,000","13,900,000","17,500,000","19,200,000","17,900,000","14,600,000","5,600,000","15,700,000","13,800,000","9,800,000","19,300,000","14,900,000","12,300,000","12,200,000","18,800,000","14,200,000","15,200,000","11,900,000","18,100,000","15,100,000","12,200,000","11,000,000","18,100,000",,,,,,,,,,,,,,,,,,,,,,,,,,,,,,,,,,
TotalExpenses,"1,006,230,000","276,605,000","262,073,000","241,766,000","225,786,000","217,511,000","198,890,000","183,026,000","164,847,000","195,458,000","184,439,000","191,397,000","202,384,000","206,403,000","197,764,000","189,400,000","196,243,000","203,651,000","174,555,000","184,848,000","182,497,000","181,316,000","167,484,000","169,891,000","176,399,000","178,666,000","159,024,000","170,397,000","163,353,000","177,816,000","63,260,000","214,049,000","216,372,000","206,050,000","204,501,000","204,636,000","196,610,000","190,715,000","3,853,000","251,402,000","261,779,000","259,746,000","155,586,000","298,556,000","302,398,000","273,519,000","289,179,000","265,859,000","263,598,000","246,195,000","246,637,000","239,944,000","240,677,000","266,864,000","310,890,000","332,290,000","313,297,000","283,140,000","305,505,000","276,688,000","275,573,000","280,347,000","262,584,000","256,372,000","257,768,000","251,181,000","261,936,000","240,302,000","235,510,000","212,808,000","220,231,000","201,552,000","195,909,000","190,524,000","100,225,000","218,408,000","183,628,000","179,818,000","169,870,000","162,742,000","161,071,000","138,798,000","140,456,000","157,362,000","137,828,000","133,970,000","131,531,000","124,440,000","116,000,000","114,984,000","100,900,000","104,800,000","97,700,000","93,800,000","95,900,000","94,300,000","92,300,000","91,300,000","91,400,000","88,100,000","81,300,000","72,500,000","76,000,000","80,600,000","77,400,000","69,600,000","75,600,000","65,800,000","61,900,000","65,800,000","58,900,000","58,900,000","57,900,000","55,300,000",,,,,,,,,,,,,,,,,,,,,,,,,,,,,,,,,,
NetIncomeFromContinuingAndDiscontinuedOperation,"218,443,000","72,003,000","51,617,000","52,754,000","42,069,000","30,329,000","18,668,000","35,934,000","16,981,000","24,268,000","20,352,000","24,745,000","15,426,000","26,324,000","14,161,000","23,273,000","18,696,000","26,215,000","18,342,000","17,734,000","16,778,000","19,585,000","17,510,000","14,616,000","15,675,000","14,520,000","14,582,000","15,392,000","11,436,000","17,935,000","10,475,000","15,825,000","9,993,000","21,430,000","12,663,000","15,138,000","7,701,000","15,363,000","2,967,000","1,873,000","-17,356,000","7,243,000","-44,135,000","6,368,000","18,828,000","5,696,000","2,056,000","6,101,000","-14,218,000","4,717,000","8,320,000","10,592,000","2,731,000","4,388,000","13,747,000","9,631,000","3,517,000","8,230,000","14,118,000","13,332,000","16,103,000","10,408,000","11,282,000","13,476,000","11,394,000","14,960,000","12,673,000","17,603,000","22,304,000","9,971,000","14,878,000","11,026,000","7,867,000","8,095,000","9,399,000","11,961,000","8,434,000","9,862,000","12,627,000","12,882,000","10,587,000","10,032,000","11,369,000","11,077,000","8,775,000","11,471,000","10,045,000","10,602,000","9,160,000","10,417,000","18,200,000","10,400,000","7,100,000","9,200,000","10,900,000","9,900,000","8,000,000","1,900,000","8,400,000","7,800,000","5,400,000","10,200,000","7,800,000","6,200,000","6,000,000","10,000,000","7,700,000","7,100,000","5,300,000","8,700,000","7,800,000","5,900,000","5,400,000","9,400,000","6,700,000","5,700,000","5,800,000","9,200,000","6,600,000","4,600,000","6,400,000","8,900,000","5,800,000","5,400,000","5,400,000","9,500,000","5,500,000","5,300,000","5,500,000","8,700,000","5,000,000","5,700,000","5,300,000",,,,,,,,,,,,,,,
NormalizedIncome,"218,443,000","72,003,000","51,617,000","52,754,000","42,069,000","30,329,000","18,668,000","35,934,000","16,981,000","24,268,000","20,352,000","24,745,000","15,426,000","26,324,000","14,161,000","23,273,000","18,696,000","26,215,000","18,100,000","17,773,000","16,717,000","19,529,000","17,397,000","14,594,000","15,556,000","14,490,000","15,442,000","15,709,000","13,657,000","13,781,000","9,884,000","15,653,000","9,984,000","21,362,000","22,523,935.583","14,826,000","7,504,000","15,234,000","10,186,424.471","12,809,050","12,254,800","8,947,022.579","690,100","6,499,805.856","4,981,965.417","3,323,270.929","757,950","5,006,833.457","-1,923,128.324","4,626,608.003","6,572,150","9,141,201.669","1,852,850","5,102,350","11,372,553.395","9,437,447.558","2,950,442.615","7,532,321.114","13,536,152.806","12,943,445.548","15,889,006.645","10,232,378.268","13,034,839.709","12,767,159.19","10,722,234.077","14,687,271.8","12,555,078.847","17,405,738.913","10,821,826.684","10,887,560.551","12,754,932.787","10,940,901.828","7,342,309.394","8,069,332.419","9,395,620.888","11,944,192.344","7,745,495.144","9,633,456.461","11,933,867.454","12,382,417.342","10,348,009.774","9,997,104.897","10,887,978.845","10,857,862.591","8,127,518.531","11,265,745.78","9,821,293.686","10,353,716.099","8,816,901.812","9,985,168","8,074,181.818","10,070,886.076","6,396,396.396","9,008,333.333","9,874,117.647","9,302,013.423","7,118,644.068","1,520,000","7,897,435.897","6,051,724.138","4,069,565.217","9,489,873.418","7,428,571.429","5,772,413.793","5,600,000","9,559,748.428","7,350,000","7,163,392.857","5,059,090.909","8,821,678.322","7,540,000","5,640,659.341","5,136,585.366","9,214,473.684","6,700,000","5,700,000","5,800,000","9,200,000","6,600,000","4,600,000","6,400,000","8,900,000","5,800,000","5,400,000","5,400,000","9,500,000","5,500,000","5,300,000","5,500,000","8,700,000","5,000,000","5,700,000","5,300,000",,,,,,,,,,,,,,,
InterestExpense,"37,321,000","8,948,000","9,170,000","9,648,000","9,555,000","9,398,000","9,094,000","8,568,000","8,662,000","8,123,000","8,221,000","7,539,000","7,825,000","7,826,000","7,811,000","7,549,000","7,676,000","7,372,000","7,222,000","7,393,000","7,527,000","7,462,000","7,890,000","8,026,000","7,976,000","7,994,000","7,985,000","7,730,000","7,702,000","7,743,000","7,739,000","7,687,000","7,627,000","6,595,000","6,547,000","6,574,000","6,877,000","6,980,000","6,908,000","7,904,000","8,477,000","8,616,000","8,472,000","8,708,000","9,149,000","9,489,000","9,303,000","9,294,000","9,405,000","9,030,000","8,234,000","7,358,000","6,652,000","6,270,000",,,,,,,,,,,,,,,,,,,,,,,,,,,,,,,,,,,,,,,,,,,,,,,,,,,,,,,,,,,,,,,,,,,,,,,,,,,,,,,,,,,,,,,,,,,,,,
NetInterestIncome,"-37,321,000","-8,948,000","-9,170,000","-9,648,000","-9,555,000","-9,398,000","-9,094,000","-8,568,000","-8,662,000","-8,123,000","-8,221,000","-7,539,000","-7,825,000","-7,826,000","-7,811,000","-7,549,000","-7,676,000","-7,372,000","-7,222,000","-7,393,000","-7,527,000","-7,462,000","-7,890,000","-8,026,000","-7,976,000","-7,994,000","-7,985,000","-7,730,000","-7,702,000","-7,743,000","-7,739,000","-7,687,000","-7,627,000","-6,595,000","-6,547,000","-6,574,000","-6,877,000","-6,980,000","-6,908,000","-7,904,000","-8,477,000","-8,616,000","-8,472,000","-8,708,000","-9,149,000","-9,489,000","-9,303,000","-9,294,000","-9,405,000","-9,030,000","-8,234,000","-7,358,000","-6,652,000","-6,270,000",,,,,,,,,,,,,,,,,,,,,,,,,,,,,,,,,,,,,,,,,,,,,,,,,,,,,,,,,,,,,,,,,,,,,,,,,,,,,,,,,,,,,,,,,,,,,,
EBIT,"304,197,000","98,581,000","71,459,000","74,226,000","59,932,000","44,976,000","29,425,000","53,599,000","29,451,000","38,029,000","32,107,000","37,220,000","26,594,000","39,778,000","22,353,000","38,181,000","29,426,000","37,381,000","33,070,000","32,201,000","30,141,000","33,354,000","29,630,000","27,783,000","28,615,000","27,976,000","30,467,000","29,960,000","25,367,000","25,597,000","18,930,000","28,816,000","19,097,000","36,245,000","19,587,000","26,533,000","16,475,000","28,100,000","68,580,000","8,924,000","-22,902,000","18,404,000","4,979,000","17,691,000","15,684,000","13,837,000","18,854,000","16,013,000","-11,355,000","16,127,000","14,028,000","19,105,000","7,531,000","9,276,000","23,551,000","20,629,000","10,303,000","17,097,000","24,182,000","25,547,000","30,271,000","20,774,000","24,117,000","24,170,000","22,136,000","27,597,000","23,303,000","32,356,000","20,868,000","21,030,000","22,037,000","20,711,000","15,299,000","16,061,000","15,644,000","22,294,000","14,920,000","18,302,000","20,191,000","23,008,000","15,501,000","18,935,000","19,016,000","20,310,000","15,068,000","21,539,000","15,796,000","19,194,000","17,729,000","19,771,000","15,800,000","19,000,000","13,900,000","17,500,000","19,200,000","17,900,000","14,600,000","5,600,000","15,700,000","13,800,000","9,800,000","19,300,000","14,900,000","12,300,000","12,200,000","18,800,000","14,200,000","15,200,000","11,900,000","18,100,000","15,100,000","12,200,000","11,000,000","18,100,000","67,400,000","67,100,000","71,700,000","59,000,000","58,800,000","48,100,000","50,000,000","52,600,000","46,100,000","41,900,000","41,500,000","50,300,000","41,500,000","41,900,000","39,800,000","49,300,000","43,200,000","39,300,000","39,500,000","50,700,000","43,800,000","42,400,000","42,400,000","49,700,000","41,100,000","39,900,000","40,700,000","47,800,000","44,000,000","40,200,000","38,600,000","49,400,000","44,400,000","38,300,000"
EBITDA,"396,977,000"
ReconciledCostOfRevenue,"826,822,000","231,419,000","214,544,000","198,254,000","182,606,000","177,372,000","154,876,000","144,683,000","129,481,000","159,059,000","148,243,000","156,110,000","165,781,000","169,836,000","161,077,000","154,051,000","161,576,000","168,559,000","140,169,000","152,267,000","150,716,000","149,226,000","136,301,000","137,874,000","145,047,000","145,243,000","131,846,000","140,925,000","136,607,000","147,316,000","43,091,000","182,328,000","182,912,000","174,738,000","174,068,000","173,577,000","166,590,000","159,101,000","30,127,000","203,901,000","209,584,000","192,572,000","207,896,000","211,532,000","251,596,000","223,289,000","238,523,000","216,272,000","212,154,000","195,648,000","197,104,000","196,078,000","191,360,000","219,627,000","35,217,000","29,188,000","24,964,000","38,890,000","44,145,000","23,493,000","25,098,000","42,436,000","29,912,000","24,436,000","29,120,000","33,542,000","29,807,000","27,780,000","30,503,000","26,715,000","23,012,000","22,527,000","21,096,000","25,519,000","-59,693,000","59,410,000","38,888,000","48,560,000","34,985,000","38,810,000","34,570,000","30,451,000","28,848,000","42,762,000","31,617,000","37,896,000","32,379,000","23,708,000","19,158,000","19,821,000","16,600,000","21,800,000","21,000,000","21,700,000","21,100,000","18,500,000","18,000,000","17,100,000","15,700,000","12,400,000","12,300,000","15,400,000","15,700,000","12,500,000","12,400,000","15,700,000","14,800,000","14,900,000","15,500,000","17,000,000","16,300,000","13,900,000","15,400,000","15,400,000",,,,,,,,,,,,,,,,,,,,,,,,,,,,,,,,,,
ReconciledDepreciation,"92,780,000","23,548,000","23,249,000","22,814,000","23,169,000","22,126,000","20,807,000","20,395,000","20,436,000","20,399,000","19,857,000","19,657,000","19,441,000","19,131,000","18,450,000","18,708,000","18,745,000","18,763,000","18,856,000","17,927,000","17,908,000","17,854,000","18,317,000","18,314,000","18,525,000","18,289,000","16,026,000","15,141,000","14,661,000","14,535,000","13,203,000","15,122,000","14,969,000","14,780,000","15,091,000","15,039,000","14,835,000","14,920,000","9,642,000","15,951,000","17,118,000","17,053,000","11,252,000","19,937,000","19,698,000","19,113,000","20,705,000","20,357,000","19,883,000","19,751,000","19,343,000","18,345,000","18,103,000","17,817,000","17,460,000","16,563,000","16,124,000","14,913,000","13,424,000","13,366,000","12,947,000","13,093,000","12,828,000","12,552,000","12,379,000","12,224,000","11,800,000","11,720,000","11,503,000","11,435,000","10,354,000","11,585,000","11,232,000","11,173,000","11,754,000","11,718,000","11,334,000","11,156,000","11,043,000","10,880,000","10,506,000","10,184,000","10,952,000","10,754,000","10,288,000","10,106,000","10,652,000","8,763,000","9,508,000","9,326,000",,,,,,,,,,,,,,,,,,,,,,,,,,,,,,,,,,,,,,,,,,,,,,,,,,,,,,,,,,
NetIncomeFromContinuingOperationNetMinorityInterest,"218,443,000","72,003,000","51,617,000","52,754,000","42,069,000","30,329,000","18,668,000","35,934,000","16,981,000","24,268,000","20,352,000","24,745,000","15,426,000","26,324,000","14,161,000","23,273,000","18,696,000","26,215,000","18,100,000","17,773,000","16,717,000","19,529,000","17,397,000","14,594,000","15,556,000","14,490,000","15,442,000","15,709,000","13,657,000","13,781,000","9,884,000","15,653,000","9,984,000","21,362,000","12,610,000","14,826,000","7,504,000","15,234,000","44,485,000","1,878,000","-16,886,000","9,491,000","-1,386,000","6,874,000","5,998,000","3,934,000","2,056,000","6,101,000","-14,218,000","4,717,000","8,320,000","10,592,000","2,731,000","4,388,000","13,747,000","9,631,000","3,517,000","8,230,000","14,118,000","13,332,000","16,103,000","10,408,000","11,282,000","13,476,000","11,137,000","14,960,000","12,758,000","18,080,000","10,967,000","11,016,000","12,663,000","11,026,000","7,867,000","8,095,000","9,399,000","11,961,000","8,434,000","9,862,000","12,627,000","12,882,000","10,587,000","10,032,000","11,369,000","11,077,000","8,775,000","11,471,000","10,045,000","10,602,000","9,160,000","10,417,000","18,200,000","10,400,000","7,100,000","9,200,000","10,900,000","9,900,000","8,000,000","1,900,000","8,400,000","7,800,000","5,400,000","10,200,000","7,800,000","6,200,000","6,000,000","10,000,000","7,700,000","7,100,000","5,300,000","8,700,000","7,800,000","5,900,000","5,400,000","9,400,000","6,700,000","5,700,000","5,800,000","9,200,000","6,600,000","4,600,000","6,400,000","8,900,000","5,800,000","5,400,000","5,400,000","9,500,000","5,500,000","5,300,000","5,500,000","8,700,000","5,000,000","5,700,000","5,300,000",,,,,,,,,,,,,,,
TotalUnusualItemsExcludingGoodwill,,,,,,,,,,,,,,,,,,,,,,,,,,,,,,,"0",,,,"-10,252,000","0","0","0","47,550,000","-16,817,000","-44,832,000","561,000","-3,194,000","489,000","1,107,000","675,000","1,997,000","1,205,000","-17,952,000","136,000","2,689,000","1,609,000","1,351,000","-1,099,000","3,678,000","274,000","626,000","962,000","780,000","619,000","340,000","273,000","-2,587,000","1,060,000","659,000","429,000","304,000","1,073,000","215,000","194,000","-124,000","125,000","781,000","37,000","4,000","25,000","933,000","330,000","902,000","746,000","358,000","51,000","666,000","332,000","876,000","318,000","267,000","358,000","523,000","684,000","15,300,000","500,000","1,100,000","300,000","1,600,000","900,000","1,300,000","400,000","700,000","2,600,000","1,700,000","1,100,000","500,000","600,000","600,000","700,000","500,000","-100,000","400,000","-200,000","400,000","400,000","400,000","300,000",,,,,,,,,,,,,,,,,,,,,,,,,,,,,,,,,,
TotalUnusualItems,,,,,,,,,,,,,,,,,,,,,,,,,,,,,,,"0",,,,"-10,252,000","0","0","0","47,550,000","-16,817,000","-44,832,000","561,000","-3,194,000","489,000","1,107,000","675,000","1,997,000","1,205,000","-17,952,000","136,000","2,689,000","1,609,000","1,351,000","-1,099,000","3,678,000","274,000","626,000","962,000","780,000","619,000","340,000","273,000","-2,587,000","1,060,000","659,000","429,000","304,000","1,073,000","215,000","194,000","-124,000","125,000","781,000","37,000","4,000","25,000","933,000","330,000","902,000","746,000","358,000","51,000","666,000","332,000","876,000","318,000","267,000","358,000","523,000","684,000","15,300,000","500,000","1,100,000","300,000","1,600,000","900,000","1,300,000","400,000","700,000","2,600,000","1,700,000","1,100,000","500,000","600,000","600,000","700,000","500,000","-100,000","400,000","-200,000","400,000","400,000","400,000","300,000",,,,,,,,,,,,,,,,,,,,,,,,,,,,,,,,,,
NormalizedEBITDA,"396,977,000","122,129,000","94,708,000","97,041,000","83,101,000","67,102,000","50,232,000","73,994,000","49,887,000","58,428,000","51,964,000","56,877,000","46,035,000","58,909,000","40,803,000","56,889,000","48,171,000","56,144,000","51,926,000","50,128,000","48,049,000","51,208,000","47,947,000","46,097,000","47,140,000","46,265,000","46,493,000","45,101,000","40,028,000","40,132,000","32,133,000","43,938,000","34,066,000","51,025,000","44,930,000","41,572,000","31,310,000","43,020,000","30,672,000","41,692,000","39,048,000","34,896,000","19,425,000","37,139,000","34,302,000","32,275,000","37,562,000","35,165,000","26,480,000","35,742,000","30,682,000","35,841,000","24,283,000","28,192,000","37,333,000","36,918,000","25,801,000","31,048,000","36,826,000","38,294,000","42,878,000","33,594,000","39,532,000","35,662,000","33,856,000","39,392,000","34,799,000","43,003,000","32,206,000","32,271,000","32,515,000","32,171,000","25,750,000","27,197,000","27,394,000","33,987,000","25,321,000","29,128,000","30,332,000","33,142,000","25,649,000","29,068,000","29,302,000","30,732,000","24,480,000","31,327,000","26,181,000","27,599,000","26,714,000","28,413,000","8,700,000","27,400,000","21,600,000","26,100,000","26,000,000","25,800,000","22,100,000","14,200,000","24,400,000","21,200,000","18,100,000","28,100,000","23,600,000","21,100,000","20,200,000","25,700,000","21,100,000","22,400,000","18,600,000","25,300,000","21,700,000","18,100,000","16,800,000","24,200,000","67,400,000","67,100,000","71,700,000","59,000,000","58,800,000","48,100,000","50,000,000","52,600,000","46,100,000","41,900,000","41,500,000","50,300,000","41,500,000","41,900,000","39,800,000","49,300,000","43,200,000","39,300,000","39,500,000","50,700,000","43,800,000","42,400,000","42,400,000","49,700,000","41,100,000","39,900,000","40,700,000","47,800,000","44,000,000","40,200,000","38,600,000","49,400,000","44,400,000","38,300,000"
TaxRateForCalcs,"0.181","0.197","0.171","0.183","0.165","0.148","0.082","0.202","0.183","0.189","0.148","0.166","0.178","0.176","0.026","0.24","0.14","0.126","0.3","0.284","0.261","0.246","0.2","0.261","0.246","0.275","0.313","0.293","0.227","0.228","0.117","0.259","0.13","0.28","0.033","0.257","0.218","0.279","0.279","0.35","0.35","0.03","0.35","0.235","0.082","0.095","0.35","0.092","0.315","0.335","0.35","0.098","0.35","0.35","0.354","0.294","0.095","0.275","0.254","0.372","0.371","0.357","0.322","0.331","0.371","0.364","0.332","0.372","0.325","0.338","0.259","0.319","0.328","0.306","0.155","0.328","0.262","0.307","0.232","0.33","0.332","0.316","0.278","0.34","0.261","0.355","0.162","0.306","0.344","0.369","0.338","0.342","0.36","0.361","0.359","0.336","0.322","0.05","0.282","0.328","0.217","0.354","0.257","0.287","0.333","0.371","0.3","0.366","0.398","0.392","0.35","0.352","0.341","0.382","0.4","0.4","0.4","0.4","0.4","0.4","0.4","0.4","0.4","0.4","0.4","0.4","0.4","0.4","0.4","0.4","0.4","0.4","0.4",,,,,,,,,,,,,,,
TaxEffectOfUnusualItems,"0","0","0","0","0","0","0","0","0","0","0","0","0","0","0","0","0","0","0","0","0","0","0","0","0","0","0","0","0","0","0","0","0","0","-338,064.417","0","0","0","13,251,424.471","-5,885,950","-15,691,200","17,022.579","-1,117,900","114,805.856","90,965.417","64,270.929","698,950","110,833.457","-5,657,128.324","45,608.003","941,150","158,201.669","472,850","-384,650","1,303,553.395","80,447.558","59,442.615","264,321.114","198,152.806","230,445.548","126,006.645","97,378.268","-834,160.291","351,159.19","244,234.077","156,271.8","101,078.847","398,738.913","69,826.684","65,560.551","-32,067.213","39,901.828","256,309.394","11,332.419","620.888","8,192.344","244,495.144","101,456.461","208,867.454","246,417.342","119,009.774","16,104.897","184,978.845","112,862.591","228,518.531","112,745.78","43,293.686","109,716.099","179,901.812","252,168","5,174,181.818","170,886.076","396,396.396","108,333.333","574,117.647","302,013.423","418,644.068","20,000","197,435.897","851,724.138","369,565.217","389,873.418","128,571.429","172,413.793","200,000","259,748.428","150,000","-36,607.143","159,090.909","-78,321.678","140,000","140,659.341","136,585.366","114,473.684","0","0","0","0","0","0","0","0","0","0","0","0","0","0","0","0","0","0","0",,,,,,,,,,,,,,,