name,ttm,04/30/2022,01/31/2022,10/31/2021,07/31/2021,04/30/2021,01/31/2021,10/31/2020,07/31/2020,04/30/2020,01/31/2020,10/31/2019,07/31/2019,04/30/2019,01/31/2019,10/31/2018,07/31/2018,04/30/2018,01/31/2018,10/31/2017,07/31/2017,04/30/2017,01/31/2017,10/31/2016,07/31/2016,04/30/2016,01/31/2016,10/31/2015,07/31/2015,04/30/2015,01/31/2015,10/31/2014,07/31/2014,04/30/2014,01/31/2014,10/31/2013,07/31/2013,04/30/2013,01/31/2013,10/31/2012,07/31/2012,04/30/2012,01/31/2012,10/31/2011,07/31/2011,04/30/2011,01/31/2011,10/31/2010,07/31/2010,04/30/2010,01/31/2010,10/31/2009,07/31/2009,04/30/2009,01/31/2009,10/31/2008,07/31/2008,04/30/2008,11/30/2007,08/31/2007,05/31/2007,02/28/2007,11/30/2006,08/31/2006,05/31/2006,02/28/2006,11/30/2005,08/31/2005,05/31/2005,02/28/2005,11/30/2004,08/31/2004,05/31/2004,02/29/2004,11/30/2003,08/31/2003,05/31/2003,02/28/2003,11/30/2002,08/31/2002,05/31/2002,02/28/2002,11/30/2001,08/31/2001,05/31/2001,02/28/2001,11/30/2000,08/31/2000,05/31/2000,02/29/2000,11/30/1999,08/31/1999,05/31/1999,02/28/1999,11/30/1998,08/31/1998,05/31/1998,02/28/1998,11/30/1997,08/31/1997,05/31/1997,02/28/1997,11/30/1996,08/31/1996,05/31/1996,02/29/1996,11/30/1995,08/31/1995,05/31/1995,02/28/1995,11/30/1994,08/31/1994,05/31/1994,02/28/1994,11/30/1993,08/31/1993,05/31/1993,02/28/1993,11/30/1992,08/31/1992,05/31/1992,02/29/1992,11/30/1991,08/31/1991,05/31/1991,02/28/1991,11/30/1990,08/31/1990,05/31/1990,02/28/1990,11/30/1989,08/31/1989,05/31/1989,02/28/1989,11/30/1988,08/31/1988,05/31/1988,02/29/1988,11/30/1987,08/31/1987,05/31/1987,02/28/1987,11/30/1986,08/31/1986,05/31/1986,02/28/1986,11/30/1985,08/31/1985
TotalRevenue,"1,228,898,000","352,581,000","299,916,000","247,729,000","328,672,000","265,762,000","221,367,000","175,135,000","191,988,000","160,343,000","297,596,000","241,221,000","302,000,000","281,973,000","298,535,000","233,662,000","302,641,000","272,628,000","293,179,000","235,960,000","284,709,000","272,363,000","261,049,000","222,308,000","282,996,000","256,235,000","259,582,000","198,624,000","250,689,000","260,394,000","274,454,000","219,457,000","246,246,000","257,649,000","250,364,000","197,506,000","235,024,000","234,203,000","236,246,000","181,414,000","206,929,000","230,953,000","199,679,000","170,280,000","180,646,000","208,308,000","157,714,000","139,627,000","186,531,000","217,750,000","190,502,000","200,538,000","192,887,000","216,731,000","199,868,000","244,186,000","230,520,000","272,942,000","294,486,000","237,947,000","287,247,000","266,595,000","290,987,000","284,078,000","81,898,000","356,088,000","334,652,000","336,478,000","386,855,000","349,095,000","312,869,000","264,790,000","339,146,000","281,418,000","253,883,000","242,105,000","198,073,000","208,969,000","185,421,000","172,139,000","191,711,000","149,495,000","156,528,000","179,530,000","215,854,000","197,404,000","194,869,000","204,368,000","246,385,000","187,466,000","219,900,000","185,700,000","225,200,000","206,000,000","232,500,000","198,600,000","194,500,000","178,700,000","208,100,000","193,200,000","160,000,000","167,500,000","203,200,000","172,500,000","149,500,000","138,600,000","187,100,000","189,300,000","146,400,000","153,100,000","192,200,000","165,300,000","154,000,000","143,100,000","178,700,000","148,700,000","134,400,000","140,700,000","163,600,000","134,300,000","136,400,000","125,800,000","142,600,000","123,000,000","117,200,000","120,000,000","138,200,000","130,400,000","136,500,000","125,000,000","142,200,000","146,700,000","131,600,000","132,900,000","154,100,000","147,500,000","149,700,000","138,500,000","151,000,000","151,400,000","145,700,000","135,000,000","143,700,000","129,000,000","129,900,000","119,000,000","147,200,000","137,400,000"
	OperatingRevenue,"1,228,898,000","352,581,000","299,916,000","247,729,000","328,672,000","265,762,000","221,367,000","175,135,000","191,988,000","160,343,000","297,596,000","241,221,000","302,000,000","281,973,000","298,535,000","233,662,000","302,641,000","272,628,000","293,179,000","235,960,000","284,709,000","272,363,000","261,049,000","222,308,000","282,996,000","256,235,000","259,582,000","198,624,000","250,689,000","260,394,000","274,454,000","219,457,000","246,246,000","257,649,000","250,364,000","197,506,000","235,024,000","234,203,000","236,246,000","181,414,000","206,929,000","230,953,000","199,679,000","170,280,000","180,646,000","208,308,000","157,714,000","139,627,000","186,531,000","217,750,000","190,502,000","200,538,000","192,887,000","216,731,000","199,868,000","244,186,000","230,520,000","272,942,000","294,486,000","237,947,000","287,247,000","266,595,000","290,987,000","284,078,000","81,898,000","356,088,000","334,652,000","336,478,000","386,855,000","349,095,000","312,869,000","264,790,000","339,146,000","281,418,000","253,883,000","242,105,000","198,073,000","208,969,000","185,421,000","172,139,000","191,711,000","149,495,000","156,528,000","179,530,000","215,854,000","197,404,000","194,869,000","204,368,000","246,385,000","187,466,000","219,900,000","185,700,000","225,200,000","206,000,000","232,500,000","198,600,000","194,500,000","178,700,000","208,100,000","193,200,000","160,000,000","167,500,000","203,200,000","172,500,000","149,500,000","138,600,000","187,100,000","189,300,000","146,400,000","153,100,000","192,200,000","165,300,000","154,000,000","143,100,000","178,700,000","148,700,000","134,400,000","140,700,000","163,600,000","134,300,000","136,400,000","125,800,000","142,600,000","123,000,000","117,200,000","120,000,000","138,200,000","130,400,000","136,500,000","125,000,000","142,200,000","146,700,000","131,600,000","132,900,000","154,100,000","147,500,000","149,700,000","138,500,000","151,000,000","151,400,000","145,700,000","135,000,000","143,700,000","129,000,000","129,900,000","119,000,000","147,200,000","137,400,000"
CostOfRevenue,"462,888,000","126,204,000","122,447,000","95,191,000","119,046,000","99,177,000","101,240,000","78,866,000","87,251,000","66,269,000","131,203,000","108,241,000","122,175,000","116,204,000","134,133,000","104,383,000","123,344,000","108,482,000","131,102,000","110,784,000","118,740,000","112,953,000","114,392,000","104,029,000","117,290,000","104,103,000","114,845,000","90,735,000","99,603,000","106,002,000","125,464,000","106,511,000","100,831,000","110,321,000","112,499,000","92,721,000","98,175,000","100,128,000","111,005,000","84,592,000","88,649,000","101,739,000","96,047,000","81,540,000","77,709,000","90,648,000","72,717,000","65,942,000","98,701,000","116,168,000","105,388,000","120,283,000","114,344,000","126,960,000","110,006,000","150,557,000","133,849,000","156,633,000","179,566,000","140,496,000","167,664,000","158,329,000","179,187,000","175,967,000","1,136,000","232,624,000","223,223,000","220,446,000","247,179,000","235,542,000","212,766,000","179,868,000","233,493,000","194,350,000","177,051,000","171,214,000","156,923,000","166,056,000","148,235,000","133,677,000","151,240,000","120,583,000","128,983,000","143,210,000","176,788,000","160,599,000","159,073,000","167,024,000","196,522,000","150,160,000","179,800,000","149,900,000","182,300,000","163,900,000","186,400,000","156,700,000","151,400,000","141,100,000","164,400,000","154,700,000","122,900,000","131,100,000","164,200,000","138,900,000","117,400,000","113,900,000","153,100,000","155,200,000","125,000,000","126,100,000","153,200,000","131,600,000","119,900,000","112,100,000","142,000,000","117,800,000","105,500,000","111,400,000","130,300,000","106,400,000","107,300,000","98,600,000","112,500,000","96,400,000","91,700,000","93,200,000","111,200,000","103,800,000","111,500,000","99,600,000","112,000,000","114,400,000",,,,,,,,,,,,,,,,
GrossProfit,"766,010,000","226,377,000","177,469,000","152,538,000","209,626,000","166,585,000","120,127,000","96,269,000","104,737,000","94,074,000","166,393,000","132,980,000","179,825,000","165,769,000","164,402,000","129,279,000","179,297,000","164,146,000","162,077,000","125,176,000","165,969,000","159,410,000","146,657,000","118,279,000","165,706,000","152,132,000","144,737,000","107,889,000","151,086,000","154,392,000","148,990,000","112,946,000","145,415,000","147,328,000","137,865,000","104,785,000","136,849,000","134,075,000","125,241,000","96,822,000","118,280,000","129,214,000","103,632,000","88,740,000","102,937,000","117,660,000","84,997,000","73,685,000","87,830,000","101,582,000","85,114,000","80,255,000","78,543,000","89,771,000","89,862,000","93,629,000","96,671,000","116,309,000","114,920,000","97,451,000","119,583,000","108,266,000","111,800,000","108,111,000","80,762,000","123,464,000","111,429,000","116,032,000","139,676,000","113,553,000","100,103,000","84,922,000","105,653,000","87,068,000","76,832,000","70,891,000","41,150,000","42,913,000","37,186,000","38,462,000","40,471,000","28,912,000","27,545,000","36,320,000","39,066,000","36,805,000","35,796,000","37,344,000","49,863,000","37,306,000","40,100,000","35,800,000","42,900,000","42,100,000","46,100,000","41,900,000","43,100,000","37,600,000","43,700,000","38,500,000","37,100,000","36,400,000","39,000,000","33,600,000","32,100,000","24,700,000","34,000,000","34,100,000","21,400,000","27,000,000","39,000,000","33,700,000","34,100,000","31,000,000","36,700,000","30,900,000","28,900,000","29,300,000","33,300,000","27,900,000","29,100,000","27,200,000","30,100,000","26,600,000","25,500,000","26,800,000","27,000,000","26,600,000","25,000,000","25,400,000","30,200,000","32,300,000",,,,,,,,,,,,,,,,
OperatingExpense,"559,422,000","150,399,000","145,462,000","121,931,000","141,630,000","131,692,000","136,752,000","109,987,000","112,754,000","119,111,000","145,313,000","130,386,000","139,566,000","136,027,000","142,401,000","125,574,000","142,784,000","135,773,000","143,562,000","124,052,000","129,567,000","129,451,000","127,141,000","118,606,000","127,016,000","120,126,000","116,286,000","109,055,000","116,340,000","118,910,000","123,218,000","110,271,000","118,522,000","118,790,000","111,450,000","100,166,000","109,068,000","107,945,000","109,011,000","90,902,000","97,962,000","96,426,000","106,885,000","81,924,000","89,248,000","86,947,000","92,346,000","67,254,000","76,495,000","87,843,000","79,900,000","72,743,000","73,952,000","78,991,000","95,316,000","80,745,000","3,641,000","96,234,000","90,433,000","86,267,000","86,798,000","88,594,000","86,780,000","85,101,000","65,002,000","94,392,000","86,851,000","87,328,000","101,908,000","84,814,000","79,292,000","832,459,000","73,986,000","65,549,000","59,786,000","54,110,000","31,900,000","31,418,000","30,076,000","30,968,000","31,005,000","26,697,000","26,824,000","31,203,000","29,350,000","29,224,000","30,188,000","30,628,000","36,955,000","29,099,000","28,100,000","27,300,000","31,900,000","30,500,000","31,400,000","31,400,000","32,400,000","28,100,000","29,900,000","28,700,000","28,200,000","27,900,000","27,000,000","26,700,000","28,800,000","26,800,000","27,700,000","31,700,000","23,800,000","23,000,000","27,800,000","24,800,000","25,200,000","23,000,000","26,300,000","23,700,000","22,300,000","22,900,000","25,000,000","22,300,000","23,200,000","22,000,000","23,600,000","21,900,000","22,400,000","23,500,000","24,300,000","23,700,000","23,400,000","23,700,000","24,400,000","25,000,000",,,,,,,,,,,,,,,,
	SellingGeneralAndAdministration,"593,923,000","157,412,000","152,639,000","137,505,000","146,367,000","137,125,000","140,427,000","113,537,000","115,663,000","123,001,000","148,701,000","134,231,000","143,403,000","139,814,000","145,761,000","128,687,000","146,340,000","139,720,000","147,324,000","127,091,000","132,911,000","133,191,000","130,888,000","121,667,000","130,348,000","124,166,000","119,694,000","112,694,000","119,963,000","122,680,000","128,305,000","114,991,000","122,397,000","123,231,000","117,762,000","104,434,000","112,424,000","113,025,000","113,281,000","94,746,000","101,302,000","101,408,000","94,532,000","84,862,000","88,948,000","90,840,000","80,674,000","70,995,000","76,246,000","83,752,000","79,584,000","72,426,000","73,637,000","78,683,000","84,828,000","84,637,000","88,972,000","99,634,000","94,706,000","88,861,000","91,007,000","90,393,000","89,124,000","86,446,000","66,028,000","95,656,000","88,653,000","88,736,000","102,427,000","86,458,000","80,169,000","67,554,000","74,173,000","64,802,000","59,249,000","53,612,000","31,900,000","31,418,000","30,076,000","30,968,000","31,005,000","26,697,000","26,824,000","31,203,000","29,350,000","29,224,000","30,188,000","30,628,000","34,201,000","26,755,000","25,900,000","25,200,000","29,500,000","28,300,000","29,000,000","29,500,000","30,300,000","26,000,000","27,900,000","26,800,000","26,000,000","25,100,000","24,900,000","24,700,000","26,100,000","24,600,000","25,600,000","29,800,000","21,600,000","21,100,000","25,900,000","23,000,000","23,300,000","21,200,000","24,600,000","22,100,000","20,500,000","21,300,000","23,500,000","20,800,000","21,500,000","20,500,000","22,100,000","20,400,000","20,700,000","22,000,000","22,800,000","22,200,000","21,700,000","22,100,000","22,800,000","23,400,000",,,,,,,,,,,,,,,,
	DepreciationAmortizationDepletionIncomeStatement,,,,,,,,,,,,,,,,,,,,,,,,,,,,,,,,,,,,,,,,,,,,"299,000","300,000","298,000","254,000","241,000","249,000","250,000","316,000","317,000","315,000","308,000","-2,635,000","692,000","4,058,000","788,000","1,202,000","1,190,000","1,659,000","1,649,000","1,550,000","1,547,000","2,085,000","1,853,000","1,851,000","1,853,000","2,577,000","2,265,000","2,424,000","1,712,000","1,676,000","1,678,000","1,677,000","1,678,000",,,,,,,,,,,,,"2,754,000","2,344,000","2,200,000","2,100,000","2,400,000","2,200,000","2,400,000","1,900,000","2,100,000","2,100,000","2,000,000","1,900,000","2,200,000","2,800,000","2,100,000","2,000,000","2,700,000","2,200,000","2,100,000","1,900,000","2,200,000","1,900,000","1,900,000","1,800,000","1,900,000","1,800,000","1,700,000","1,600,000","1,800,000","1,600,000","1,500,000","1,500,000","1,700,000","1,500,000","1,500,000","1,500,000","1,700,000","1,500,000","1,500,000","1,500,000","1,700,000","1,600,000","1,600,000","1,600,000",,,,,,,,,,,,,,,,
		DepreciationAndAmortizationInIncomeStatement,,,,,,,,,,,,,,,,,,,,,,,,,,,,,,,,,,,,,,,,,,,,"299,000","300,000","298,000","254,000","241,000","249,000","250,000","316,000","317,000","315,000","308,000","-2,635,000","692,000","4,058,000","788,000","1,202,000","1,190,000","1,659,000","1,649,000","1,550,000","1,547,000","2,085,000","1,853,000","1,851,000","1,853,000","2,577,000","2,265,000","2,424,000","1,712,000","1,676,000","1,678,000","1,677,000","1,678,000",,,,,,,,,,,,,"2,754,000","2,344,000","2,200,000","2,100,000","2,400,000","2,200,000","2,400,000","1,900,000","2,100,000","2,100,000","2,000,000","1,900,000","2,200,000","2,800,000","2,100,000","2,000,000","2,700,000","2,200,000","2,100,000","1,900,000","2,200,000","1,900,000","1,900,000","1,800,000","1,900,000","1,800,000","1,700,000","1,600,000","1,800,000","1,600,000","1,500,000","1,500,000","1,700,000","1,500,000","1,500,000","1,500,000","1,700,000","1,500,000","1,500,000","1,500,000","1,700,000","1,600,000","1,600,000","1,600,000",,,,,,,,,,,,,,,,
			Amortization,,,,,,,,,,,,,,,,,,,,,,,,,,,,,,,,,,,,,,,,,,,,"299,000","300,000","298,000","254,000","241,000","249,000","250,000","316,000","317,000","315,000","308,000","-2,635,000","692,000","4,058,000","788,000","1,202,000","1,190,000","1,659,000","1,649,000","1,550,000","1,547,000","2,085,000","1,853,000","1,851,000","1,853,000","2,577,000","2,265,000","2,424,000","1,712,000","1,676,000","1,678,000","1,677,000","1,678,000",,,,,,,,,,,,,,,,,,,,,,,,,,,,,,,,,,,,,,,,,,,,,,,,,,,,,,,,,,,,,,,,,,,,,,,,
				AmortizationOfIntangiblesIncomeStatement,,,,,,,,,,,,,,,,,,,,,,,,,,,,,,,,,,,,,,,,,,,,"299,000","300,000","298,000","254,000","241,000","249,000","250,000","316,000","317,000","315,000","308,000","-2,635,000","692,000","4,058,000","788,000","1,202,000","1,190,000","1,659,000","1,649,000","1,550,000","1,547,000","2,085,000","1,853,000","1,851,000","1,853,000","2,577,000","2,265,000","2,424,000","1,712,000","1,676,000","1,678,000","1,677,000","1,678,000",,,,,,,,,,,,,,,,,,,,,,,,,,,,,,,,,,,,,,,,,,,,,,,,,,,,,,,,,,,,,,,,,,,,,,,,
	OtherOperatingExpenses,"-34,501,000","-7,013,000","-7,177,000","-15,574,000","-4,737,000","-5,433,000","-3,675,000","-3,550,000","-2,909,000","-3,890,000","-3,388,000","-3,845,000","-3,837,000","-3,787,000","-3,360,000","-3,113,000","-3,556,000","-3,947,000","-3,762,000","-3,039,000","-3,344,000","-3,740,000","-3,747,000","-3,061,000","-3,332,000","-4,040,000","-3,408,000","-3,639,000","-3,623,000","-3,770,000","-5,087,000","-4,720,000","-3,875,000","-4,441,000","-6,312,000","-4,268,000","-3,356,000","-5,080,000","-4,270,000","-3,844,000","-3,340,000","-4,982,000","13,250,000","-3,237,000","-4,022,000","-4,191,000","11,418,000","-3,982,000",,"3,841,000",,,,,,"-4,584,000","-89,389,000","-4,188,000","-5,475,000","-3,784,000","-5,868,000","-3,448,000","-3,894,000","-2,892,000","-3,111,000","-3,117,000","-3,653,000","-3,261,000","-3,096,000","-3,909,000","-3,301,000","763,193,000","-1,863,000","-931,000","-1,140,000","-1,180,000",,,,,,,,,,,,,,,,,,,,,,,,,,,,,,,,,,,,,,,,,,,,,,,,,,,,,,,,,,,,,,,,,,,,,,,,
OperatingIncome,"206,588,000","75,978,000","32,007,000","30,607,000","67,996,000","34,893,000","-16,625,000","-13,718,000","-8,017,000","-25,037,000","21,080,000","2,594,000","40,259,000","29,742,000","22,001,000","3,705,000","36,513,000","28,373,000","18,515,000","1,124,000","36,402,000","29,959,000","19,516,000","-327,000","38,690,000","32,006,000","28,451,000","-1,166,000","34,746,000","35,482,000","25,772,000","2,675,000","26,893,000","28,538,000","26,415,000","4,619,000","27,781,000","26,130,000","16,230,000","5,920,000","20,318,000","32,788,000","-3,253,000","6,816,000","13,689,000","30,713,000","-7,349,000","6,431,000","11,335,000","13,739,000","5,214,000","7,512,000","4,591,000","10,780,000","-5,454,000","12,884,000","93,030,000","20,075,000","24,487,000","11,184,000","32,785,000","19,672,000","25,020,000","23,010,000","15,760,000","29,072,000","24,578,000","28,704,000","37,768,000","28,739,000","20,811,000","-747,537,000","31,667,000","21,519,000","17,046,000","16,781,000","9,250,000","11,495,000","7,110,000","7,494,000","9,466,000","2,215,000","721,000","5,117,000","9,716,000","7,581,000","5,608,000","6,716,000","12,908,000","8,207,000","12,000,000","8,500,000","11,000,000","11,600,000","14,700,000","10,500,000","10,700,000","9,500,000","13,800,000","9,800,000","8,900,000","8,500,000","12,000,000","6,900,000","3,300,000","-2,100,000","6,300,000","2,400,000","-2,400,000","4,000,000","11,200,000","8,900,000","8,900,000","8,000,000","10,400,000","7,200,000","6,600,000","6,400,000","8,300,000","5,600,000","5,900,000","5,200,000","6,500,000","4,700,000","3,100,000","3,300,000","2,700,000","2,900,000","1,600,000","1,700,000","5,800,000","7,300,000","-414,500,000","132,900,000","154,100,000","147,500,000","-455,700,000","138,500,000","151,000,000","151,400,000","-384,000,000","135,000,000","143,700,000","129,000,000","-381,400,000","119,000,000","147,200,000","137,400,000"
NetNonOperatingInterestIncomeExpense,"-934,000","-242,000","-259,000","-222,000","-211,000","-252,000","-355,000","-339,000","-676,000","-658,000","-74,000","-81,000","-419,000","-671,000","-411,000","-489,000","-602,000","-781,000","-754,000","-683,000","-742,000","-930,000","-916,000","-716,000","-1,177,000","-614,000","-497,000","-449,000","-737,000","-773,000","-701,000","-788,000","-921,000","-1,073,000","-996,000","-1,195,000","-1,042,000","-936,000","-1,063,000","-959,000","-3,314,000","-3,603,000","-3,489,000","-3,705,000","-4,268,000","-4,804,000","-4,772,000","-5,095,000","-5,143,000","-5,009,000","-5,249,000","-5,302,000","-6,245,000","-4,565,000",,,,,,,,,,,,,,,,,,,,,,,,,,,,,,,,,,,,,,,,,,,,,,,,,,,,,,,,,,,,,,,,,,,,,,,,,,,,,,,,,,,,,,,,,,,,,,
	InterestExpenseNonOperating,"934,000","242,000","259,000","222,000","211,000","252,000","355,000","339,000","676,000","658,000","74,000","81,000","419,000","671,000","411,000","489,000","602,000","781,000","754,000","683,000","742,000","930,000","916,000","716,000","1,177,000","614,000","497,000","449,000","737,000","773,000","701,000","788,000","921,000","1,073,000","996,000","1,195,000","1,042,000","936,000","1,063,000","959,000","3,314,000","3,603,000","3,489,000","3,705,000","4,268,000","4,804,000","4,772,000","5,095,000","5,143,000","5,009,000","5,249,000","5,302,000","6,245,000","4,565,000",,,,,,,,,,,,,,,,,,,,,,,,,,,,,,,,,,,,,,,,,,,,,,,,,,,,,,,,,,,,,,,,,,,,,,,,,,,,,,,,,,,,,,,,,,,,,,
	TotalOtherFinanceCost,,,,,,,,,,,"74,000","81,000","419,000","671,000","411,000","489,000","602,000","781,000","754,000","683,000","742,000","930,000","916,000","716,000","1,177,000","614,000","497,000","449,000","737,000","773,000","701,000","788,000","921,000","1,073,000","996,000","1,195,000","1,042,000","936,000","1,063,000",,,"3,603,000",,,,,,,,,,,,,,,,,,,,,,,,,,,,,,,,,,,,,,,,,,,,,,,,,,,,,,,,,,,,,,,,,,,,,,,,,,,,,,,,,,,,,,,,,,,,,,,,,,,,,,,,,,
OtherIncomeExpense,,,,,,,"0",,,"-60,452,000",,,,,,,,,,,,,,,,,,,,,"-69,000","-69,000","-68,000","-69,000","-69,000","-68,000","-69,000","-69,000","-6,285,000",,"-9,143,000",,"16,820,000","-769,000","-8,248,000",,,"3,982,000","4,031,000","3,841,000",,"3,596,000","2,916,000",,"-320,169,000","4,584,000","4,351,000","4,188,000","5,475,000","3,784,000","6,228,000","3,448,000","3,894,000","2,892,000","3,113,000","3,117,000","3,653,000","3,261,000","3,096,000","3,909,000","3,301,000","1,753,000","1,863,000","931,000","1,140,000","1,180,000",,,,,,,,,,,,,,,,,,,,,,,,,,,,,,,,,,,,,,,,,,,,,,,,,,,,,,,,,,,,,,,,,,,,,,,,
	SpecialIncomeCharges,,,"0","0","0","0","0","0","0","-60,452,000",,,,,,,,,,,,,,,,,,"0","0","0","-69,000","-69,000","-68,000","-69,000","-69,000","-68,000","-69,000","-69,000","-6,285,000","0","-9,143,000",,"16,820,000","-769,000","-8,248,000",,,"3,982,000","4,031,000","3,841,000",,"3,596,000","2,916,000",,"-320,169,000","4,584,000","4,351,000","4,188,000","5,475,000","3,784,000","6,228,000","3,448,000","3,894,000","2,892,000","3,113,000","3,117,000","3,653,000","3,261,000","3,096,000","3,909,000","3,301,000","1,753,000","1,863,000","931,000","1,140,000","1,180,000",,,,,,,,,,,,,,,,,,,,,,,,,,,,,,,,,,,,,,,,,,,,,,,,,,,,,,,,,,,,,,,,,,,,,,,,
		RestructuringAndMergernAcquisition,,,,,,,,,,,,,,,,,,,,,,,,,,,,"0","0","0","69,000","69,000","68,000","69,000","69,000","68,000","69,000","69,000","4,485,000",,,,,,,,,,,,,,,,,,,,,,,,,,,,,,,,,,,,,,,,,,,,,,,,,,,,,,,,,,,,,,,,,,,,,,,,,,,,,,,,,,,,,,,,,,,,,,,,,,,,,,,,,,,,,
		ImpairmentOfCapitalAssets,,,"0","0","0","0","0","0","0","60,452,000",,,,,,,,,,,,,,,,,,,,,,,,,,,,,,,,,,,,,,,,,,,,,,,,,,,,,,,,,,,,,,,,,,,,,,,,,,,,,,,,,,,,,,,,,,,,,,,,,,,,,,,,,,,,,,,,,,,,,,,,,,,,,,,,,,,,,,,,,,
PretaxIncome,"205,654,000","75,736,000","31,748,000","30,385,000","67,785,000","34,641,000","-16,980,000","-14,057,000","-8,693,000","-86,147,000","21,006,000","2,513,000","39,840,000","29,071,000","21,590,000","3,216,000","35,911,000","27,592,000","17,761,000","441,000","35,660,000","29,029,000","18,600,000","-1,043,000","37,513,000","31,392,000","27,954,000","-1,615,000","34,009,000","34,709,000","25,002,000","1,818,000","25,904,000","27,396,000","25,350,000","3,356,000","26,670,000","25,125,000","8,882,000","4,961,000","7,861,000","29,185,000","10,078,000","2,342,000","5,195,000","25,909,000","3,309,000","1,336,000","10,223,000","16,412,000","4,041,000","5,806,000","1,262,000","8,684,000","-300,154,000","6,447,000","2,007,000","13,743,000","18,557,000","6,188,000","27,767,000","14,279,000","19,069,000","17,518,000","13,031,000","22,037,000","17,256,000","21,821,000","30,404,000","21,732,000","13,956,000","9,488,000","25,853,000","15,264,000","10,948,000","11,035,000","7,464,000","11,448,000","7,049,000","7,453,000","9,300,000","2,189,000","743,000","5,044,000","8,473,000","6,310,000","4,360,000","5,608,000","11,724,000","7,384,000","11,100,000","7,600,000","10,000,000","10,300,000","13,100,000","9,800,000","9,800,000","8,800,000","12,800,000","8,900,000","8,100,000","7,300,000","11,000,000","5,800,000","2,200,000","-3,300,000","4,300,000","500,000","-3,700,000","3,000,000","10,200,000","8,200,000","8,300,000","7,500,000","9,800,000","6,700,000","6,100,000","5,800,000","7,700,000","5,100,000","5,400,000","4,700,000","6,000,000","4,300,000","2,500,000","2,600,000","1,700,000","2,000,000","700,000","800,000","4,900,000","6,400,000",,,,,,,,,,,,,,,,
TaxProvision,"45,393,000","18,328,000","6,340,000","4,400,000","16,325,000","6,173,000","-4,763,000","-3,453,000","-2,606,000","-19,363,000","5,674,000","845,000","10,004,000","7,414,000","4,911,000","1,355,000","8,727,000","7,025,000","-5,982,000","-631,000","12,971,000","11,832,000","6,556,000","555,000","13,638,000","11,215,000","10,400,000","-225,000","12,959,000","13,385,000","9,208,000","1,892,000","10,835,000","12,427,000","10,377,000","2,467,000","10,864,000","11,502,000","3,605,000","1,951,000","2,833,000","11,183,000","3,026,000","731,000","1,675,000","8,849,000","1,596,000","17,000","3,004,000","3,915,000","700,000","1,568,000","729,000","2,172,000","-18,577,000","1,672,000","534,000","4,226,000","5,954,000","1,412,000","8,473,000","4,553,000","6,924,000","6,363,000","1,322,000","7,436,000","6,248,000","7,938,000","9,805,000","7,744,000","4,884,000","3,320,000","9,359,000","5,724,000","4,108,000","4,193,000","2,837,000","4,521,000","2,786,000","2,943,000","3,673,000","832,000","282,000","1,917,000","3,219,000","2,398,000","1,657,000","2,131,000","4,456,000","2,806,000","4,200,000","2,900,000","3,900,000","4,000,000","5,100,000","3,800,000","3,800,000","3,400,000","5,000,000","3,500,000","3,000,000","2,900,000","4,400,000","2,300,000","900,000","-1,300,000","1,700,000","200,000","-1,600,000","1,200,000","4,100,000","3,300,000","3,400,000","3,000,000","4,000,000","2,700,000","2,500,000","2,300,000","3,100,000","2,000,000","2,200,000","1,800,000","2,300,000","1,700,000","1,000,000","1,000,000","600,000","800,000","300,000","300,000","1,900,000","2,400,000",,,,,,,,,,,,,,,,
NetIncomeCommonStockholders,"160,261,000","57,408,000","25,408,000","25,985,000","51,460,000","28,468,000","-12,217,000","-10,604,000","-6,087,000","-66,784,000","15,332,000","1,668,000","29,836,000","21,657,000","16,679,000","1,861,000","27,184,000","20,567,000","24,132,000","1,072,000","22,689,000","17,197,000","10,006,000","-1,598,000","23,875,000","20,177,000","17,471,000","-2,144,000","-2,020,000","17,256,000","15,794,000","-74,000","15,069,000","14,969,000","14,973,000","889,000","15,806,000","13,623,000","5,277,000","3,010,000","5,028,000","18,002,000","7,052,000","1,624,000","2,604,000","18,100,000","53,392,000","5,550,000","7,219,000","12,497,000","3,341,000","4,238,000","533,000","6,512,000","-281,577,000","4,775,000","1,473,000","9,517,000","12,603,000","4,776,000","19,294,000","9,740,000","12,153,000","10,950,000","30,979,000","14,601,000","11,008,000","13,883,000","20,599,000","13,988,000","9,072,000","6,168,000","16,494,000","9,540,000","6,840,000","6,842,000","4,627,000","6,927,000","4,263,000","4,510,000","5,627,000","1,357,000","461,000","3,127,000","5,254,000","3,912,000","2,703,000","3,477,000","7,268,000","4,578,000","6,900,000","4,700,000","6,100,000","6,300,000","8,000,000","6,000,000","6,000,000","5,400,000","7,800,000","5,400,000","5,100,000","4,400,000","6,600,000","3,500,000","1,300,000","-2,000,000","2,600,000","300,000","-2,100,000","1,800,000","6,100,000","4,900,000","4,900,000","4,500,000","5,800,000","4,000,000","3,600,000","3,500,000","4,600,000","3,100,000","3,200,000","2,900,000","3,700,000","2,600,000","1,500,000","1,600,000","1,100,000","1,200,000","400,000","500,000","3,000,000","4,000,000",,,,,,,,,,,,,,,,
	NetIncome,"160,261,000","57,408,000","25,408,000","25,985,000","51,460,000","28,468,000","-12,217,000","-10,604,000","-6,087,000","-66,784,000","15,332,000","1,668,000","29,836,000","21,657,000","16,679,000","1,861,000","27,184,000","20,567,000","24,132,000","1,072,000","22,689,000","17,197,000","10,006,000","-1,598,000","23,875,000","20,177,000","17,471,000","-2,144,000","-2,020,000","17,256,000","15,794,000","-74,000","15,069,000","14,969,000","14,973,000","889,000","15,806,000","13,623,000","5,277,000","3,010,000","5,028,000","18,002,000","7,052,000","1,624,000","2,604,000","18,100,000","53,392,000","5,550,000","7,219,000","12,497,000","3,341,000","4,238,000","533,000","6,512,000","-281,577,000","4,775,000","1,473,000","9,517,000","12,603,000","4,776,000","19,294,000","9,740,000","12,153,000","10,950,000","30,979,000","14,601,000","11,008,000","13,883,000","20,599,000","13,988,000","9,072,000","6,168,000","16,494,000","9,540,000","6,840,000","6,842,000","4,627,000","6,927,000","4,263,000","4,510,000","5,627,000","1,357,000","461,000","3,127,000","5,254,000","3,912,000","2,703,000","3,477,000","7,268,000","4,578,000","6,900,000","4,700,000","6,100,000","6,300,000","8,000,000","6,000,000","6,000,000","5,400,000","7,800,000","5,400,000","5,100,000","4,400,000","6,600,000","3,500,000","1,300,000","-2,000,000","2,600,000","300,000","-2,100,000","1,800,000","6,100,000","4,900,000","4,900,000","4,500,000","5,800,000","4,000,000","3,600,000","3,500,000","4,600,000","3,100,000","3,200,000","2,900,000","3,700,000","2,600,000","1,500,000","1,600,000","1,100,000","1,200,000","400,000","500,000","3,000,000","4,000,000",,,,,,,,,,,,,,,,
		NetIncomeIncludingNoncontrollingInterests,"160,261,000","57,408,000","25,408,000","25,985,000","51,460,000","28,468,000","-12,217,000","-10,604,000","-6,087,000","-66,784,000","15,332,000","1,668,000","29,836,000","21,657,000","16,679,000","1,861,000","27,184,000","20,567,000","24,132,000","1,072,000","22,689,000","17,197,000","10,006,000","-1,598,000","23,875,000","20,177,000","17,471,000","-2,144,000","-2,020,000","17,256,000","15,794,000","-74,000","15,069,000","14,969,000","14,973,000","889,000","15,806,000","13,623,000","5,277,000","3,010,000","5,028,000","18,002,000","7,052,000","1,624,000","2,604,000","18,100,000","53,392,000","5,550,000","7,219,000","12,497,000","3,341,000","4,238,000","533,000","6,512,000","-281,577,000","4,775,000","1,473,000","9,517,000","12,603,000","4,776,000","19,294,000","9,740,000","12,153,000","10,950,000","30,979,000","14,601,000","11,008,000","13,883,000","20,599,000","13,988,000","9,072,000","6,168,000","16,494,000","9,540,000","6,840,000","6,842,000","4,627,000","6,927,000","4,263,000","4,510,000","5,627,000","1,357,000","461,000","3,127,000","5,254,000","3,912,000","2,703,000","3,477,000","7,268,000","4,578,000","6,900,000","4,700,000","6,100,000","6,300,000","8,000,000","6,000,000","6,000,000","5,400,000","7,800,000","5,400,000","5,100,000","4,400,000","6,600,000","3,500,000","1,300,000","-2,000,000","2,600,000","300,000","-2,100,000","1,800,000","6,100,000","4,900,000","4,900,000","4,500,000","5,800,000","4,000,000","3,600,000","3,500,000","4,600,000","3,100,000","3,200,000","2,900,000","3,700,000","2,600,000","1,500,000","1,600,000","1,100,000","1,200,000","400,000","500,000","3,000,000","4,000,000","2,500,000","1,100,000","2,700,000","3,500,000","-6,100,000","-4,700,000","1,100,000","3,400,000","1,700,000","2,800,000","2,900,000","3,200,000","2,600,000","2,300,000","2,800,000","2,700,000"
			NetIncomeContinuousOperations,"160,261,000","57,408,000","25,408,000","25,985,000","51,460,000","28,468,000","-12,217,000","-10,604,000","-6,087,000","-66,784,000","15,332,000","1,668,000","29,836,000","21,657,000","16,679,000","1,861,000","27,184,000","20,567,000","23,743,000","1,072,000","22,689,000","17,197,000","12,044,000","-1,598,000","23,875,000","20,177,000","17,554,000","-1,390,000","21,050,000","21,324,000","15,794,000","-74,000","15,069,000","14,969,000","14,973,000","889,000","15,806,000","13,623,000","5,277,000","3,010,000","5,028,000","18,002,000","7,052,000","1,611,000","3,520,000","17,060,000","1,713,000","1,319,000","7,219,000","12,497,000","3,341,000","4,238,000","533,000","6,512,000","-281,577,000","4,775,000","1,473,000","9,517,000","12,603,000","4,776,000","19,294,000","9,726,000","12,145,000","11,155,000","11,709,000","14,601,000","11,008,000","13,883,000","20,599,000","13,988,000","9,072,000","6,168,000","16,494,000","9,540,000","6,840,000","6,842,000","4,627,000","6,927,000","4,263,000","4,510,000","5,627,000","1,357,000","461,000","3,127,000","5,254,000","3,912,000","2,703,000","3,477,000","7,268,000","4,578,000","6,900,000","4,700,000","6,100,000","6,300,000","8,000,000","6,000,000","6,000,000","5,400,000","7,800,000","5,400,000","5,100,000","4,400,000","6,600,000","3,500,000","1,300,000","-2,000,000","2,600,000","300,000","-2,100,000","1,800,000","6,100,000","4,900,000","4,900,000","4,500,000","5,800,000","4,000,000","3,600,000","3,500,000","4,600,000","3,100,000","3,200,000","2,900,000","3,700,000","2,600,000","1,500,000","1,600,000","1,100,000","1,200,000","400,000","500,000","3,000,000","4,000,000","2,500,000","1,100,000","2,700,000","3,500,000","-6,100,000","-4,700,000","1,100,000","3,400,000","1,700,000","2,800,000","2,900,000","3,200,000","2,600,000","2,300,000","2,800,000","2,700,000"
			NetIncomeDiscontinuousOperations,,,,,,,,,,,,,,,"0",,,,"389,000","0","0","0","-2,038,000","0","0","0","-83,000","-754,000","-23,070,000","-4,068,000",,,,,,,,,"0","0","0","0","0","13,000","-916,000","1,040,000","51,679,000","4,231,000",,,,,,,,,,,,,"0","14,000","8,000","-205,000",,,,,,,,,,,,,,,,,,,,,,,,,,,,,,,,,,,,,,,,,,,,,,,,,,,,,,,,,,,,,,,,,,,,,,,,,,,,,,,,,,,,
DilutedNIAvailtoComStockholders,"160,261,000","57,408,000","25,408,000","25,985,000","51,460,000","28,468,000","-12,217,000","-10,604,000","-6,087,000","-66,784,000","15,332,000","1,668,000","29,836,000","21,657,000","16,679,000","1,861,000","27,184,000","20,567,000","24,132,000","1,072,000","22,689,000","17,197,000","10,006,000","-1,598,000","23,875,000","20,177,000","17,471,000","-2,144,000","-2,020,000","17,256,000","15,794,000","-74,000","15,069,000","14,969,000","14,973,000","889,000","15,806,000","13,623,000","5,277,000","3,010,000","5,028,000","18,002,000","7,052,000","1,624,000","2,604,000","18,100,000","53,392,000","5,550,000","7,219,000","12,497,000","3,341,000","4,238,000","533,000","6,512,000","-281,577,000","4,775,000","1,473,000","9,517,000","12,603,000","4,776,000","19,294,000","9,740,000","12,153,000","10,950,000","30,979,000","14,601,000","11,008,000","13,883,000","20,599,000","13,988,000","9,072,000","6,168,000","16,494,000","9,540,000","6,840,000","6,842,000","4,627,000","6,927,000","4,263,000","4,510,000","5,627,000","1,357,000","461,000","3,127,000","5,254,000","3,912,000","2,703,000","3,477,000","7,268,000","4,578,000","6,900,000","4,700,000","6,100,000","6,300,000","8,000,000","6,000,000","6,000,000","5,400,000","7,800,000","5,400,000","5,100,000","4,400,000","6,600,000","3,500,000","1,300,000","-2,000,000","2,600,000","300,000","-2,100,000","1,800,000","6,100,000","4,900,000","4,900,000","4,500,000","5,800,000","4,000,000","3,600,000","3,500,000","4,600,000","3,100,000","3,200,000","2,900,000","3,700,000","2,600,000","1,500,000","1,600,000","1,100,000","1,200,000","400,000","500,000","3,000,000","4,000,000",,,,,,,,,,,,,,,,
BasicEPS,,"3.52",,"1.56","3.09","1.72","-0.74","-0.64","-0.37","-4.02","0.91","0.1","1.78","1.3","1","0.11","1.63","1.24","1.45","0.06","1.37","1.04","0.61","-0.1","1.45","1.22","1.06","-0.13","-0.12","1.05","0.96","-0.005","0.92","0.91","0.91","0.05","0.96","0.82","0.32","0.18","0.3","1.09",,"0.1","0.16","1.1",,"0.34","0.44","0.76",,"0.27","0.03","0.42",,"0.31","0.09","0.6","0.72","0.27",,"0.55","0.69","0.62",,"0.83","0.63","0.8",,"0.83","0.54","0.37",,"0.59","0.43","0.435",,"0.46","0.285","0.3",,"0.09","0.03","0.21",,"0.265","0.18","0.23",,"0.3","0.445","0.3",,"0.385","0.475","0.34",,"0.305","0.44","0.305",,"0.255","0.375","0.2",,"-0.115","0.15","0.015",,"0.105","0.35","0.28",,"0.26","0.34","0.23",,"0.2","0.265","0.18",,"0.165","0.215","0.15",,"0.09","0.06","0.07",,"0.03","0.155","0.2",,"0.055","0.14","0.175",,"-0.225","0.05","0.15",,"0.125","0.13","0.145",,"0.105","0.125","0.12"
DilutedEPS,,"3.45",,"1.54","3.05","1.7","-0.74","-0.64","-0.37","-4.02","0.9","0.1","1.76","1.29","0.99","0.11","1.61","1.23","1.44","0.06","1.36","1.03","0.6","-0.1","1.44","1.21","1.05","-0.13","-0.12","1.04","0.96","-0.005","0.92","0.91","0.91","0.05","0.96","0.82","0.32","0.18","0.3","1.09",,"0.1","0.16","1.1",,"0.33","0.44","0.76",,"0.27","0.03","0.42",,"0.31","0.09","0.59","0.71","0.27",,"0.54","0.68","0.62",,"0.82","0.62","0.79",,"0.8","0.53","0.36",,"0.58","0.41","0.42",,"0.46","0.28","0.3",,"0.09","0.03","0.21",,"0.265","0.18","0.225",,"0.3","0.44","0.3",,"0.38","0.47","0.335",,"0.3","0.44","0.305",,"0.255","0.375","0.2",,"-0.115","0.15","0.015",,"0.105","0.35","0.28",,"0.26","0.34","0.23",,"0.2","0.265","0.18",,"0.165","0.215","0.15",,"0.09","0.06","0.07",,"0.03","0.155","0.2",,"0.055","0.14","0.175",,"-0.225","0.05","0.15",,"0.125","0.13","0.145",,"0.105","0.125","0.12"
BasicAverageShares,,"16,316,000",,"16,649,000","16,637,000","16,594,000","16,577,000","16,568,000","16,547,000","16,612,000","16,779,000","16,773,000","16,760,000","16,713,000","16,698,000","16,694,000","16,683,000","16,639,000","16,624,000","16,618,000","16,605,000","16,549,000","16,537,000","16,531,000","16,515,000","16,503,000","16,466,000","16,457,000","16,451,000","16,445,000","16,440,000","16,435,000","16,425,000","16,418,000","16,414,000","16,406,000","16,394,000","16,586,000","16,585,000","16,580,000","16,554,000","16,531,000",,"16,502,000","16,514,000","16,515,000",,"16,564,000","16,540,000","16,490,000",,"15,599,000","15,565,000","15,519,000",,"15,489,000","15,578,000","15,981,000","17,553,000","17,782,000",,"17,695,000","17,654,000","17,594,000",,"17,533,000","17,490,000","17,391,000",,"16,816,000","16,761,159","16,712,800",,"16,197,415","16,170,814","15,819,780",,"15,036,118","15,031,858","15,031,154",,"15,025,270","15,019,562","14,878,336",,"14,753,566","14,943,416","15,274,770",,"15,302,230","15,424,318","15,666,667",,"16,363,636","16,842,105","17,647,059",,"17,704,918","17,727,273","17,704,918",,"17,254,902","17,600,000","17,500,000",,"17,391,304","17,333,333","20,000,000",,"17,142,857","17,428,571","17,500,000",,"17,307,692","17,058,824","17,391,304",,"17,500,000","17,358,491","17,222,222",,"17,575,758","17,209,302","17,333,333",,"17,777,778","18,333,333","17,142,857",,"16,666,667","19,354,839","20,000,000",,"19,878,000","19,948,000","19,948,000",,"19,948,000","22,106,000","22,106,000",,"22,106,000","22,420,000","22,354,000",,"22,240,000","22,212,000","22,188,000"
DilutedAverageShares,,"16,622,000",,"16,872,000","16,859,000","16,792,000","16,577,000","16,568,000","16,547,000","16,612,000","16,965,000","16,934,000","16,907,000","16,848,000","16,890,000","16,870,000","16,840,000","16,769,000","16,802,000","16,735,000","16,700,000","16,695,000","16,689,000","16,531,000","16,623,000","16,617,000","16,600,000","16,457,000","16,547,000","16,525,000","16,502,000","16,435,000","16,460,000","16,450,000","16,444,000","16,435,000","16,423,000","16,611,000","16,608,000","16,591,000","16,570,000","16,552,000",,"16,517,000","16,531,000","16,525,000",,"16,576,000","16,552,000","16,503,000",,"15,965,000","15,674,000","15,545,000",,"15,581,000","15,653,000","16,085,000","17,657,000","17,940,000",,"17,897,000","17,863,000","17,778,000",,"17,768,000","17,747,000","17,666,000",,"17,215,000","17,215,771","17,203,323",,"16,670,010","16,605,400","16,219,846",,"15,133,584","15,087,312","15,121,348",,"15,147,866","15,079,478","14,974,546",,"14,753,566","14,960,562","15,308,850",,"15,325,132","15,503,222","15,666,667",,"16,578,947","17,021,277","17,910,448",,"18,000,000","17,727,273","17,704,918",,"17,254,902","17,600,000","17,500,000",,"17,391,304","17,333,333","20,000,000",,"17,142,857","17,428,571","17,500,000",,"17,307,692","17,058,824","17,391,304",,"17,500,000","17,358,491","17,222,222",,"17,575,758","17,209,302","17,333,333",,"17,777,778","18,333,333","17,142,857",,"16,666,667","19,354,839","20,000,000",,"19,878,000","19,948,000","19,948,000",,"19,948,000","22,106,000","22,106,000",,"22,106,000","22,420,000","22,354,000",,"22,240,000","22,212,000","22,188,000"
TotalOperatingIncomeAsReported,"206,588,000","75,978,000","32,007,000","30,607,000","67,996,000","34,893,000","-16,625,000","-13,718,000","-8,017,000","-85,489,000","21,080,000","2,594,000","40,259,000","29,742,000","22,001,000","3,705,000","36,513,000","28,373,000","18,515,000","1,124,000","36,402,000","29,959,000","19,516,000","-327,000","38,690,000","32,006,000","28,451,000","-1,166,000","34,746,000","35,482,000","25,703,000","2,606,000","26,825,000","28,469,000","26,346,000","4,551,000","27,712,000","26,061,000","9,945,000","5,920,000","20,318,000","32,788,000","13,567,000","6,816,000","17,711,000","30,713,000","8,081,000","6,431,000","15,366,000","21,421,000","9,290,000","11,108,000","7,507,000","13,249,000","-302,973,000","12,884,000","93,030,000","20,075,000","24,487,000","11,184,000","32,785,000","19,672,000","25,020,000","23,010,000","15,762,000","29,072,000","24,578,000","28,704,000","37,768,000","28,739,000","20,811,000","17,409,000","31,667,000","21,519,000","17,046,000","16,781,000","9,250,000","11,495,000","7,110,000","7,494,000","9,466,000","2,215,000","721,000","5,117,000","9,716,000","7,581,000","5,608,000","6,716,000","12,908,000","8,207,000","12,000,000","8,500,000","11,000,000","11,600,000","14,700,000","10,500,000","10,700,000","9,500,000","13,800,000","9,800,000","8,900,000","8,500,000","12,000,000","6,900,000","3,300,000","-2,100,000","6,300,000","2,400,000","-2,400,000","4,000,000","11,200,000","8,900,000","8,900,000","8,000,000","10,400,000","7,200,000","6,600,000","6,400,000","8,300,000","5,600,000","5,900,000","5,200,000","6,500,000","4,700,000","3,100,000","3,300,000","2,700,000","2,900,000","1,600,000","1,700,000","5,800,000","7,300,000",,,,,,,,,,,,,,,,
TotalExpenses,"1,022,310,000","276,603,000","267,909,000","217,122,000","260,676,000","230,869,000","237,992,000","188,853,000","200,005,000","185,380,000","276,516,000","238,627,000","261,741,000","252,231,000","276,534,000","229,957,000","266,128,000","244,255,000","274,664,000","234,836,000","248,307,000","242,404,000","241,533,000","222,635,000","244,306,000","224,229,000","231,131,000","199,790,000","215,943,000","224,912,000","248,682,000","216,782,000","219,353,000","229,111,000","223,949,000","192,887,000","207,243,000","208,073,000","220,016,000","175,494,000","186,611,000","198,165,000","202,932,000","163,464,000","166,957,000","177,595,000","165,063,000","133,196,000","175,196,000","204,011,000","185,288,000","193,026,000","188,296,000","205,951,000","205,322,000","231,302,000","137,490,000","252,867,000","269,999,000","226,763,000","254,462,000","246,923,000","265,967,000","261,068,000","66,138,000","327,016,000","310,074,000","307,774,000","349,087,000","320,356,000","292,058,000","1,012,327,000","307,479,000","259,899,000","236,837,000","225,324,000","188,823,000","197,474,000","178,311,000","164,645,000","182,245,000","147,280,000","155,807,000","174,413,000","206,138,000","189,823,000","189,261,000","197,652,000","233,477,000","179,259,000","207,900,000","177,200,000","214,200,000","194,400,000","217,800,000","188,100,000","183,800,000","169,200,000","194,300,000","183,400,000","151,100,000","159,000,000","191,200,000","165,600,000","146,200,000","140,700,000","180,800,000","186,900,000","148,800,000","149,100,000","181,000,000","156,400,000","145,100,000","135,100,000","168,300,000","141,500,000","127,800,000","134,300,000","155,300,000","128,700,000","130,500,000","120,600,000","136,100,000","118,300,000","114,100,000","116,700,000","135,500,000","127,500,000","134,900,000","123,300,000","136,400,000","139,400,000",,,,,,,,,,,,,,,,
NetIncomeFromContinuingAndDiscontinuedOperation,"160,261,000","57,408,000","25,408,000","25,985,000","51,460,000","28,468,000","-12,217,000","-10,604,000","-6,087,000","-66,784,000","15,332,000","1,668,000","29,836,000","21,657,000","16,679,000","1,861,000","27,184,000","20,567,000","24,132,000","1,072,000","22,689,000","17,197,000","10,006,000","-1,598,000","23,875,000","20,177,000","17,471,000","-2,144,000","-2,020,000","17,256,000","15,794,000","-74,000","15,069,000","14,969,000","14,973,000","889,000","15,806,000","13,623,000","5,277,000","3,010,000","5,028,000","18,002,000","7,052,000","1,624,000","2,604,000","18,100,000","53,392,000","5,550,000","7,219,000","12,497,000","3,341,000","4,238,000","533,000","6,512,000","-281,577,000","4,775,000","1,473,000","9,517,000","12,603,000","4,776,000","19,294,000","9,740,000","12,153,000","10,950,000","30,979,000","14,601,000","11,008,000","13,883,000","20,599,000","13,988,000","9,072,000","6,168,000","16,494,000","9,540,000","6,840,000","6,842,000","4,627,000","6,927,000","4,263,000","4,510,000","5,627,000","1,357,000","461,000","3,127,000","5,254,000","3,912,000","2,703,000","3,477,000","7,268,000","4,578,000","6,900,000","4,700,000","6,100,000","6,300,000","8,000,000","6,000,000","6,000,000","5,400,000","7,800,000","5,400,000","5,100,000","4,400,000","6,600,000","3,500,000","1,300,000","-2,000,000","2,600,000","300,000","-2,100,000","1,800,000","6,100,000","4,900,000","4,900,000","4,500,000","5,800,000","4,000,000","3,600,000","3,500,000","4,600,000","3,100,000","3,200,000","2,900,000","3,700,000","2,600,000","1,500,000","1,600,000","1,100,000","1,200,000","400,000","500,000","3,000,000","4,000,000",,,,,,,,,,,,,,,,
NormalizedIncome,"160,261,000","57,408,000","25,408,000","25,985,000","51,460,000","28,468,000","-12,217,000","-10,604,000","-6,087,000","-19,933,700","15,332,000","1,668,000","29,836,000","21,657,000","16,679,000","1,861,000","27,184,000","20,567,000","23,743,000","1,072,000","22,689,000","17,197,000","12,044,000","-1,598,000","23,875,000","20,177,000","17,554,000","-1,390,000","21,050,000","21,324,000","15,837,587.953","-29,150","15,113,200","15,013,850","15,017,850","933,200","15,850,850","13,667,850","9,362,250","3,010,000","10,875,984.226","18,002,000","-4,717,660.647","2,139,974.808","9,108,635.226","17,060,000","1,713,000","1,319,000","7,219,000","12,497,000","3,341,000","4,238,000","-1,362,400","6,512,000","18,776,240.38","1,379,839.46","-1,720,334.828","6,616,818.38","8,884,649.782","1,855,446.671","14,966,451.759","7,377,428.812","9,664,920.814","9,313,450.736","8,911,815.056","12,535,777.102","8,677,667.13","11,808,280.097","18,501,430.47","11,471,936.499","6,926,208.083","5,028,402.192","15,305,421.421","8,958,125","6,127,760.322","6,110,367.92","4,627,000","6,927,000","4,263,000","4,510,000","5,627,000","1,357,000","461,000","3,127,000","5,254,000","3,912,000","2,703,000","3,477,000","7,268,000","4,578,000","6,900,000","4,700,000","6,100,000","6,300,000","8,000,000","6,000,000","6,000,000","5,400,000","7,800,000","5,400,000","5,100,000","4,400,000","6,600,000","3,500,000","1,300,000","-2,000,000","2,600,000","300,000","-2,100,000","1,800,000","6,100,000","4,900,000","4,900,000","4,500,000","5,800,000","4,000,000","3,600,000","3,500,000","4,600,000","3,100,000","3,200,000","2,900,000","3,700,000","2,600,000","1,500,000","1,600,000","1,100,000","1,200,000","400,000","500,000","3,000,000","4,000,000",,,,,,,,,,,,,,,,
InterestExpense,"934,000","242,000","259,000","222,000","211,000","252,000","355,000","339,000","676,000","658,000","74,000","81,000","419,000","671,000","411,000","489,000","602,000","781,000","754,000","683,000","742,000","930,000","916,000","716,000","1,177,000","614,000","497,000","449,000","737,000","773,000","701,000","788,000","921,000","1,073,000","996,000","1,195,000","1,042,000","936,000","1,063,000","959,000","3,314,000","3,603,000","3,489,000","3,705,000","4,268,000","4,804,000","4,772,000","5,095,000","5,143,000","5,009,000","5,249,000","5,302,000","6,245,000","4,565,000",,,,,,,,,,,,,,,,,,,,,,,,,,,,,,,,,,,,,,,,,,,,,,,,,,,,,,,,,,,,,,,,,,,,,,,,,,,,,,,,,,,,,,,,,,,,,,
NetInterestIncome,"-934,000","-242,000","-259,000","-222,000","-211,000","-252,000","-355,000","-339,000","-676,000","-658,000","-74,000","-81,000","-419,000","-671,000","-411,000","-489,000","-602,000","-781,000","-754,000","-683,000","-742,000","-930,000","-916,000","-716,000","-1,177,000","-614,000","-497,000","-449,000","-737,000","-773,000","-701,000","-788,000","-921,000","-1,073,000","-996,000","-1,195,000","-1,042,000","-936,000","-1,063,000","-959,000","-3,314,000","-3,603,000","-3,489,000","-3,705,000","-4,268,000","-4,804,000","-4,772,000","-5,095,000","-5,143,000","-5,009,000","-5,249,000","-5,302,000","-6,245,000","-4,565,000",,,,,,,,,,,,,,,,,,,,,,,,,,,,,,,,,,,,,,,,,,,,,,,,,,,,,,,,,,,,,,,,,,,,,,,,,,,,,,,,,,,,,,,,,,,,,,
EBIT,"206,588,000","75,978,000","32,007,000","30,607,000","67,996,000","34,893,000","-16,625,000","-13,718,000","-8,017,000","-85,489,000","21,080,000","2,594,000","40,259,000","29,742,000","22,001,000","3,705,000","36,513,000","28,373,000","18,515,000","1,124,000","36,402,000","29,959,000","19,516,000","-327,000","38,690,000","32,006,000","28,451,000","-1,166,000","34,746,000","35,482,000","25,703,000","2,606,000","26,825,000","28,469,000","26,346,000","4,551,000","27,712,000","26,061,000","9,945,000","5,920,000","11,175,000","32,788,000","13,567,000","6,047,000","9,463,000","30,713,000","8,081,000","6,431,000","15,366,000","21,421,000","9,290,000","11,108,000","7,507,000","13,249,000","-295,206,000","12,884,000","93,030,000","20,075,000","24,487,000","11,184,000","32,785,000","19,672,000","25,020,000","23,010,000","15,760,000","29,072,000","24,578,000","28,704,000","37,768,000","28,739,000","20,811,000","-747,537,000","31,667,000","21,519,000","17,046,000","16,781,000","9,250,000","11,495,000","7,110,000","7,494,000","9,466,000","2,215,000","721,000","5,117,000","9,716,000","7,581,000","5,608,000","6,716,000","12,908,000","8,207,000","12,000,000","8,500,000","11,000,000","11,600,000","14,700,000","10,500,000","10,700,000","9,500,000","13,800,000","9,800,000","8,900,000","8,500,000","12,000,000","6,900,000","3,300,000","-2,100,000","6,300,000","2,400,000","-2,400,000","4,000,000","11,200,000","8,900,000","8,900,000","8,000,000","10,400,000","7,200,000","6,600,000","6,400,000","8,300,000","5,600,000","5,900,000","5,200,000","6,500,000","4,700,000","3,100,000","3,300,000","2,700,000","2,900,000","1,600,000","1,700,000","5,800,000","7,300,000","-414,500,000","132,900,000","154,100,000","147,500,000","-455,700,000","138,500,000","151,000,000","151,400,000","-384,000,000","135,000,000","143,700,000","129,000,000","-381,400,000","119,000,000","147,200,000","137,400,000"
EBITDA,"247,037,000"
ReconciledCostOfRevenue,"462,888,000","126,204,000","122,447,000","95,191,000","119,046,000","99,177,000","101,240,000","78,866,000","87,251,000","66,269,000","131,203,000","108,241,000","122,175,000","116,204,000","134,133,000","104,383,000","123,344,000","108,482,000","131,102,000","110,784,000","118,740,000","112,953,000","114,392,000","104,029,000","117,290,000","104,103,000","114,845,000","90,735,000","99,603,000","106,002,000","125,464,000","106,511,000","100,831,000","110,321,000","112,499,000","92,721,000","98,175,000","100,128,000","111,005,000","84,592,000","88,649,000","101,739,000","96,047,000","76,114,000","72,680,000","85,839,000","67,882,000","61,712,000","94,313,000","111,802,000","100,004,000","115,446,000","109,708,000","122,337,000","103,059,000","146,841,000","127,999,000","151,193,000","174,642,000","135,622,000","162,432,000","153,250,000","174,677,000","171,603,000","1,136,000","228,019,000","218,890,000","216,293,000","242,716,000","231,490,000","208,839,000","174,372,000","229,199,000","190,760,000","173,555,000","168,238,000","156,923,000","166,056,000","148,235,000","133,677,000","151,240,000","120,583,000","128,983,000","143,210,000","176,788,000","160,599,000","159,073,000","167,024,000","196,522,000","150,165,000","179,800,000","149,900,000","182,300,000","163,900,000","186,400,000","156,700,000","151,400,000","141,100,000","164,400,000","154,700,000","122,900,000","131,100,000","164,200,000","138,900,000","117,400,000","113,900,000","153,100,000","155,200,000","125,000,000","126,100,000","153,200,000","131,600,000","119,900,000","112,100,000","142,000,000","117,800,000","105,500,000","111,300,000","130,300,000","106,400,000","107,300,000","98,500,000","112,500,000","96,400,000","91,700,000","93,100,000","111,300,000","103,800,000","111,500,000","99,500,000","112,000,000","114,400,000",,,,,,,,,,,,,,,,
ReconciledDepreciation,"40,449,000","10,190,000","10,690,000","9,877,000","9,692,000","9,683,000","5,863,000","10,572,000","12,958,000","10,693,000","10,108,000","10,193,000","9,849,000","10,137,000","10,557,000","10,336,000","11,471,000","10,126,000","10,890,000","10,944,000","10,378,000","10,190,000","11,405,000","10,416,000","10,444,000","9,954,000","9,499,000","9,097,000","8,403,000","9,428,000","9,882,000","9,324,000","9,304,000","9,136,000","9,181,000","8,963,000","8,532,000","7,226,000","8,136,000","6,477,000","5,694,000","6,028,000","10,993,000","5,725,000","5,329,000","5,107,000","5,089,000","4,471,000","4,637,000","4,616,000","5,700,000","5,154,000","4,951,000","4,931,000","4,312,000","4,408,000","9,908,000","6,228,000","6,126,000","6,064,000","6,891,000","6,728,000","6,060,000","5,911,000","6,548,000","6,458,000","6,184,000","6,006,000","7,040,000","6,317,000","6,351,000","7,208,000","5,970,000","5,268,000","5,173,000","4,654,000","1,503,000","1,466,000","1,555,000","1,463,000","2,443,000","2,139,000","2,148,000","2,158,000","2,356,000","2,370,000","2,321,000","2,202,000","2,754,000","2,339,000","2,200,000","2,100,000","2,400,000","2,200,000","2,400,000","1,900,000","2,100,000","2,100,000","2,000,000","1,900,000","2,200,000","2,800,000","2,100,000","2,000,000","2,700,000","2,200,000","2,100,000","1,900,000","2,200,000","1,900,000","1,900,000","1,800,000","1,900,000","1,800,000","1,700,000","1,600,000","1,800,000","1,700,000","1,500,000","1,500,000","1,700,000","1,600,000","1,500,000","1,500,000","1,700,000","1,600,000","1,400,000","1,500,000","1,700,000","1,700,000","1,600,000","1,600,000",,,,,,,,,,,,,,,,
NetIncomeFromContinuingOperationNetMinorityInterest,"160,261,000","57,408,000","25,408,000","25,985,000","51,460,000","28,468,000","-12,217,000","-10,604,000","-6,087,000","-66,784,000","15,332,000","1,668,000","29,836,000","21,657,000","16,679,000","1,861,000","27,184,000","20,567,000","23,743,000","1,072,000","22,689,000","17,197,000","12,044,000","-1,598,000","23,875,000","20,177,000","17,554,000","-1,390,000","21,050,000","21,324,000","15,794,000","-74,000","15,069,000","14,969,000","14,973,000","889,000","15,806,000","13,623,000","5,277,000","3,010,000","5,028,000","18,002,000","7,052,000","1,611,000","3,520,000","17,060,000","1,713,000","1,319,000","7,219,000","12,497,000","3,341,000","4,238,000","533,000","6,512,000","-281,577,000","4,775,000","1,473,000","9,517,000","12,603,000","4,776,000","19,294,000","9,726,000","12,145,000","11,155,000","11,709,000","14,601,000","11,008,000","13,883,000","20,599,000","13,988,000","9,072,000","6,168,000","16,494,000","9,540,000","6,840,000","6,842,000","4,627,000","6,927,000","4,263,000","4,510,000","5,627,000","1,357,000","461,000","3,127,000","5,254,000","3,912,000","2,703,000","3,477,000","7,268,000","4,578,000","6,900,000","4,700,000","6,100,000","6,300,000","8,000,000","6,000,000","6,000,000","5,400,000","7,800,000","5,400,000","5,100,000","4,400,000","6,600,000","3,500,000","1,300,000","-2,000,000","2,600,000","300,000","-2,100,000","1,800,000","6,100,000","4,900,000","4,900,000","4,500,000","5,800,000","4,000,000","3,600,000","3,500,000","4,600,000","3,100,000","3,200,000","2,900,000","3,700,000","2,600,000","1,500,000","1,600,000","1,100,000","1,200,000","400,000","500,000","3,000,000","4,000,000",,,,,,,,,,,,,,,,
TotalUnusualItemsExcludingGoodwill,"0",,"0","0","0","0","0","0","0","-60,452,000",,,,,,,,,,,,,,,,,,"0","0","0","-69,000","-69,000","-68,000","-69,000","-69,000","-68,000","-69,000","-69,000","-6,285,000","0","-9,143,000",,"16,820,000","-769,000","-8,248,000",,,"3,982,000","4,031,000","3,841,000",,"3,596,000","2,916,000",,"-320,169,000","4,584,000","4,351,000","4,188,000","5,475,000","3,784,000","6,228,000","3,448,000","3,894,000","2,892,000","3,113,000","3,117,000","3,653,000","3,261,000","3,096,000","3,909,000","3,301,000","1,753,000","1,863,000","931,000","1,140,000","1,180,000",,,,,,,,,,,,,,,,,,,,,,,,,,,,,,,,,,,,,,,,,,,,,,,,,,,,,,,,,,,,,,,,,,,,,,,,
TotalUnusualItems,"0",,"0","0","0","0","0","0","0","-60,452,000",,,,,,,,,,,,,,,,,,"0","0","0","-69,000","-69,000","-68,000","-69,000","-69,000","-68,000","-69,000","-69,000","-6,285,000","0","-9,143,000",,"16,820,000","-769,000","-8,248,000",,,"3,982,000","4,031,000","3,841,000",,"3,596,000","2,916,000",,"-320,169,000","4,584,000","4,351,000","4,188,000","5,475,000","3,784,000","6,228,000","3,448,000","3,894,000","2,892,000","3,113,000","3,117,000","3,653,000","3,261,000","3,096,000","3,909,000","3,301,000","1,753,000","1,863,000","931,000","1,140,000","1,180,000",,,,,,,,,,,,,,,,,,,,,,,,,,,,,,,,,,,,,,,,,,,,,,,,,,,,,,,,,,,,,,,,,,,,,,,,
NormalizedEBITDA,"247,037,000","86,168,000","42,697,000","40,484,000","77,688,000","44,576,000","-10,762,000","-3,146,000","4,941,000","-14,344,000","31,188,000","12,787,000","50,108,000","39,879,000","32,558,000","14,041,000","47,984,000","38,499,000","29,405,000","12,068,000","46,780,000","40,149,000","30,921,000","10,089,000","49,134,000","41,960,000","37,950,000","7,931,000","43,149,000","44,910,000","35,654,000","11,999,000","36,197,000","37,674,000","35,596,000","13,582,000","36,313,000","33,356,000","24,366,000","12,397,000","26,012,000","38,816,000","7,740,000","12,541,000","23,040,000","35,820,000","13,170,000","10,902,000","20,003,000","26,037,000","14,990,000","16,262,000","9,542,000","18,180,000","29,275,000","12,708,000","98,587,000","22,115,000","25,138,000","13,464,000","33,448,000","22,952,000","27,186,000","26,029,000","19,195,000","32,413,000","27,109,000","31,449,000","41,712,000","31,147,000","23,861,000","-742,082,000","35,774,000","25,856,000","21,079,000","20,255,000","10,753,000","12,961,000","8,665,000","8,957,000","11,909,000","4,354,000","2,869,000","7,275,000","12,072,000","9,951,000","7,929,000","8,918,000","15,662,000","10,551,000","14,200,000","10,600,000","13,400,000","13,800,000","17,100,000","12,400,000","12,800,000","11,600,000","15,800,000","11,700,000","11,100,000","11,300,000","14,100,000","8,900,000","6,000,000","100,000","8,400,000","4,300,000","-200,000","5,900,000","13,100,000","10,700,000","10,800,000","9,800,000","12,100,000","8,800,000","8,400,000","8,100,000","9,800,000","7,100,000","7,600,000","6,800,000","8,000,000","6,200,000","4,800,000","4,900,000","4,200,000","4,400,000","3,300,000","3,400,000","7,400,000","8,900,000","-414,500,000","132,900,000","154,100,000","147,500,000","-455,700,000","138,500,000","151,000,000","151,400,000","-384,000,000","135,000,000","143,700,000","129,000,000","-381,400,000","119,000,000","147,200,000","137,400,000"
TaxRateForCalcs,"0.221","0.242","0.2","0.145","0.241","0.178","0.281","0.246","0.3","0.225","0.27","0.336","0.251","0.255","0.227","0.27","0.243","0.255","0.27","0.4","0.364","0.4","0.352","0.4","0.364","0.357","0.372","0.139","0.381","0.386","0.368","0.35","0.35","0.35","0.35","0.35","0.35","0.35","0.35","0.393","0.36","0.383","0.3","0.312","0.322","0.342","0.35","0.013","0.294","0.239","0.173","0.27","0.35","0.25","0.062","0.259","0.266","0.308","0.321","0.228","0.305","0.319","0.363","0.363","0.101","0.337","0.362","0.364","0.322","0.356","0.35","0.35","0.362","0.375","0.375","0.38","0.38","0.395","0.395","0.395","0.395","0.38","0.38","0.38","0.38","0.38","0.38","0.38","0.38","0.38","0.378","0.382","0.39","0.388","0.389","0.388","0.388","0.386","0.391","0.393","0.37","0.397","0.4","0.397","0.4","0.394","0.395","0.4","0.4","0.4","0.4","0.4","0.4","0.4","0.4","0.4","0.4","0.397","0.4","0.392","0.4","0.383","0.383","0.395","0.4","0.385","0.353","0.4","0.4","0.375","0.388","0.375",,,,,,,,,,,,,,,,
TaxEffectOfUnusualItems,"0","0","0","0","0","0","0","0","0","-13,601,700","0","0","0","0","0","0","0","0","0","0","0","0","0","0","0","0","0","0","0","0","-25,412.047","-24,150","-23,800","-24,150","-24,150","-23,800","-24,150","-24,150","-2,199,750","0","-3,295,015.774","0","5,050,339.353","-240,025.192","-2,659,364.774","0","0","0","0","0","0","0","1,020,600","0","-19,815,759.62","1,188,839.46","1,157,665.172","1,287,818.38","1,756,649.782","863,446.671","1,900,451.759","1,099,428.812","1,413,920.814","1,050,450.736","315,815.056","1,051,777.102","1,322,667.13","1,186,280.097","998,430.47","1,392,936.499","1,155,208.083","613,402.192","674,421.421","349,125","427,760.322","448,367.92","0","0","0","0","0","0","0","0","0","0","0","0","0","0","0","0","0","0","0","0","0","0","0","0","0","0","0","0","0","0","0","0","0","0","0","0","0","0","0","0","0","0","0","0","0","0","0","0","0","0","0","0","0","0","0","0",,,,,,,,,,,,,,,,