name,ttm,03/31/2022,12/31/2021,09/30/2021,06/30/2021,03/31/2021,12/31/2020,09/30/2020,06/30/2020,03/31/2020,12/31/2019,09/30/2019,06/30/2019,03/31/2019,12/31/2018,09/30/2018,06/30/2018,03/31/2018,12/31/2017,09/30/2017,06/30/2017,03/31/2017,12/31/2016,09/30/2016,06/30/2016,03/31/2016,12/31/2015,09/30/2015,06/30/2015,03/31/2015,12/31/2014,09/30/2014,06/30/2014,03/31/2014,12/31/2013,09/30/2013,06/30/2013,03/31/2013,12/31/2012,09/30/2012,06/30/2012,03/31/2012,12/31/2011,09/30/2011,06/30/2011,03/31/2011,12/31/2010,09/30/2010,06/30/2010,03/31/2010,12/31/2009,09/30/2009,06/30/2009,03/31/2009,12/31/2008,09/30/2008,06/30/2008,03/31/2008,12/31/2007,09/30/2007,06/30/2007,03/31/2007,12/31/2006,09/30/2006,06/30/2006,03/31/2006,12/31/2005,09/30/2005,06/30/2005,03/31/2005,12/31/2004,09/30/2004,06/30/2004,03/31/2004,12/31/2003,09/30/2003,06/30/2003,03/31/2003,12/31/2002,09/30/2002,06/30/2002,03/31/2002,12/31/2001,09/30/2001,06/30/2001,03/31/2001,12/31/2000,09/30/2000,06/30/2000,03/31/2000,12/31/1999,09/30/1999,06/30/1999,03/31/1999,12/31/1998,09/30/1998,06/30/1998,03/31/1998,12/31/1997,09/30/1997,06/30/1997,03/31/1997
TotalRevenue,"1,110,982,000","278,984,000","293,848,000","271,688,000","266,462,000","264,961,000","264,290,000","248,699,000","236,325,000","235,601,000","243,520,000","243,632,000","249,122,000","247,989,000","254,322,000","242,601,000","252,047,000","244,330,000","241,590,000","239,790,000","230,629,000","217,389,000","222,062,000","201,036,000","140,258,000","130,465,000","135,139,000","116,612,000","115,463,000","112,115,000","105,914,000","92,287,000","80,354,000","67,419,000","71,715,000","66,429,000","61,323,000","59,512,000","53,209,000","58,935,000","58,008,000","57,643,000","58,803,000","60,407,000","54,778,000","46,121,000","52,591,000","57,951,000","38,856,000","44,558,000","41,752,000","35,042,000","52,872,000","39,707,000","32,527,000","29,487,000","29,160,000","26,876,000","26,380,000","25,090,000","24,914,000","24,208,000","23,956,000","23,454,000","22,939,000","23,602,000","22,649,000","22,624,000","21,724,000","20,830,000","20,472,000","20,539,000","19,925,000","17,912,000","16,395,000","18,213,000","16,754,000","14,796,000","14,873,000","13,809,000","12,903,000","11,526,000","10,978,000","9,562,000","8,849,000","7,669,000","7,118,000","7,121,000","7,510,000","7,456,000","7,600,000","7,500,000","7,200,000","6,600,000","6,600,000","5,900,000","5,600,000","5,300,000","5,200,000","4,400,000","4,100,000","3,900,000"
	OperatingRevenue,"1,110,982,000","278,984,000","293,848,000","271,688,000","266,462,000","264,961,000","264,290,000","248,699,000","236,325,000","235,601,000","243,520,000","243,632,000","249,122,000","247,989,000","254,322,000","242,601,000","252,047,000","244,330,000","241,590,000","239,790,000","230,629,000","217,389,000","222,062,000","201,036,000","140,258,000","130,465,000","135,139,000","116,612,000","115,463,000","112,115,000","105,914,000","92,287,000","80,354,000","67,419,000","71,715,000","66,429,000","61,323,000","59,512,000","53,209,000","58,935,000","58,008,000","57,643,000","58,803,000","60,407,000","54,778,000","46,121,000","52,591,000","57,951,000","38,856,000","44,558,000","41,752,000","35,042,000","52,872,000","39,707,000","32,527,000","29,487,000","29,160,000","26,876,000","26,380,000","25,090,000","24,914,000","24,208,000","23,956,000","23,454,000","22,939,000","23,602,000","22,649,000","22,624,000","21,724,000","20,830,000","20,472,000","20,539,000","19,925,000","17,912,000","16,395,000","18,213,000","16,754,000","14,796,000","14,873,000","13,809,000","12,903,000","11,526,000","10,978,000","9,562,000","8,849,000","7,669,000","7,118,000","7,121,000","7,510,000","7,456,000","7,600,000","7,500,000","7,200,000","6,600,000","6,600,000","5,900,000","5,600,000","5,300,000","5,200,000","4,400,000","4,100,000","3,900,000"
OperatingIncome,,,,,,,,,,,,,,,,,,,"149,587,000","150,293,000","144,014,000",,,,,,,,"68,994,000",,"52,063,000",,,,"36,283,000","22,350,000","29,885,000",,,,,,,"27,107,000","86,084,000",,,,,,,"12,043,000","13,827,000",,"9,973,000","12,266,000",,,,,"11,788,000",,"10,550,000",,,,"11,843,000",,"11,216,000",,,,,"8,783,000","6,570,000","8,534,000",,,,,"5,900,000",,,,,"3,019,000","2,538,000",,,,,,,"2,200,000","2,200,000","1,900,000",,,,,"1,600,000","1,500,000"
PretaxIncome,"729,581,000","168,913,000","193,963,000","170,998,000","195,709,000","192,253,000","156,117,000","138,492,000","65,205,000","16,367,000","136,039,000","136,458,000","145,239,000","146,601,000","153,778,000","99,844,000","153,330,000","147,106,000","149,587,000","150,293,000","144,014,000","136,628,000","137,156,000","118,514,000","86,009,000","82,679,000","80,202,000","69,516,000","68,994,000","58,057,000","52,062,000","47,659,000","38,729,000","33,998,000","36,284,000","32,607,000","29,885,000","28,537,000","30,194,000","27,173,000","27,671,000","25,960,000","25,188,000","27,107,000","78,584,000","20,631,000","23,218,000","30,086,000","14,346,000","22,887,000","17,151,000","12,043,000","13,827,000","12,920,000","9,973,000","12,266,000","11,718,000","10,670,000","11,174,000","12,258,000","11,788,000","10,970,000","10,550,000","11,197,000","11,422,000","11,942,000","11,843,000","11,554,000","11,216,000","10,835,000","10,126,000","9,733,000","9,270,000","8,783,000","7,771,000","8,126,000","7,508,000","6,896,000","6,553,000","5,950,000","5,503,000","4,943,000","3,930,000","3,439,000","3,048,000","2,622,000","3,728,000","1,148,000","2,545,000","2,494,000","2,200,000","2,300,000","2,400,000","2,200,000","2,100,000","1,900,000","2,000,000","2,100,000","2,000,000","1,900,000","1,600,000","1,500,000"
TaxProvision,"166,480,000","36,410,000","44,197,000","40,713,000","45,161,000","43,818,000","35,607,000","29,251,000","14,948,000","4,509,000","35,240,000","32,574,000","34,726,000","35,889,000","38,750,000","25,665,000","38,589,000","33,973,000","3,433,000","54,246,000","53,488,000","47,417,000","49,311,000","42,470,000","31,514,000","30,984,000","28,741,000","23,385,000","24,190,000","18,139,000","17,300,000","15,579,000","12,251,000","8,730,000","11,894,000","10,224,000","9,506,000","8,526,000","9,518,000","7,883,000","8,584,000","7,950,000","7,603,000","8,220,000","28,380,000","6,004,000","6,304,000","9,878,000","3,488,000","6,944,000","4,472,000","2,599,000","3,250,000","2,537,000","655,000","3,255,000","3,111,000","2,905,000","3,437,000","3,856,000","3,702,000","3,449,000","3,195,000","3,187,000","3,491,000","3,545,000","3,460,000","3,483,000","3,503,000","3,513,000","3,115,000","3,086,000","3,010,000","2,818,000","2,159,000","2,852,000","2,668,000","2,421,000","2,372,000","2,254,000","2,068,000","1,849,000","1,347,000","1,138,000","835,000","760,000","595,000","255,000","730,000","708,000","500,000","600,000","700,000","700,000","700,000","500,000","600,000","700,000","700,000","700,000","600,000","500,000"
NetIncomeCommonStockholders,"558,613,000","128,028,000","149,761,000","130,290,000","150,535,000","148,416,000","120,513,000","109,253,000","50,266,000","11,866,000","100,806,000","103,891,000","110,503,000","110,706,000","115,031,000","74,180,000","114,751,000","113,144,000","146,164,000","96,007,000","90,532,000","89,188,000","87,786,000","76,030,000","54,474,000","51,688,000","51,455,000","46,128,000","44,776,000","39,894,000","34,751,000","32,093,000","26,486,000","25,276,000","24,398,000","22,350,000","20,387,000","20,000,000","20,667,000","19,275,000","19,092,000","18,009,000","17,570,000","18,904,000","50,217,000","14,630,000","16,931,000","20,225,000","10,890,000","15,954,000","9,648,000","8,391,000","9,501,000","9,286,000","9,091,000","9,011,000","8,607,000","7,765,000","7,737,000","8,402,000","8,086,000","7,521,000","7,355,000","8,010,000","7,931,000","8,397,000","8,383,000","8,071,000","7,713,000","7,322,000","7,011,000","6,647,000","6,260,000","5,965,000","5,612,000","5,274,000","4,840,000","4,475,000","4,181,000","3,696,000","3,435,000","3,094,000","2,583,000","2,301,000","2,213,000","1,862,000","1,546,000","893,000","1,815,000","1,786,000","1,700,000","1,700,000","1,700,000","1,500,000","1,400,000","1,400,000","1,400,000","1,400,000","1,300,000","1,200,000","1,000,000","1,000,000"
	NetIncome,"563,093,000","132,508,000","149,761,000","130,290,000","150,535,000","148,416,000","120,513,000","109,253,000","50,266,000","11,866,000","100,806,000","103,891,000","110,503,000","110,706,000","115,031,000","74,180,000","114,751,000","113,144,000","146,164,000","96,007,000","90,532,000","89,188,000","87,786,000","76,030,000","54,474,000","51,688,000","51,455,000","46,128,000","44,776,000","39,894,000","34,751,000","32,093,000","26,486,000","25,276,000","24,398,000","22,350,000","20,387,000","20,000,000","20,667,000","19,275,000","19,092,000","18,009,000","17,534,000","18,904,000","50,217,000","14,630,000","16,931,000","20,225,000","10,890,000","15,954,000","144,000","9,469,000","10,577,000","10,360,000","9,318,000","9,011,000","8,607,000","7,765,000","7,737,000","8,402,000","8,086,000","7,521,000","7,355,000","8,010,000","7,931,000","8,397,000","8,383,000","8,071,000","7,713,000","7,322,000","7,011,000","6,647,000","6,260,000","5,965,000","5,612,000","5,274,000","4,840,000","4,475,000","4,181,000","3,696,000","3,435,000","3,094,000","2,583,000","2,301,000","2,213,000","1,862,000","3,133,000","893,000","1,815,000","1,786,000","1,700,000","1,700,000","1,700,000","1,500,000","1,400,000","1,400,000","1,400,000","1,400,000","1,300,000","1,200,000","1,000,000","1,000,000"
		NetIncomeIncludingNoncontrollingInterests,"563,101,000","132,503,000","149,766,000","130,285,000","150,548,000","148,435,000","120,510,000","109,241,000","50,257,000","11,858,000","100,799,000","103,884,000","110,513,000","110,712,000","115,028,000","74,179,000","114,741,000","113,133,000","146,154,000","96,047,000","90,526,000","89,211,000","87,845,000","76,044,000","54,495,000","51,695,000","51,461,000","46,131,000","44,804,000","39,918,000","34,762,000","32,080,000","26,478,000","25,268,000","24,390,000","22,383,000","20,379,000","20,011,000","20,676,000","19,290,000","19,087,000","18,010,000","17,585,000","18,887,000","50,204,000","14,627,000","16,914,000","20,208,000","10,858,000","15,943,000","12,679,000","9,444,000","10,577,000","10,383,000","9,318,000","9,011,000","8,607,000","7,765,000","7,737,000","8,402,000","8,086,000","7,521,000","7,355,000","8,010,000","7,931,000","8,397,000","8,383,000","8,071,000","7,713,000","7,322,000","7,011,000","6,647,000","6,260,000","5,965,000","4,411,000","5,682,000","5,237,000","4,871,000","4,578,000","4,093,000","3,832,000","3,491,000","2,980,000","2,698,000","2,610,000","2,259,000","1,943,000","1,290,000","2,212,000","2,183,000","2,100,000","2,100,000","1,800,000","1,500,000","1,400,000","1,400,000","1,400,000","1,400,000","1,300,000","1,200,000","1,000,000","1,000,000"
			NetIncomeContinuousOperations,"563,101,000","132,503,000","149,766,000","130,285,000","150,548,000","148,435,000","120,510,000","109,241,000","50,257,000","11,858,000","100,799,000","103,884,000","110,513,000","110,712,000","115,028,000","74,179,000","114,741,000","113,133,000","146,154,000","96,047,000","90,526,000","89,211,000","87,845,000","76,044,000","54,495,000","51,695,000","51,461,000","46,131,000","44,804,000","39,918,000","34,762,000","32,080,000","26,478,000","25,268,000","24,390,000","22,383,000","20,379,000","20,011,000","20,676,000","19,290,000","19,087,000","18,010,000","17,585,000","18,887,000","50,204,000","14,627,000","16,914,000","20,208,000","10,858,000","15,943,000","12,679,000","9,444,000","10,577,000","10,383,000","9,318,000","9,011,000","8,607,000","7,765,000","7,737,000","8,402,000","8,086,000","7,521,000","7,355,000","8,010,000","7,931,000","8,397,000","8,383,000","8,071,000","7,713,000","7,322,000","7,011,000","6,647,000","6,260,000","5,965,000","5,612,000","5,274,000","4,840,000","4,475,000","4,181,000","3,696,000","3,435,000","3,094,000","2,583,000","2,301,000","2,213,000","1,862,000","3,133,000","893,000","1,815,000","1,786,000","1,700,000","1,700,000","1,700,000","1,500,000","1,400,000","1,400,000","1,400,000","1,400,000","1,300,000","1,200,000","1,000,000","1,000,000"
		MinorityInterests,"-8,000","5,000","-5,000","5,000","-13,000","-19,000","3,000","12,000","9,000","8,000","7,000","7,000","-10,000","-6,000","3,000","1,000","10,000","11,000","10,000","-40,000","6,000","-23,000","-59,000","-14,000","-21,000","-7,000","-6,000","-3,000","-28,000","-24,000","-11,000","13,000","8,000","8,000","8,000","-33,000","8,000","-11,000","-9,000","-15,000","5,000","-1,000","-51,000","17,000","13,000","3,000","17,000","17,000","32,000","11,000","17,000","25,000","0","-23,000",,,,,,,,,,,,,,,,,,,,,,"-408,000","-397,000","-396,000","-397,000","-397,000","-397,000","-397,000","-397,000","-397,000","-397,000","-397,000",,"-397,000","-397,000","-397,000","-400,000","-400,000","-100,000",,,,,,,,,
	PreferredStockDividends,,"4,480,000",,,,,,,,,,,,,,,,,,,,,,,,,,,,,,,,,,,,,,,,,,,,,,,,,"-9,504,000","1,078,000","1,076,000","1,074,000",,,,,,,,,,,,,,,,,,,,,,,,,,,,,,,,,,,,,,,,,,,,,,,,
	OtherunderPreferredStockDividend,,,,,,,,,,,,,,,,,,,,,,"-89,188,000","-87,787,000","-76,030,000","-54,474,000","-51,688,000","-51,455,000","-46,128,000","-44,776,000","-39,894,000","-34,752,000","-32,093,000","-26,486,000","-25,276,000","-24,398,000","-22,350,000","-20,387,000","-20,000,000","-20,667,000",,"2,151,000","2,288,000",,,"35,880,000",,,,,,,,"-10,577,000",,,,,,,,,,,,,,,,,,,,,,,,,,,,,,,,,,,,,,,,,,,,,,,,,
DilutedNIAvailtoComStockholders,"558,613,000","128,028,000","149,761,000","130,290,000","150,535,000","148,416,000","120,513,000","109,253,000","50,266,000","11,866,000","100,806,000","103,891,000","110,503,000","110,706,000","115,031,000","74,180,000","114,751,000","113,144,000","146,164,000","96,007,000","90,532,000","89,188,000","87,786,000","76,030,000","54,474,000","51,688,000","51,455,000","46,128,000","44,776,000","39,894,000","34,751,000","32,093,000","26,486,000","25,276,000","24,398,000","22,350,000","20,387,000","20,000,000","20,667,000","19,275,000","19,092,000","18,009,000","17,570,000","18,904,000","50,217,000","14,630,000","16,931,000","20,225,000","10,890,000","15,954,000","9,648,000","8,391,000","9,501,000","9,286,000","9,091,000","9,011,000","8,607,000","7,765,000","7,737,000","8,402,000","8,086,000","7,521,000","7,355,000","8,010,000","7,931,000","8,397,000","8,383,000","8,071,000","7,713,000","7,322,000","7,011,000","6,647,000","6,260,000","5,965,000","5,612,000","5,274,000","4,840,000","4,475,000","4,181,000","3,696,000","3,435,000","3,094,000","2,583,000","2,301,000","2,213,000","1,862,000","1,546,000","893,000","1,815,000","1,786,000","1,700,000","1,700,000","1,700,000","1,500,000","1,400,000","1,400,000","1,400,000","1,400,000","1,300,000","1,200,000","1,000,000","1,000,000"
BasicEPS,,"1.03",,"1.01","1.16","1.15",,"0.84","0.39","0.09",,"0.81","0.86","0.86",,"0.58","0.89","0.88",,"0.75","0.73","0.73","0.72","0.66","0.6","0.57","0.58","0.53","0.52","0.48","0.44","0.4","0.35","0.34","0.33","0.31","0.29","0.285","0.295","0.28","0.275","0.26",,"0.275","0.735","0.215",,"0.298","0.16","0.235",,"0.125","0.14","0.138",,"0.133","0.128","0.115",,"0.125","0.12","0.113",,"0.12","0.118","0.125",,"0.12","0.115","0.11",,"0.1","0.095","0.093",,"0.081","0.076","0.071",,"0.06","0.056","0.051",,"0.038","0.037","0.031",,"0.015","0.03","0.029",,"0.028","0.028","0.025",,"0.024","0.023","0.023",,"0.021","0.022","0.021"
DilutedEPS,,"1.02",,"1","1.16","1.14",,"0.84","0.39","0.09",,"0.81","0.86","0.86",,"0.58","0.89","0.88",,"0.75","0.73","0.73","0.72","0.66","0.6","0.57","0.57","0.52","0.51","0.47","0.43","0.4","0.34","0.34","0.33","0.305","0.285","0.28","0.295","0.275","0.275","0.26",,"0.275","0.728","0.213",,"0.298","0.16","0.235",,"0.125","0.14","0.138",,"0.133","0.128","0.115",,"0.125","0.12","0.113",,"0.12","0.118","0.125",,"0.12","0.115","0.11",,"0.1","0.095","0.09",,"0.08","0.075","0.07",,"0.059","0.055","0.05",,"0.038","0.036","0.031",,"0.015","0.03","0.029",,"0.028","0.028","0.025",,"0.023","0.023","0.023",,"0.021","0.022","0.021"
BasicAverageShares,,"124,494,000",,"129,397,000","129,721,000","129,490,000",,"129,346,000","129,346,000","129,235,000",,"128,946,000","128,954,000","128,848,000",,"128,608,000","128,623,000","128,535,000",,"128,182,000","123,835,000","122,175,342","121,926,389","115,196,970","90,790,000","90,680,702","88,715,517","87,033,962","86,107,692","83,112,500","78,981,818","80,232,500","75,674,286","74,341,176","73,933,333","72,096,774","70,300,000","70,175,439","70,057,627","69,294,000","69,425,455","69,652,000",,"68,528,000","68,322,449","68,300,000",,"67,983,193","68,212,000","67,676,000",,"67,540,000","67,864,286","67,468,000",,"68,007,547","67,320,000","67,521,739",,"67,216,000","67,383,333","66,853,333",,"66,750,000","67,497,872","67,176,000",,"67,258,333","67,069,565","66,563,636",,"66,470,000","65,894,737","64,486,486",,"64,910,769","63,475,410","62,807,018",,"61,600,000","61,066,667","60,370,732",,"60,354,098","60,013,559","60,800,000",,"59,533,333","60,500,000","60,800,000",,"60,480,000","60,480,000","60,000,000",,"58,947,368","60,540,541","62,222,222",,"56,470,588","45,714,286","48,484,848"
DilutedAverageShares,,"125,004,000",,"129,929,000","130,255,000","129,816,000",,"129,470,000","129,399,000","129,307,000",,"129,012,000","129,079,000","128,964,000",,"128,744,000","128,804,000","128,762,000",,"128,472,000","124,198,000","122,175,342","121,926,389","115,196,970","91,288,000","91,251,000","89,522,000","88,454,000","87,515,000","84,409,000","80,455,000","80,445,000","77,466,000","74,494,000","74,300,000","73,296,000","71,482,000","71,262,000","70,192,000","69,926,000","69,774,000","69,652,000",,"69,020,000","68,928,000","68,732,000",,"68,268,000","68,212,000","67,872,000",,"67,620,000","67,864,286","67,548,000",,"68,007,547","67,460,000","67,521,739",,"67,216,000","67,383,333","66,853,333",,"66,750,000","67,497,872","67,176,000",,"67,258,333","67,069,565","66,563,636",,"66,470,000","65,894,737","66,277,778",,"65,925,000","64,533,333","63,928,571",,"62,910,638","62,454,545","61,880,000",,"61,360,000","61,048,276","60,800,000",,"59,533,333","60,500,000","60,800,000",,"60,480,000","60,480,000","60,000,000",,"60,540,541","62,222,222","62,222,222",,"56,470,588","45,714,286","48,484,848"
NetIncomeFromContinuingAndDiscontinuedOperation,"563,093,000","132,508,000","149,761,000","130,290,000","150,535,000","148,416,000","120,513,000","109,253,000","50,266,000","11,866,000","100,806,000","103,891,000","110,503,000","110,706,000","115,031,000","74,180,000","114,751,000","113,144,000","146,164,000","96,007,000","90,532,000","89,188,000","87,786,000","76,030,000","54,474,000","51,688,000","51,455,000","46,128,000","44,776,000","39,894,000","34,751,000","32,093,000","26,486,000","25,276,000","24,398,000","22,350,000","20,387,000","20,000,000","20,667,000","19,275,000","19,092,000","18,009,000","17,534,000","18,904,000","50,217,000","14,630,000","16,931,000","20,225,000","10,890,000","15,954,000","144,000","9,469,000","10,577,000","10,360,000","9,318,000","9,011,000","8,607,000","7,765,000","7,737,000","8,402,000","8,086,000","7,521,000","7,355,000","8,010,000","7,931,000","8,397,000","8,383,000","8,071,000","7,713,000","7,322,000","7,011,000","6,647,000","6,260,000","5,965,000","5,612,000","5,274,000","4,840,000","4,475,000","4,181,000","3,696,000","3,435,000","3,094,000","2,583,000","2,301,000","2,213,000","1,862,000","3,133,000","893,000","1,815,000","1,786,000","1,700,000","1,700,000","1,700,000","1,500,000","1,400,000","1,400,000","1,400,000","1,400,000","1,300,000","1,200,000","1,000,000","1,000,000"
NormalizedIncome,"556,324,189.176","127,228,544","149,494,612.751","130,691,574","148,829,358","144,969,020","117,728,680.739","108,935,033","50,342,329","12,386,550","100,474,051.426","104,016,565","110,649,112","110,915,890","116,058,770.37","78,620,911","114,119,688","112,163,525","146,418,033.038","95,792,935","90,656,542","88,519,981","87,636,128.831","76,200,130","54,215,328","51,464,875","51,227,216.965","45,230,272","43,269,022","39,455,744","35,310,535.861","28,717,232","23,559,164","18,672,216","20,032,751.957","18,546,816","15,797,140","17,190,392","15,375,083.46","17,057,285.357","18,128,372.412","15,331,087.827","9,836,199.063","18,700,546.87","9,674,446.249","12,248,530.706","-10,764,600.482","20,045,662.9","10,861,239.091","16,004,851.531","248,974.52","9,508,993.689","10,601,478.484","10,321,425.387","9,318,000","9,011,000","8,455,690.732","7,765,000","7,737,000","8,402,000","8,086,000","7,521,000","7,355,000","8,010,000","7,931,000","7,109,535.003","8,383,000","8,071,000","7,713,000","7,322,000","7,011,000","6,573,243.091","6,246,494.067","5,897,084.709","5,612,000","5,274,000","4,840,000","4,475,000","4,181,000","3,696,000","3,435,000","3,094,000","2,583,000","2,301,000","2,213,000","1,862,000","3,133,000","893,000","1,815,000","1,786,000","1,700,000","1,700,000","1,700,000","1,500,000","1,400,000","1,400,000","1,400,000","1,400,000","1,300,000","1,200,000","1,000,000","1,000,000"
InterestIncome,"1,069,614,000","262,371,000","280,481,000","262,663,000","264,099,000","264,064,000","273,395,000","268,281,000","267,134,000","271,973,000","280,962,000","289,517,000","296,819,000","295,243,000","292,069,000","277,595,000","273,664,000","257,492,000","249,100,000","241,566,000","228,158,000","213,770,000","215,529,000","194,357,000","130,929,000","121,741,000","114,677,000","103,484,000","100,103,000","91,455,000","84,547,000","80,083,000","69,760,000","57,057,000","60,084,000","55,342,000","47,957,000","48,769,000","48,774,000","49,456,000","47,772,000","49,943,000","52,370,000","51,902,000","50,874,000","44,022,000","42,087,000","41,092,000","38,580,000","36,213,000","38,155,000","39,904,000","42,586,000","45,262,000","47,481,000","45,030,000","45,672,000","44,820,000","45,097,000","44,917,000","44,128,000","42,828,000","42,096,000","41,467,000","37,854,000","33,781,000","32,046,000","29,223,000","26,849,000","24,763,000","23,423,000","22,213,000","20,364,000","19,232,000","18,641,000","17,537,000","16,822,000","15,883,000","15,969,000","15,625,000","14,937,000","14,381,000","14,919,000","14,782,000","15,044,000","15,374,000","16,018,000","15,425,000","14,905,000","14,404,000","14,000,000","13,200,000","12,600,000","11,700,000","11,500,000","10,400,000","9,000,000","8,000,000","7,700,000","7,200,000","6,600,000","6,000,000"
InterestExpense,"65,187,000","13,028,000","14,100,000","14,706,000","23,353,000","29,428,000","35,795,000","43,624,000","50,541,000","62,198,000","65,985,000","70,737,000","72,283,000","69,355,000","63,686,000","56,981,000","49,003,000","39,716,000","34,269,000","31,844,000","26,053,000","22,999,000","20,729,000","19,207,000","11,891,000","9,224,000","8,159,000","7,097,000","6,347,000","5,966,000","5,872,000","5,462,000","4,959,000","4,661,000","4,802,000","4,709,000","4,492,000","4,630,000","5,004,000","5,012,000","5,474,000","6,110,000","6,531,000","7,566,000","8,398,000","7,939,000","8,142,000","8,324,000","8,851,000","9,020,000","9,661,000","10,672,000","12,324,000","14,928,000","18,750,000","20,414,000","22,069,000","23,069,000","24,691,000","25,246,000","24,837,000","24,579,000","24,573,000","23,693,000","19,869,000","16,343,000","14,201,000","11,763,000","10,038,000","8,304,000","7,348,000","6,305,000","5,643,000","5,313,000","6,410,000","4,459,000","4,638,000","4,609,000","4,877,000","4,774,000","4,743,000","5,047,000","5,980,000","6,957,000","8,115,000","9,362,000","10,223,000","9,856,000","8,812,000","8,198,000","7,600,000","7,000,000","6,700,000","6,400,000","6,300,000","5,800,000","4,600,000","3,800,000","3,400,000","3,500,000","3,200,000","2,900,000"
NetInterestIncome,"1,004,427,000","249,343,000","266,381,000","247,957,000","240,746,000","234,636,000","237,600,000","224,657,000","216,593,000","209,775,000","214,977,000","218,780,000","224,536,000","225,888,000","228,383,000","220,614,000","224,661,000","217,776,000","214,831,000","209,722,000","202,105,000","190,771,000","194,800,000","175,150,000","119,038,000","112,517,000","106,518,000","96,387,000","93,756,000","85,489,000","78,675,000","74,621,000","64,801,000","52,396,000","55,282,000","50,633,000","43,465,000","44,139,000","43,770,000","44,444,000","42,298,000","43,833,000","45,839,000","44,336,000","42,476,000","36,083,000","33,945,000","32,768,000","29,729,000","27,193,000","28,494,000","29,232,000","30,262,000","30,334,000","28,731,000","24,616,000","23,603,000","21,751,000","20,406,000","19,671,000","19,291,000","18,249,000","17,523,000","17,774,000","17,985,000","17,438,000","17,845,000","17,460,000","16,811,000","16,459,000","16,075,000","15,908,000","14,721,000","13,919,000","12,231,000","13,078,000","12,184,000","11,274,000","11,092,000","10,851,000","10,194,000","9,334,000","8,939,000","7,825,000","6,929,000","6,012,000","5,795,000","5,569,000","6,093,000","6,206,000","6,400,000","6,200,000","5,900,000","5,300,000","5,200,000","4,600,000","4,400,000","4,200,000","4,300,000","3,700,000","3,400,000","3,100,000"
ReconciledDepreciation,"43,519,000","11,163,000","11,003,000","10,729,000","10,623,000","10,776,000","11,123,000","11,042,000","10,834,000","10,792,000","10,670,000","10,612,000","10,607,000","10,620,000","8,823,000","8,758,000","8,903,000","8,956,000","8,649,000","8,545,000","8,472,000","8,404,000","8,362,000","7,053,000","4,782,000","4,835,000","5,275,000","4,375,000","4,084,000","3,727,000","3,550,000","3,684,000","3,080,000","2,668,000","2,760,000","2,282,000","2,500,000","2,459,000","2,614,000","2,050,000","1,947,000","2,187,000","1,965,000","1,849,000","1,729,000","1,492,000","1,342,000","1,262,000","1,191,000","1,107,000","1,092,000","1,047,000","1,045,000","1,098,000","943,000","975,000","933,000","915,000","920,000","882,000","873,000","873,000","-303,000","829,000","804,000","797,000","514,000","23,000","961,000","554,000","730,000","458,000","702,000","859,000","1,320,000","434,000","637,000","491,000","395,000","443,000","402,000","517,000","513,000","434,000","376,000","413,000","388,000","429,000","426,000","436,000","400,000","400,000","400,000","400,000","200,000","500,000","200,000","200,000","100,000","200,000","100,000","200,000"
NetIncomeFromContinuingOperationNetMinorityInterest,"563,093,000","132,508,000","149,761,000","130,290,000","150,535,000","148,416,000","120,513,000","109,253,000","50,266,000","11,866,000","100,806,000","103,891,000","110,503,000","110,706,000","115,031,000","74,180,000","114,751,000","113,144,000","146,164,000","96,007,000","90,532,000","89,188,000","87,786,000","76,030,000","54,474,000","51,688,000","51,455,000","46,128,000","44,776,000","39,894,000","34,751,000","32,093,000","26,486,000","25,276,000","24,398,000","22,350,000","20,387,000","20,000,000","20,667,000","19,275,000","19,092,000","18,009,000","17,534,000","18,904,000","50,217,000","14,630,000","16,931,000","20,225,000","10,890,000","15,954,000","144,000","9,469,000","10,577,000","10,360,000","9,318,000","9,011,000","8,607,000","7,765,000","7,737,000","8,402,000","8,086,000","7,521,000","7,355,000","8,010,000","7,931,000","8,397,000","8,383,000","8,071,000","7,713,000","7,322,000","7,011,000","6,647,000","6,260,000","5,965,000","5,612,000","5,274,000","4,840,000","4,475,000","4,181,000","3,696,000","3,435,000","3,094,000","2,583,000","2,301,000","2,213,000","1,862,000","3,133,000","893,000","1,815,000","1,786,000","1,700,000","1,700,000","1,700,000","1,500,000","1,400,000","1,400,000","1,400,000","1,400,000","1,300,000","1,200,000","1,000,000","1,000,000"
TotalUnusualItemsExcludingGoodwill,"8,770,000","6,734,000","345,000","-527,000","2,218,000","4,465,000","3,607,000","403,000","-99,000","-718,000","448,000","-165,000","-192,000","-278,000","-1,374,000","-5,977,000","844,000","1,275,000","-260,000","335,000","-198,000","1,023,000","234,000","-265,000","408,000","357,000","355,000","1,352,000","2,322,000","637,000","-838,000","5,016,000","4,279,000","8,888,000","6,494,000","5,544,000","6,730,000","4,008,000","7,728,000","3,124,000","1,397,000","3,860,000","11,026,000","292,000","63,461,000","3,359,000","38,018,000","267,000","38,000","-73,000","-142,000","-51,000","-32,000","48,000",,,"206,000",,,,,,,,,"1,831,000",,,,,,"108,000","20,000","100,000",,,,,,,,,,,,,,,,,,,,,,,,,,,,
TotalUnusualItems,"8,770,000","6,734,000","345,000","-527,000","2,218,000","4,465,000","3,607,000","403,000","-99,000","-718,000","448,000","-165,000","-192,000","-278,000","-1,374,000","-5,977,000","844,000","1,275,000","-260,000","335,000","-198,000","1,023,000","234,000","-265,000","408,000","357,000","355,000","1,352,000","2,322,000","637,000","-838,000","5,016,000","4,279,000","8,888,000","6,494,000","5,544,000","6,730,000","4,008,000","7,728,000","3,124,000","1,397,000","3,860,000","11,026,000","292,000","63,461,000","3,359,000","38,018,000","267,000","38,000","-73,000","-142,000","-51,000","-32,000","48,000",,,"206,000",,,,,,,,,"1,831,000",,,,,,"108,000","20,000","100,000",,,,,,,,,,,,,,,,,,,,,,,,,,,,
TaxRateForCalcs,"0.228","0.216","0.228","0.238","0.231","0.228","0.228","0.211","0.229","0.275","0.259","0.239","0.239","0.245","0.252","0.257","0.252","0.231","0.023","0.361","0.371","0.347","0.36","0.358","0.366","0.375","0.358","0.336","0.351","0.312","0.332","0.327","0.316","0.257","0.328","0.314","0.318","0.299","0.315","0.29","0.31","0.306","0.302","0.303","0.361","0.291","0.272","0.328","0.243","0.303","0.261","0.216","0.235","0.196","0.066","0.265","0.265","0.272","0.308","0.315","0.314","0.314","0.303","0.285","0.306","0.297","0.292","0.301","0.312","0.324","0.308","0.317","0.325","0.321","0.278","0.351","0.355","0.351","0.362","0.379","0.376","0.374","0.343","0.331","0.274","0.29","0.16","0.222","0.287","0.284","0.227","0.261","0.292","0.318","0.333","0.263","0.3","0.333","0.35","0.368","0.375","0.333"
TaxEffectOfUnusualItems,"2,001,189.176","1,454,544","78,612.751","-125,426","512,358","1,018,020","822,680.739","85,033","-22,671","-197,450","116,051.426","-39,435","-45,888","-68,110","-346,229.63","-1,536,089","212,688","294,525","-5,966.962","120,935","-73,458","354,981","84,128.831","-94,870","149,328","133,875","127,216.965","454,272","815,022","198,744","-278,464.139","1,640,232","1,352,164","2,284,216","2,128,751.957","1,740,816","2,140,140","1,198,392","2,436,083.46","906,285.357","433,372.412","1,182,087.827","3,328,199.063","88,546.87","22,918,446.249","977,530.706","10,322,399.518","87,662.9","9,239.091","-22,148.469","-37,025.48","-11,006.311","-7,521.516","9,425.387","0","0","54,690.732","0","0","0","0","0","0","0","0","543,535.003","0","0","0","0","0","34,243.091","6,494.067","32,084.709","0","0","0","0","0","0","0","0","0","0","0","0","0","0","0","0","0","0","0","0","0","0","0","0","0","0","0","0"