name,ttm,03/31/2022,12/31/2021,09/30/2021,06/30/2021,03/31/2021,12/31/2020,09/30/2020,06/30/2020,03/31/2020,12/31/2019,09/30/2019,06/30/2019,03/31/2019,12/31/2018,09/30/2018,06/30/2018,03/31/2018,12/31/2017,09/30/2017,06/30/2017,03/31/2017,12/31/2016,09/30/2016,06/30/2016,03/31/2016,12/31/2015,09/30/2015,06/30/2015,03/31/2015,12/31/2014,09/30/2014,06/30/2014,03/31/2014,12/31/2013,09/30/2013,06/30/2013,03/31/2013,12/31/2012,09/30/2012,06/30/2012,03/31/2012,12/31/2011,09/30/2011,06/30/2011,03/31/2011,12/31/2010,09/30/2010,06/30/2010,03/31/2010,12/31/2009,09/30/2009,06/30/2009,03/31/2009,12/31/2008,09/30/2008,06/30/2008,03/31/2008,12/31/2007,09/30/2007,06/30/2007,03/31/2007,12/31/2006,09/30/2006,06/30/2006,03/31/2006,12/31/2005,09/30/2005,06/30/2005,03/31/2005,12/31/2004,09/30/2004,06/30/2004,03/31/2004,12/31/2003,09/30/2003,06/30/2003,03/31/2003,12/31/2002,09/30/2002,06/30/2002,03/31/2002,12/31/2001,09/30/2001,06/30/2001,03/31/2001,12/31/2000,09/30/2000,06/30/2000,03/31/2000,12/31/1999,09/30/1999,06/30/1999,03/31/1999,12/31/1998,09/30/1998,06/30/1998,03/31/1998,12/31/1997,09/30/1997,06/30/1997,03/31/1997,12/31/1996,09/30/1996,06/30/1996,03/31/1996,12/31/1995,09/30/1995,06/30/1995,03/31/1995,12/31/1994,09/30/1994,06/30/1994,03/31/1994,12/31/1993,09/30/1993,06/30/1993,03/31/1993,12/31/1992,09/30/1992,06/30/1992,03/31/1992,12/31/1991,09/30/1991,06/30/1991,03/31/1991,12/31/1990,09/30/1990,06/30/1990,03/31/1990,12/31/1989,09/30/1989,06/30/1989,03/31/1989,12/31/1988,09/30/1988,06/30/1988,03/31/1988,12/31/1987,09/30/1987,06/30/1987,03/31/1987,12/31/1986,09/30/1986,06/30/1986,03/31/1986,12/31/1985,09/30/1985
TotalRevenue,"4,569,784,000","1,342,175,000","1,147,479,000","1,060,177,000","1,019,953,000","850,483,000","772,613,000","700,707,000","424,045,000","589,232,000","549,460,000","566,186,000","613,218,000","608,218,000","531,211,000","575,139,000","604,879,000","551,832,000","475,570,000","407,511,000","407,145,000","345,427,000","323,936,000","304,151,000","315,163,000","278,637,000","248,659,000","214,805,000","233,481,000","223,388,000","189,574,000","188,138,000","187,855,000","170,150,000","146,612,000","146,623,000","159,576,000","142,120,000","106,128,000","112,946,000","115,605,000","102,688,000","78,278,000","77,439,000","82,620,000","69,485,000","58,082,000","72,785,000","83,865,000","63,500,000","53,387,000","58,342,000","55,878,000","44,915,000","15,923,000","88,429,000","109,788,000","111,011,000","107,374,000","136,556,000","113,125,000","78,148,000","72,807,000","90,849,000","94,692,000","89,281,000","83,892,870","81,132,200","78,644,605","79,730,325","76,961,005","80,260,900","78,620,200","65,712,355","66,179,402","70,267,568","70,949,945","67,285,080","70,097,350","80,848,100","82,566,743","75,242,789","68,339,179","77,527,508","78,908,792","68,294,737","70,949,181","89,944,512","100,902,440","99,824,073","109,956,260","117,000,000","123,000,000","107,400,000","111,700,000","119,100,000","117,700,000","105,000,000","101,900,000","105,100,000","106,600,000","96,900,000","96,700,000","105,700,000","107,400,000","93,800,000","88,800,000","94,100,000","92,600,000","87,000,000","82,900,000","86,000,000","85,200,000","76,900,000","68,500,000","72,100,000","63,000,000","55,000,000","49,200,000","50,700,000","44,600,000","39,800,000","32,600,000","39,200,000","40,100,000","31,000,000","31,500,000","38,700,000","38,100,000","33,600,000","33,100,000","38,300,000","39,200,000","36,300,000","34,700,000","41,600,000","40,200,000","31,600,000","30,600,000","35,800,000","32,600,000","28,100,000","28,100,000","32,600,000","32,500,000","27,500,000","27,800,000","34,500,000"
	OperatingRevenue,"4,569,784,000","1,342,175,000","1,147,479,000","1,060,177,000","1,019,953,000","850,483,000","772,613,000","700,707,000","424,045,000","589,232,000","549,460,000","566,186,000","613,218,000","608,218,000","531,211,000","575,139,000","604,879,000","551,832,000","475,570,000","407,511,000","407,145,000","345,427,000","323,936,000","304,151,000","315,163,000","278,637,000","248,659,000","214,805,000","233,481,000","223,388,000","189,574,000","188,138,000","187,855,000","170,150,000","146,612,000","146,623,000","159,576,000","142,120,000","106,128,000","112,946,000","115,605,000","102,688,000","78,278,000","77,439,000","82,620,000","69,485,000","58,082,000","72,785,000","83,865,000","63,500,000","53,387,000","58,342,000","55,878,000","44,915,000","15,923,000","88,429,000","109,788,000","111,011,000","107,374,000","136,556,000","113,125,000","78,148,000","72,807,000","90,849,000","94,692,000","89,281,000","83,892,870","81,132,200","78,644,605","79,730,325","76,961,005","80,260,900","78,620,200","65,712,355","66,179,402","70,267,568","70,949,945","67,285,080","70,097,350","80,848,100","82,566,743","75,242,789","68,339,179","77,527,508","78,908,792","68,294,737","70,949,181","89,944,512","100,902,440","99,824,073","109,956,260","117,000,000","123,000,000","107,400,000","111,700,000","119,100,000","117,700,000","105,000,000","101,900,000","105,100,000","106,600,000","96,900,000","96,700,000","105,700,000","107,400,000","93,800,000","88,800,000","94,100,000","92,600,000","87,000,000","82,900,000","86,000,000","85,200,000","76,900,000","68,500,000","72,100,000","63,000,000","55,000,000","49,200,000","50,700,000","44,600,000","39,800,000","32,600,000","39,200,000","40,100,000","31,000,000","31,500,000","38,700,000","38,100,000","33,600,000","33,100,000","38,300,000","39,200,000","36,300,000","34,700,000","41,600,000","40,200,000","31,600,000","30,600,000","35,800,000","32,600,000","28,100,000","28,100,000","32,600,000","32,500,000","27,500,000","27,800,000","34,500,000"
CostOfRevenue,"3,634,777,000","1,046,830,000","920,455,000","852,016,000","815,476,000","688,951,000","630,295,000","567,210,000","350,324,000","479,751,000","450,133,000","461,851,000","500,557,000","501,670,000","434,546,000","468,484,000","490,087,000","454,078,000","394,887,000","338,328,000","335,645,000","287,878,000","270,955,000","255,299,000","259,879,000","233,285,000","207,208,000","179,764,000","193,088,000","187,994,000","160,065,000","158,110,000","156,036,000","143,003,000","125,008,000","124,800,000","134,416,000","119,684,000","91,560,000","96,043,000","97,766,000","86,254,000","67,068,000","64,248,000","70,603,000","61,595,000","52,422,000","65,021,000","74,129,000","57,022,000","47,641,000","50,918,000","49,761,000","41,323,000","22,010,000","79,279,000","96,990,000","99,360,000","94,785,000","119,473,000","101,151,000","69,334,000","63,973,000","80,321,000","82,993,000","78,279,000","73,345,880","71,905,515","69,081,010","70,927,595","68,625,065","69,848,245","69,082,255","58,119,215","58,538,605","61,358,268","62,388,252","60,213,755","61,844,544","70,498,170","71,712,567","65,506,487","60,673,716","68,352,088","68,822,170","59,303,008","61,689,340","76,890,083","86,292,979","86,605,787","94,013,228","101,300,000","104,600,000","91,300,000","94,500,000","101,400,000","100,500,000","90,000,000","86,800,000","90,200,000","92,000,000","83,600,000","82,800,000","90,000,000","91,900,000","80,900,000","75,700,000","80,000,000","79,300,000","74,300,000","71,200,000","74,100,000","73,900,000","66,700,000","51,700,000","64,700,000","54,100,000","47,400,000","42,700,000","44,000,000","38,700,000","34,400,000","28,200,000","33,700,000","34,000,000","27,200,000","24,900,000","34,100,000","33,100,000","29,600,000","26,800,000","33,600,000","34,400,000",,,,,,,,,,,,,,,
GrossProfit,"935,007,000","295,345,000","227,024,000","208,161,000","204,477,000","161,532,000","142,318,000","133,497,000","73,721,000","109,481,000","99,327,000","104,335,000","112,661,000","106,548,000","96,665,000","106,655,000","114,792,000","97,754,000","80,683,000","69,183,000","71,500,000","57,549,000","52,981,000","48,852,000","55,284,000","45,352,000","41,451,000","35,041,000","40,393,000","35,394,000","29,509,000","30,028,000","31,819,000","27,147,000","21,604,000","21,823,000","25,160,000","22,436,000","14,568,000","16,903,000","17,839,000","16,434,000","11,210,000","13,191,000","12,017,000","7,890,000","5,660,000","7,764,000","9,736,000","6,478,000","5,746,000","7,424,000","6,117,000","3,592,000","-6,087,000","9,150,000","12,798,000","11,651,000","12,589,000","17,083,000","11,974,000","8,814,000","8,834,000","10,528,000","11,699,000","11,002,000","10,546,990","9,226,685","9,563,595","8,802,730","8,335,940","10,412,655","9,537,945","7,593,140","7,640,797","8,909,300","8,561,693","7,071,325","8,252,806","10,349,930","10,854,176","9,736,302","7,665,463","9,175,420","10,086,622","8,991,729","9,259,841","13,054,429","14,609,461","13,218,286","15,943,032","15,700,000","18,400,000","16,100,000","17,200,000","17,700,000","17,200,000","15,000,000","15,100,000","14,900,000","14,600,000","13,300,000","13,900,000","15,700,000","15,500,000","12,900,000","13,100,000","14,100,000","13,300,000","12,700,000","11,700,000","11,900,000","11,300,000","10,200,000","16,800,000","7,400,000","8,900,000","7,600,000","6,500,000","6,700,000","5,900,000","5,400,000","4,400,000","5,500,000","6,100,000","3,800,000","6,600,000","4,600,000","5,000,000","4,000,000","6,300,000","4,700,000","4,800,000",,,,,,,,,,,,,,,
OperatingExpense,"490,021,000","133,590,000","132,332,000","114,888,000","109,211,000","93,051,000","80,159,000","73,668,000","61,615,000","70,202,000","63,350,000","66,925,000","67,432,000","70,722,000","57,772,000","61,946,000","61,737,000","55,996,000","46,579,000","39,009,000","37,793,000","33,634,000","30,929,000","28,729,000","27,274,000","24,700,000","22,618,000","19,828,000","20,027,000","19,837,000","17,749,000","17,589,000","16,265,000","15,399,000","12,970,000","12,842,000","12,672,000","12,024,000","9,953,000","9,826,000","10,255,000","8,908,000","8,227,000","7,958,000","7,750,000","7,142,000","8,441,000","7,046,000","6,836,000","3,775,000","3,855,000","5,718,000","5,540,000","6,419,000","65,177,000","11,501,000","7,607,000","13,237,000","11,633,000","14,668,000","12,400,000","9,343,000","7,853,000","9,419,000","9,180,000","9,457,000","8,215,245","8,560,155","8,778,060","8,750,540","8,326,720","9,080,825","8,482,675","8,317,400","6,542,838","8,121,753","8,329,384","8,365,145","9,674,359","9,900,098","9,245,363","9,055,335","12,805,946","10,114,414","9,487,437","11,666,430","10,814,719","11,908,978","12,462,142","13,432,142","13,776,396","13,100,000","13,800,000","12,100,000","13,100,000","12,800,000","12,800,000","11,700,000","11,600,000","11,200,000","10,600,000","9,600,000","9,700,000","10,000,000","10,000,000","9,400,000","9,300,000","9,100,000","8,600,000","8,600,000","7,000,000","7,800,000","7,600,000","7,100,000","14,200,000","4,400,000","6,200,000","5,700,000","5,700,000","5,700,000","5,400,000","5,100,000","4,500,000","4,800,000","4,900,000","4,400,000","6,900,000","4,100,000","4,000,000","3,700,000","6,200,000","4,000,000","3,800,000",,,,,,,,,,,,,,,
	SellingGeneralAndAdministration,"277,875,000","75,560,000","77,705,000","64,245,000","60,365,000","51,232,000","40,695,000","38,184,000","31,628,000","35,869,000","30,063,000","33,817,000","32,894,000","37,692,000","29,243,000","33,284,000","33,874,000","31,841,000","26,981,000","22,756,000","21,893,000","19,106,000","17,309,000","15,877,000","14,764,000","14,233,000","12,874,000","10,805,000","11,219,000","11,519,000","9,758,000","9,339,000","8,765,000","8,500,000","6,568,000","7,001,000","7,441,000","6,969,000","5,381,000","5,398,000","5,940,000","4,918,000","4,446,000","4,226,000","4,074,000","3,857,000","-6,239,000","6,895,000","6,739,000","6,440,000","12,711,000","3,045,000","2,959,000","3,665,000","8,052,000","11,102,000","11,526,000","12,808,000","12,813,000","14,668,000","12,399,000","9,343,000","7,853,000","9,419,000","9,180,000","9,457,000","8,215,245","8,560,155","8,778,060","8,750,540","8,326,720","9,080,825","8,482,675","8,317,400","6,542,838","8,121,753","8,329,384","8,365,145","9,674,359","9,900,098","9,245,363","9,055,335","12,805,946","10,114,414","9,487,437","9,759,696","9,018,257","9,976,980","10,418,400","10,967,319","11,372,337","10,900,000","11,600,000","10,000,000","10,800,000","11,000,000","11,000,000","10,000,000","10,000,000","9,700,000","9,300,000","8,200,000","8,600,000","8,800,000","8,900,000","8,300,000","8,200,000","8,200,000","7,800,000","7,800,000","6,300,000","7,100,000","6,900,000","6,400,000","13,600,000","3,600,000","5,600,000","5,100,000","5,000,000","5,100,000","4,800,000","4,500,000","3,800,000","4,200,000","4,300,000","3,800,000","4,400,000","4,100,000","4,000,000","3,700,000","3,800,000","4,000,000","3,800,000",,,,,,,,,,,,,,,
		GeneralAndAdministrativeExpense,,,"116,698,000","100,130,000","95,180,000","81,145,000","68,891,000","63,447,000","51,837,000","60,601,000","53,890,000","57,734,000","59,164,000","61,733,000","48,699,000","53,073,000","52,597,000","48,869,000","41,444,000","33,772,000","32,976,000","29,449,000","27,241,000","25,042,000","24,049,000","21,932,000","19,826,000","17,474,000","18,045,000","18,178,000","16,308,000","16,181,000","15,424,000","14,612,000","12,187,000","12,294,000","12,151,000","11,505,000","9,422,000","9,484,000","9,921,000","8,592,000","7,936,000","7,763,000","7,579,000","6,970,000",,,,,,,,,,,,,,,,,,,,,,,,,,,,,,,,,,,,,,,,,,,,,,,,,,,,,,,,,,,,,,,,,,,,,,,,,,,,,,,,,,,,,,,,,,,,,,,,,,,,,,
			OtherGandA,,,"116,698,000","100,130,000","95,180,000","81,145,000","68,891,000","63,447,000","51,837,000","60,601,000","53,890,000","57,734,000","59,164,000","61,733,000","48,699,000","53,073,000","52,597,000","48,869,000","41,444,000","33,772,000","32,976,000","29,449,000","27,241,000","25,042,000","24,049,000","21,932,000","19,826,000","17,474,000","18,045,000","18,178,000","16,308,000","16,181,000","15,424,000","14,612,000","12,187,000","12,294,000","12,151,000","11,505,000","9,422,000","9,484,000","9,921,000","8,592,000","7,936,000","7,763,000","7,579,000","6,970,000",,,,,,,,,,,,,,,,,,,,,,,,,,,,,,,,,,,,,,,,,,,,,,,,,,,,,,,,,,,,,,,,,,,,,,,,,,,,,,,,,,,,,,,,,,,,,,,,,,,,,,
		SellingAndMarketingExpense,,,,,"34,815,000","29,913,000","28,196,000","25,263,000","20,209,000","24,732,000","23,827,000","23,917,000","26,270,000","24,041,000","19,456,000","19,789,000","18,723,000","17,028,000","14,463,000","11,016,000","11,083,000","10,343,000","9,932,000","9,165,000","9,285,000","7,699,000","6,952,000","6,669,000","6,826,000","6,659,000","6,550,000","6,842,000","6,659,000","6,112,000","5,619,000","5,293,000","4,710,000","4,536,000","4,041,000","4,086,000","3,981,000","3,674,000","3,490,000","3,537,000","3,505,000","3,113,000",,,,,,,,,,,,,,,,,,,,,,,,,,,,,,,,,,,,,,,,,,,,,,,,,,,,,,,,,,,,,,,,,,,,,,,,,,,,,,,,,,,,,,,,,,,,,,,,,,,,,,
	DepreciationAmortizationDepletionIncomeStatement,"61,284,000","16,861,000","15,634,000","14,758,000","14,031,000","11,906,000","11,268,000","10,221,000","9,778,000","9,601,000","9,460,000","9,191,000","8,268,000","8,989,000","9,073,000","8,873,000","9,140,000","7,127,000","5,135,000","5,237,000","4,817,000","4,185,000","3,688,000","3,687,000","3,225,000","2,768,000","2,792,000","2,354,000","1,982,000","1,659,000","1,441,000","1,408,000","841,000","787,000","783,000","548,000","521,000","519,000","531,000","342,000","334,000","316,000","291,000","195,000","171,000","172,000","187,000","125,000","126,000","126,000","90,000","87,000","88,000","88,000","429,000","429,000","429,000","429,000",,,,,,,,,,,,,,,,,,,,,,,,,,,,"1,906,734","1,796,462","1,931,998","2,043,742","2,464,823","2,404,059","2,200,000","2,200,000","2,100,000","2,300,000","1,800,000","1,800,000","1,700,000","1,600,000","1,500,000","1,300,000","1,400,000","1,100,000","1,200,000","1,100,000","1,100,000","1,100,000","900,000","800,000","800,000","700,000","700,000","700,000","700,000","600,000","800,000","600,000","600,000","700,000","600,000","600,000","600,000","700,000","600,000","600,000","600,000",,,,,,,,,,,,,,,,,,,,,,
		DepreciationAndAmortizationInIncomeStatement,"61,284,000","16,861,000","15,634,000","14,758,000","14,031,000","11,906,000","11,268,000","10,221,000","9,778,000","9,601,000","9,460,000","9,191,000","8,268,000","8,989,000","9,073,000","8,873,000","9,140,000","7,127,000","5,135,000","5,237,000","4,817,000","4,185,000","3,688,000","3,687,000","3,225,000","2,768,000","2,792,000","2,354,000","1,982,000","1,659,000","1,441,000","1,408,000","841,000","787,000","783,000","548,000","521,000","519,000","531,000","342,000","334,000","316,000","291,000","195,000","171,000","172,000","187,000","125,000","126,000","126,000","90,000","87,000","88,000","88,000","429,000","429,000","429,000","429,000",,,,,,,,,,,,,,,,,,,,,,,,,,,,"1,906,734","1,796,462","1,931,998","2,043,742","2,464,823","2,404,059","2,200,000","2,200,000","2,100,000","2,300,000","1,800,000","1,800,000","1,700,000","1,600,000","1,500,000","1,300,000","1,400,000","1,100,000","1,200,000","1,100,000","1,100,000","1,100,000","900,000","800,000","800,000","700,000","700,000","700,000","700,000","600,000","800,000","600,000","600,000","700,000","600,000","600,000","600,000","700,000","600,000","600,000","600,000",,,,,,,,,,,,,,,,,,,,,,
			Amortization,"61,284,000","16,861,000","15,634,000","14,758,000","14,031,000","11,906,000","11,268,000","10,221,000","9,778,000","9,601,000","9,460,000","9,191,000","8,268,000","8,989,000","9,073,000","8,873,000","9,140,000","7,127,000","5,135,000","5,237,000","4,817,000","4,185,000","3,688,000","3,687,000","3,225,000","2,768,000","2,792,000","2,354,000","1,982,000","1,659,000","1,441,000","1,408,000","841,000","787,000","783,000","548,000","521,000","519,000","531,000","342,000","334,000","316,000","291,000","195,000","171,000","172,000","187,000","125,000","126,000","126,000","90,000","87,000","88,000","88,000","429,000","429,000","429,000","429,000",,,,,,,,,,,,,,,,,,,,,,,,,,,,,,,,,,,,,,,,,,,,,,,,,,,,,,,,,,,,,,,,,,,,,,,,,,,,,,,,,,,,,,,,,,
				AmortizationOfIntangiblesIncomeStatement,"61,284,000","16,861,000","15,634,000","14,758,000","14,031,000","11,906,000","11,268,000","10,221,000","9,778,000","9,601,000","9,460,000","9,191,000","8,268,000","8,989,000","9,073,000","8,873,000","9,140,000","7,127,000","5,135,000","5,237,000","4,817,000","4,185,000","3,688,000","3,687,000","3,225,000","2,768,000","2,792,000","2,354,000","1,982,000","1,659,000","1,441,000","1,408,000","841,000","787,000","783,000","548,000","521,000","519,000","531,000","342,000","334,000","316,000","291,000","195,000","171,000","172,000","187,000","125,000","126,000","126,000","90,000","87,000","88,000","88,000","429,000","429,000","429,000","429,000",,,,,,,,,,,,,,,,,,,,,,,,,,,,,,,,,,,,,,,,,,,,,,,,,,,,,,,,,,,,,,,,,,,,,,,,,,,,,,,,,,,,,,,,,,
	OtherOperatingExpenses,"150,862,000","41,169,000","38,993,000","35,885,000","34,815,000","29,913,000","28,196,000","25,263,000","20,209,000","24,732,000","23,827,000","23,917,000","26,270,000","24,041,000","19,456,000","19,789,000","18,723,000","17,028,000","14,463,000","11,016,000","11,083,000","10,343,000","9,932,000","9,165,000","9,285,000","7,699,000","6,952,000","6,669,000","6,826,000","6,659,000","6,550,000","6,842,000","6,659,000","6,112,000","5,619,000","5,293,000","4,710,000","4,536,000","4,041,000","4,086,000","3,981,000","3,674,000","3,490,000","3,537,000","3,505,000","3,113,000","14,493,000","26,000","-29,000","-2,791,000","-8,946,000","2,586,000","2,493,000","2,666,000","56,696,000","-30,000","-4,348,000",,,,"1,000",,,,,,,,,,,,,,,,,,,,,,,,,,,,,,,,,,,,,,,,,,,,,,,,,,,,,,,,,,,,,,,,,,,,,,,,,,,,,,,,,,,,,,,
OperatingIncome,"444,986,000","161,755,000","94,692,000","93,273,000","95,266,000","68,481,000","62,159,000","59,829,000","12,106,000","39,279,000","35,977,000","37,410,000","45,229,000","35,826,000","38,893,000","44,709,000","53,055,000","41,758,000","34,104,000","30,174,000","33,707,000","23,915,000","22,052,000","20,123,000","28,010,000","20,652,000","18,833,000","15,213,000","20,366,000","15,557,000","11,760,000","12,439,000","15,554,000","11,748,000","8,634,000","8,981,000","12,488,000","10,412,000","4,615,000","7,077,000","7,584,000","7,526,000","2,983,000","5,233,000","4,267,000","748,000","-2,781,000","718,000","2,900,000","2,703,000","1,891,000","1,706,000","577,000","-2,827,000","-71,264,000","-2,351,000","5,191,000","-1,586,000","956,000","2,415,000","-426,000","-529,000","981,000","1,109,000","2,519,000","1,545,000","2,331,745","666,530","785,535","52,190","9,220","1,331,830","1,055,270","-724,260","1,097,959","787,547","232,309","-1,293,820","-1,421,553","449,832","1,608,813","680,967","-5,140,483","-938,994","599,185","-2,674,701","-1,554,878","1,145,451","2,147,319","-213,856","2,166,636","2,600,000","4,600,000","4,000,000","4,100,000","4,900,000","4,400,000","3,300,000","3,500,000","3,700,000","4,000,000","3,700,000","4,200,000","5,700,000","5,500,000","3,500,000","3,800,000","5,000,000","4,700,000","4,100,000","4,700,000","4,100,000","3,700,000","3,100,000","2,600,000","3,000,000","2,700,000","1,900,000","800,000","1,000,000","500,000","300,000","-100,000","700,000","1,200,000","-600,000","-300,000","500,000","1,000,000","300,000","100,000","700,000","1,000,000","36,300,000","-108,500,000","41,600,000","40,200,000","31,600,000","-93,100,000","35,800,000","32,600,000","28,100,000","-89,300,000","32,600,000","32,500,000","27,500,000","-91,700,000","34,500,000"
NetNonOperatingInterestIncomeExpense,"-61,597,000","-14,886,000","-16,695,000","-15,436,000","-14,580,000","-11,179,000","-11,181,000","-10,507,000","-10,821,000","-10,492,000","-10,394,000","-8,603,000","-8,636,000","-8,983,000","-8,456,000","-7,338,000","-6,264,000","-4,378,000","-2,631,000","-2,135,000","-2,010,000","-2,014,000","-1,987,000","-1,917,000","-1,632,000","-1,649,000","-1,464,000","-1,153,000","-898,000","-804,000","-643,000","-694,000","-507,000","-549,000","-556,000","-541,000","-522,000","-552,000","-1,572,000","-830,000","-790,000","-845,000","-880,000","-777,000","-1,075,000","-1,737,000","-1,174,000","-1,474,000","-1,363,000","-1,511,000","-1,406,000","-1,599,000","-1,599,000","-1,838,000",,,,,,,,,,,,,,,,,,,,,,,,,,,,,,,,,,,,,,,,,,,,,,,,,,,,,,,,,,,,,,,,,,,,,,,,,,,,,,,,,,,,,,,,,,,,,,
	InterestExpenseNonOperating,"61,597,000","14,886,000","16,695,000","15,436,000","14,580,000","11,179,000","11,181,000","10,507,000","10,821,000","10,492,000","10,394,000","8,603,000","8,636,000","8,983,000","8,456,000","7,338,000","6,264,000","4,378,000","2,631,000","2,135,000","2,010,000","2,014,000","1,987,000","1,917,000","1,632,000","1,649,000","1,464,000","1,153,000","898,000","804,000","643,000","694,000","507,000","549,000","556,000","541,000","522,000","552,000","1,572,000","830,000","790,000","845,000","880,000","777,000","1,075,000","1,737,000","1,174,000","1,474,000","1,363,000","1,511,000","1,406,000","1,599,000","1,599,000","1,838,000",,,,,,,,,,,,,,,,,,,,,,,,,,,,,,,,,,,,,,,,,,,,,,,,,,,,,,,,,,,,,,,,,,,,,,,,,,,,,,,,,,,,,,,,,,,,,,
	TotalOtherFinanceCost,,,,,,,,,,,"10,394,000","8,603,000","8,636,000","8,983,000","8,456,000","7,338,000","6,264,000","4,378,000","2,631,000","2,135,000","2,010,000","2,014,000","1,987,000","1,917,000","1,632,000","1,649,000","1,464,000","1,153,000","898,000","804,000","643,000","694,000","507,000","549,000","556,000","541,000","522,000","552,000","1,572,000","830,000","790,000","845,000","880,000","777,000","1,075,000","1,737,000",,,,,,,,,,,,,,,,,,,,,,,,,,,,,,,,,,,,,,,,,,,,,,,,,,,,,,,,,,,,,,,,,,,,,,,,,,,,,,,,,,,,,,,,,,,,,,,,,,,,,,
OtherIncomeExpense,,,,,,,,,,,,,,,,,,,,,,,,"-6,000","-3,000","-38,000","-51,000","-11,000","5,000","6,000","-57,000","51,000","-37,000","13,000","6,000","-6,000","426,000","4,000","1,000","307,000","-131,000","-1,670,000","-794,000","80,000","505,000","-246,000","2,935,000","127,000","347,000","-282,000","523,000","-932,000",,"60,000","-56,696,000","5,000","3,721,000","430,000","-2,181,000",,"-182,000",,,,,,,,,,,,,,"0","-235,000",,,"0",,"-269,180",,,,,,"-558,383","173,127","-332,342","-6,937,163",,,,,,,,,,,,,,,,,,,,,,,,,,,,,,,,,,,,,,,,,,,,,,,,,,,,,,,,,,
	GainOnSaleOfSecurity,,,,,,,,,,,,,,,,,,,,,,,,,,,,,,,,,,,,,,,"0","73,000","-134,000","-1,670,000","-775,000","69,000","277,000","-270,000",,,,,,,,,,,,,,,,,,,,,,,,,,,,,,,,,,,,,,,,,,,,,,,,,,,,,,,,,,,,,,,,,,,,,,,,,,,,,,,,,,,,,,,,,,,,,,,,,,,,,,
	SpecialIncomeCharges,,,,,,,,,,,,,,,,,,,,,,,,"-6,000","-3,000","-38,000","-51,000","-11,000","5,000","6,000","-57,000","51,000","-37,000","13,000","6,000","-6,000","426,000","4,000","1,000","234,000","3,000","0","-19,000","11,000","228,000","24,000","2,674,000","127,000","347,000","-282,000","523,000","-932,000","0","60,000","-56,696,000","5,000","3,721,000","430,000","-2,181,000",,"-182,000",,,,,,,,,,,,,,"0","-235,000",,,"0",,"-269,180",,,,,,"-558,383","173,127","-332,342","-6,937,163",,,,,,,,,,,,,,,,,,,,,,,,,,,,,,,,,,,,,,,,,,,,,,,,,,,,,,,,,,
		RestructuringAndMergernAcquisition,,,,,,,,,,,,,,,,,,,,,,,,,,,,,,,,,,,,,,,,,,,,,,,,,,,,"0","0","0","0","25,000","354,000",,"2,181,000",,"182,000",,,,,,,,,,,,,,"0","235,000",,,"0",,"269,180",,,,,,,,,,,,,,,,,,,,,,,,,,,,,,,,,,,,,,,,,,,,,,,,,,,,,,,,,,,,,,,,,,,
		OtherSpecialCharges,,,,,,,,,,,,,,,,,,,,,,,,,,,,,,,,,,,,,,,,,,,,,,,,,,,"-523,000","932,000",,"-60,000","56,696,000","-30,000","-4,075,000",,,,,,,,,,,,,,,,,,,,,,,,,,,,,,,,,,,,,,,,,,,,,,,,,,,,,,,,,,,,,,,,,,,,,,,,,,,,,,,,,,,,,,,,,,,
		GainOnSaleOfPPE,,,,,,,,,,,,,,,,,,,,,,,,"-6,000","-3,000","-38,000","-51,000","-11,000","5,000","6,000","-57,000","51,000","-37,000","13,000","6,000","-6,000","426,000","4,000","1,000","234,000","3,000","0","-19,000","11,000","228,000","24,000",,,,,,,,,,,,,,,,,,,,,,,,,,,,,,,,,,,,,,,,,,,,,,,,,,,,,,,,,,,,,,,,,,,,,,,,,,,,,,,,,,,,,,,,,,,,,,,,,,,,,,
PretaxIncome,"383,389,000","146,869,000","77,997,000","77,837,000","80,686,000","57,302,000","50,978,000","49,322,000","1,285,000","28,787,000","25,583,000","28,807,000","36,593,000","26,843,000","30,437,000","37,371,000","46,791,000","37,380,000","31,473,000","28,039,000","31,697,000","21,901,000","20,112,000","18,200,000","26,375,000","18,965,000","17,318,000","14,049,000","19,473,000","14,759,000","11,060,000","11,796,000","15,010,000","11,212,000","8,084,000","8,434,000","12,392,000","9,864,000","3,044,000","6,554,000","6,663,000","5,011,000","1,309,000","4,536,000","3,697,000","-1,235,000","-1,020,000","-629,000","1,884,000","910,000","1,008,000","-825,000","-1,490,000","-4,605,000","-72,881,000","-3,710,000","2,950,000","-2,968,000","-5,700,000","276,000","-2,133,000","-1,100,000","455,000","663,000","2,194,000","1,211,000","2,030,240","231,345","396,595","-218,180","-174,135","1,121,135","916,905","-862,090","979,490","375,460","42,170","-1,487,770","-1,606,830","254,600","1,060,290","449,560","-5,764,960","-1,215,815","352,795","-2,912,430","-2,360,185","1,008,612","1,461,355","-7,464,652","1,873,290","2,200,000","4,400,000","3,600,000","3,800,000","4,500,000","4,200,000","3,000,000","3,200,000","3,500,000","3,600,000","3,400,000","3,900,000","5,400,000","5,300,000","3,100,000","3,600,000","4,600,000","4,400,000","3,800,000","3,700,000","4,100,000","3,800,000","2,900,000","2,500,000","2,800,000","2,400,000","1,600,000","600,000","700,000","500,000","300,000",,"400,000","900,000","-1,100,000","-300,000","200,000","700,000",,"-200,000","200,000","500,000",,,,,,,,,,,,,,,
TaxProvision,"93,314,000","34,196,000","16,977,000","20,440,000","21,701,000","9,789,000","13,154,000","11,986,000","571,000","7,600,000","5,599,000","7,490,000","9,177,000","5,994,000","3,467,000","9,437,000","11,931,000","7,312,000","2,427,000","10,094,000","10,437,000","4,434,000","5,296,000","6,175,000","9,672,000","6,932,000","5,282,000","5,089,000","7,400,000","5,609,000","3,767,000","4,542,000","5,779,000","4,316,000","3,072,000","2,982,000","4,835,000","3,845,000","-173,000","0","-6,650,000","0","-163,000","0","0","0","-81,000","0","0","0","-469,000","0","0","0","-8,573,000","-1,373,000","1,092,000","-1,098,000","-1,631,000","110,000","-847,000","-446,000","244,000","257,000","888,000","505,000","852,000","92,700","158,600","-87,300","-76,300","454,100","362,700","-340,500","387,500","148,300","16,700","-587,700","-642,500","101,600","424,200","179,800","-2,258,800","-486,200","140,900","-1,164,900","-943,800","403,800","581,300","-2,862,300","669,000","900,000","1,700,000","1,400,000","1,500,000","1,800,000","1,700,000","1,200,000","1,300,000","1,400,000","1,400,000","1,300,000","1,500,000","2,100,000","2,100,000","1,200,000","1,300,000","1,800,000","1,700,000","1,500,000","1,400,000","1,600,000","1,500,000","1,100,000","900,000","1,100,000","900,000","600,000","200,000","300,000","200,000","100,000","-200,000","200,000","400,000","-400,000","0","100,000","300,000","-100,000","-100,000","100,000","200,000",,,,,,,,,,,,,,,
NetIncomeCommonStockholders,"290,075,000","112,673,000","61,020,000","57,397,000","58,985,000","47,513,000","37,824,000","37,336,000","714,000","21,187,000","19,984,000","21,317,000","27,416,000","20,849,000","26,970,000","27,934,000","34,860,000","30,068,000","29,046,000","17,945,000","21,260,000","17,467,000","14,816,000","12,025,000","16,703,000","12,033,000","12,036,000","8,960,000","12,073,000","9,150,000","7,293,000","7,254,000","9,231,000","6,896,000","5,012,000","5,452,000","7,557,000","6,019,000","3,217,000","6,554,000","13,313,000","5,011,000","1,472,000","4,536,000","3,697,000","-1,235,000","-939,000","-629,000","1,884,000","910,000","913,000","-622,000","-666,000","-4,146,000","-69,158,000","-2,337,000","1,858,000","-1,870,000","-4,069,000","166,000","-1,286,000","-654,000","211,000","406,000","1,306,000","706,000","1,178,240","138,645","237,995","-130,880","-98,835","667,035","554,205","-521,590","591,990","227,160","25,470","-900,070","-964,330","153,000","636,090","269,760","-3,506,160","-729,615","211,895","-1,747,530","-1,416,385","604,812","880,055","-4,602,352","1,204,290","1,300,000","2,700,000","2,200,000","2,300,000","2,700,000","2,500,000","1,800,000","1,900,000","2,100,000","2,200,000","2,100,000","2,400,000","3,300,000","3,200,000","1,900,000","2,300,000","2,800,000","2,700,000","2,300,000","2,300,000","2,500,000","2,300,000","1,800,000","1,600,000","1,700,000","1,500,000","1,000,000","400,000","400,000","300,000","200,000",,"200,000","500,000","-700,000","-300,000","100,000","400,000",,"-100,000","100,000","300,000",,,,,,,,,,,,,,,
	NetIncome,"290,075,000","112,673,000","61,020,000","57,397,000","58,985,000","47,513,000","37,824,000","37,336,000","714,000","21,187,000","19,984,000","21,317,000","27,416,000","20,849,000","26,970,000","27,934,000","34,860,000","30,068,000","29,046,000","17,945,000","21,260,000","17,467,000","14,816,000","12,025,000","16,703,000","12,033,000","12,036,000","8,960,000","12,073,000","9,150,000","7,293,000","7,254,000","9,231,000","6,896,000","5,012,000","5,452,000","7,557,000","6,019,000","3,217,000","6,554,000","13,313,000","5,011,000","1,472,000","4,536,000","3,697,000","-1,235,000","-939,000","-629,000","1,884,000","910,000","913,000","-622,000","-666,000","-4,146,000","-69,158,000","-2,337,000","1,858,000","-1,870,000","-4,069,000","166,000","-1,286,000","-654,000","211,000","406,000","1,306,000","706,000","1,178,240","138,645","237,995","-130,880","-98,835","667,035","554,205","-521,590","591,990","227,160","25,470","-900,070","-964,330","153,000","636,090","269,760","-3,506,160","-729,615","211,895","-1,747,530","-1,416,385","604,812","880,055","-4,602,352","1,204,290","1,300,000","2,700,000","2,200,000","2,300,000","2,700,000","2,500,000","1,800,000","1,900,000","2,100,000","2,200,000","2,100,000","2,400,000","3,300,000","3,200,000","1,900,000","2,300,000","2,800,000","2,700,000","2,300,000","2,300,000","2,500,000","2,300,000","1,800,000","1,600,000","1,700,000","1,500,000","1,000,000","400,000","400,000","300,000","200,000",,"200,000","500,000","-700,000","-300,000","100,000","400,000",,"-100,000","100,000","300,000",,,,,,,,,,,,,,,
		NetIncomeIncludingNoncontrollingInterests,"290,075,000","112,673,000","61,020,000","57,397,000","58,985,000","47,513,000","37,824,000","37,336,000","714,000","21,187,000","19,984,000","21,317,000","27,416,000","20,849,000","26,970,000","27,934,000","34,860,000","30,068,000","29,046,000","17,945,000","21,260,000","17,467,000","14,816,000","12,025,000","16,703,000","12,033,000","12,036,000","8,960,000","12,073,000","9,150,000","7,293,000","7,254,000","9,231,000","6,896,000","5,012,000","5,452,000","7,557,000","6,019,000","3,217,000","6,554,000","13,313,000","5,011,000","1,472,000","4,536,000","3,697,000","-1,235,000","-939,000","-629,000","1,884,000","910,000","913,000","-622,000","-666,000","-4,146,000","-69,158,000","-2,337,000","1,858,000","-1,870,000","-4,069,000","166,000","-1,286,000","-654,000","211,000","406,000","1,306,000","706,000","1,178,240","138,645","237,995","-130,880","-98,835","667,035","554,205","-521,590","591,990","227,160","25,470","-900,070","-964,330","153,000","636,090","269,760","-3,506,160","-729,615","211,895","-1,747,530","-1,416,385","604,812","880,055","-4,602,352","1,204,290","1,300,000","2,700,000","2,200,000","2,300,000","2,700,000","2,500,000","1,800,000","1,900,000","2,100,000","2,200,000","2,100,000","2,400,000","3,300,000","3,200,000","1,900,000","2,300,000","2,800,000","2,700,000","2,300,000","2,300,000","2,500,000","2,300,000","1,800,000","1,600,000","1,700,000","1,500,000","1,000,000","400,000","400,000","300,000","200,000",,"200,000","500,000","-700,000","-300,000","100,000","400,000",,"-100,000","100,000","300,000","200,000","200,000","700,000","1,000,000","300,000","400,000","600,000","600,000","100,000","200,000","400,000","500,000","200,000","300,000","-100,000"
			NetIncomeContinuousOperations,"290,075,000","112,673,000","61,020,000","57,397,000","58,985,000","47,513,000","37,824,000","37,336,000","714,000","21,187,000","19,984,000","21,317,000","27,416,000","20,849,000","26,970,000","27,934,000","34,860,000","30,068,000","29,046,000","17,945,000","21,260,000","17,467,000","14,816,000","12,025,000","16,703,000","12,033,000","12,036,000","8,960,000","12,073,000","9,150,000","7,293,000","7,254,000","9,231,000","6,896,000","5,012,000","5,452,000","7,557,000","6,019,000","3,217,000","6,554,000","13,313,000","5,011,000","1,472,000","4,536,000","3,697,000","-1,235,000","-939,000","-629,000","1,884,000","910,000","1,477,000","-825,000","-1,490,000","-4,605,000","-64,308,000","-2,337,000","1,858,000","-1,870,000","-4,069,000","166,000","-1,286,000","-654,000","211,000","406,000","1,306,000","706,000","1,178,240","138,645","237,995","-130,880","-98,835","667,035","554,205","-521,590","591,990","227,160","25,470","-900,070","-964,330","153,000","636,090","269,760","-3,506,160","-729,615","211,895","-1,747,530","-1,416,385","604,812","880,055","-4,602,352","1,204,290","1,300,000","2,700,000","2,200,000","2,300,000","2,700,000","2,500,000","1,800,000","1,900,000","2,100,000","2,200,000","2,100,000","2,400,000","3,300,000","3,200,000","1,900,000","2,300,000","2,800,000","2,700,000","2,300,000","2,300,000","2,500,000","2,300,000","1,800,000","1,600,000","1,700,000","1,500,000","1,000,000","400,000","400,000","300,000","200,000",,"200,000","500,000","-700,000","-300,000","100,000","400,000",,"-100,000","100,000","300,000","200,000","200,000","700,000","1,000,000","300,000","400,000","600,000","600,000","100,000","200,000","400,000","500,000","200,000","300,000","-100,000"
			NetIncomeDiscontinuousOperations,,,,,,,,,,,,,,,,,,,,,,,,,,,,,,,,,,,,,,,,,,,,,,,"0","0","0","0","-564,000","203,000","824,000","459,000",,,,,,,,,,,,,,,,,,,,,,,,,,,,,,,,,,,,,,,,,,,,,,,,,,,,,,,,,,,,,,,,,,,,,,,,,,,,,,,,,,,,,,,,,,,,,,
AverageDilutionEarnings,,"317,000",,,,,,,,,,,,,,,,,,,,,,,,,,,,,,,,,,,,,,,,,,,,,,,,,,,,,,,,,,,,,,,,,,,,,,,,,,,,,,,,,,,,,,,,,,,,,,,,,,,,,,,,,,,,,,,,,,,,,,,,,,,,,,,,,,,,,,,,,,,,,,,,,,
DilutedNIAvailtoComStockholders,"290,392,000","112,990,000","61,020,000","57,397,000","58,985,000","47,513,000","37,824,000","37,336,000","714,000","21,187,000","19,984,000","21,317,000","27,416,000","20,849,000","26,970,000","27,934,000","34,860,000","30,068,000","29,046,000","17,945,000","21,260,000","17,467,000","14,816,000","12,025,000","16,703,000","12,033,000","12,036,000","8,960,000","12,073,000","9,150,000","7,293,000","7,254,000","9,231,000","6,896,000","5,012,000","5,452,000","7,557,000","6,019,000","3,217,000","6,554,000","13,313,000","5,011,000","1,472,000","4,536,000","3,697,000","-1,235,000","-939,000","-629,000","1,884,000","910,000","913,000","-622,000","-666,000","-4,146,000","-69,158,000","-2,337,000","1,858,000","-1,870,000","-4,069,000","166,000","-1,286,000","-654,000","211,000","406,000","1,306,000","706,000","1,178,240","138,645","237,995","-130,880","-98,835","667,035","554,205","-521,590","591,990","227,160","25,470","-900,070","-964,330","153,000","636,090","269,760","-3,506,160","-729,615","211,895","-1,747,530","-1,416,385","604,812","880,055","-4,602,352","1,204,290","1,300,000","2,700,000","2,200,000","2,300,000","2,700,000","2,500,000","1,800,000","1,900,000","2,100,000","2,200,000","2,100,000","2,400,000","3,300,000","3,200,000","1,900,000","2,300,000","2,800,000","2,700,000","2,300,000","2,300,000","2,500,000","2,300,000","1,800,000","1,600,000","1,700,000","1,500,000","1,000,000","400,000","400,000","300,000","200,000",,"200,000","500,000","-700,000","-300,000","100,000","400,000",,"-100,000","100,000","300,000",,,,,,,,,,,,,,,
BasicEPS,,"5","2.69","2.52","2.57","2.09","1.68","1.65","0.03","0.92","0.87","0.92","1.19","0.9","1.17","1.17","1.44","1.22","1.18","0.727","0.867","0.767","0.6","0.533","0.74","0.54","0.527","0.387","0.527","0.4","0.311","0.302","0.382","0.284","0.209","0.227","0.311","0.244","0.133","0.271","0.56","0.218",,"0.204","0.169","-0.058",,"-0.031","0.089","0.044",,"-0.031","-0.031","-0.2",,"-0.116","0.111","-0.133",,"0.013","-0.111","-0.058",,"0.036","0.12","0.067",,"0.013","0.022","-0.013",,"0.062","0.053","-0.049",,"0.022","0.004","-0.089",,"0.013","0.062","0.027",,"-0.071","0.022","-0.173",,"0.049","0.071","-0.382",,"0.102","0.209","0.169",,"0.204","0.187","0.138",,"0.156","0.169","0.156",,"0.244","0.24","0.147",,"0.213","0.2","0.173",,"0.182","0.164","0.129",,"0.069","0.073","0.034",,"0.016","0.012","0.006",,"0.007","0.018","-0.024",,"0.003","0.013","0.001",,"0.004","0.01","0.006",,"0.016","0.034","0.011",,"0.018","0.016","0.003",,"0.011","0.015","0.008",,"-0.002"
DilutedEPS,,"4.54","2.62","2.45","2.52","2.04","1.64","1.62","0.03","0.91","0.86","0.92","1.18","0.9","1.15","1.15","1.42","1.2","1.16","0.72","0.853","0.747","0.593","0.527","0.733","0.533","0.52","0.387","0.52","0.396","0.307","0.302","0.382","0.284","0.209","0.227","0.311","0.244","0.133","0.267","0.542","0.209",,"0.196","0.16","-0.058",,"-0.031","0.084","0.04",,"-0.031","-0.031","-0.2",,"-0.116","0.111","-0.133",,"0.013","-0.111","-0.058",,"0.036","0.12","0.062",,"0.013","0.022","-0.013",,"0.062","0.053","-0.049",,"0.022","0.004","-0.089",,"0.013","0.062","0.027",,"-0.071","0.022","-0.173",,"0.049","0.071","-0.382",,"0.102","0.209","0.169",,"0.204","0.187","0.138",,"0.156","0.169","0.156",,"0.244","0.236","0.147",,"0.213","0.2","0.173",,"0.182","0.164","0.129",,"0.069","0.073","0.034",,"0.016","0.012","0.006",,"0.007","0.018","-0.024",,"0.003","0.013","0.001",,"0.004","0.01","0.006",,"0.016","0.034","0.011",,"0.018","0.016","0.003",,"0.011","0.015","0.008",,"-0.002"
BasicAverageShares,,"22,517,000","22,653,000","22,789,000","22,948,000","22,737,000","22,576,000","22,674,000","22,667,000","23,016,000","23,017,000","23,076,000","23,102,000","23,039,000","23,150,000","23,894,000","24,202,000","24,740,000","24,675,000","24,663,000","24,600,000","22,857,000","22,564,500","22,572,000","22,512,000","22,422,000","22,971,000","23,013,000","22,968,000","22,990,500","23,566,500","23,978,250","24,090,750","24,079,500","23,976,000","23,973,750","24,120,000","24,534,000","24,320,250","24,014,250","23,683,500","22,992,750",,"22,196,250","21,818,250","21,267,000",,"21,152,250","20,994,750","20,857,500",,"20,783,250","20,625,750","20,506,500",,"20,497,500","16,769,250","14,076,000",,"13,473,000","12,199,500","11,038,500",,"11,002,500","10,944,000","10,872,000",,"10,754,014","10,712,522","10,681,157",,"10,645,035","10,568,607","10,441,667",,"10,374,833","10,328,235","10,314,587",,"10,251,306","10,224,033","10,191,982",,"10,191,748","10,165,639","10,165,448",,"11,567,868","11,854,498","12,029,278",,"12,717,391","12,925,532","13,026,316",,"13,206,522","13,392,857","13,064,516",,"13,500,000","13,026,316","13,500,000",,"13,500,000","13,333,333","12,954,545",,"13,125,000","13,500,000","13,269,231",,"13,719,512","13,986,486","13,965,517",,"13,891,500","10,201,500","9,864,000",,"9,702,000","9,702,000","9,634,500",,"9,688,500","9,747,000","10,026,000",,"10,066,500","10,039,500","10,057,500",,"10,134,000","10,134,000","10,134,000",,"9,432,000","9,432,000","10,377,000",,"10,377,000","10,377,000","9,000,000",,"9,000,000","9,000,000","9,000,000",,"9,000,000"
DilutedAverageShares,,"24,882,000","23,299,000","23,403,000","23,435,000","23,286,000","23,083,000","23,072,000","22,932,000","23,267,000","23,281,000","23,273,000","23,316,000","23,248,000","23,422,000","24,232,000","24,515,000","25,110,000","25,105,000","25,032,000","24,990,000","23,323,500","22,975,500","22,852,500","22,764,000","22,695,000","23,241,000","23,298,000","23,269,500","23,215,500","23,721,750","24,120,000","24,212,250","24,333,750","24,097,500","24,068,250","24,214,500","24,716,250","24,504,750","24,545,250","24,572,250","24,090,750",,"23,370,750","22,916,250","21,267,000",,"21,152,250","22,302,000","22,167,000",,"20,783,250","20,625,750","20,506,500",,"20,497,500","16,845,750","14,076,000",,"13,646,250","12,199,500","11,038,500",,"11,002,500","10,944,000","11,346,429",,"10,754,014","10,712,522","10,681,157",,"10,645,035","10,568,607","10,441,667",,"10,374,833","10,328,235","10,314,587",,"10,251,306","10,224,033","10,191,982",,"10,191,748","10,165,639","10,165,448",,"11,567,868","11,854,498","12,029,278",,"12,717,391","12,925,532","13,026,316",,"13,206,522","13,392,857","13,064,516",,"13,500,000","13,026,316","13,500,000",,"13,500,000","13,584,906","12,954,545",,"13,125,000","13,500,000","13,269,231",,"13,719,512","13,986,486","13,965,517",,"13,891,500","10,201,500","9,864,000",,"9,702,000","9,702,000","9,634,500",,"9,688,500","9,747,000","10,026,000",,"10,066,500","10,039,500","10,057,500",,"10,134,000","10,134,000","10,134,000",,"9,432,000","9,432,000","10,377,000",,"10,377,000","10,377,000","9,000,000",,"9,000,000","9,000,000","9,000,000",,"9,000,000"
TotalOperatingIncomeAsReported,"444,986,000","161,755,000","94,692,000","93,273,000","95,266,000","68,481,000","62,159,000","59,829,000","12,106,000","39,279,000","35,977,000","37,410,000","45,229,000","35,826,000","38,893,000","44,709,000","53,055,000","41,758,000","34,104,000","30,174,000","33,707,000","23,915,000","22,099,000","20,117,000","28,007,000","20,614,000","18,782,000","15,202,000","20,371,000","15,563,000","11,703,000","12,490,000","15,517,000","11,761,000","8,640,000","8,975,000","12,914,000","10,416,000","4,616,000","7,311,000","7,587,000","7,526,000","2,964,000","5,244,000","4,495,000","772,000","85,000","718,000","2,900,000","2,703,000","1,891,000","1,706,000","577,000","-2,827,000","-71,264,000","-2,376,000","4,564,000","-1,586,000","-3,406,000","2,415,000","-608,000","-529,000","981,000","1,109,000","2,519,000","1,545,000","2,331,745","666,530","785,535","52,190","9,220","1,331,830","1,055,270","-724,260","1,097,959","552,547","232,309","-1,293,820","-1,421,553","449,832","1,339,633","680,967","-5,564,100","-938,994","599,185","-2,674,701","-1,554,878","1,145,451","2,147,319","-213,856","2,166,636","2,600,000","4,600,000","4,000,000","4,100,000","4,900,000","4,400,000","3,300,000","3,500,000","3,700,000","4,000,000","3,700,000","4,200,000","5,700,000","5,500,000","3,500,000","3,800,000","5,000,000","4,700,000","4,100,000","4,700,000","4,100,000","3,700,000","3,100,000","2,600,000","3,000,000","2,700,000","1,900,000","800,000","1,000,000","500,000","300,000","-100,000","700,000","1,200,000","-600,000","-300,000","500,000","1,000,000","300,000","100,000","700,000","1,000,000",,,,,,,,,,,,,,,
TotalExpenses,"4,124,798,000","1,180,420,000","1,052,787,000","966,904,000","924,687,000","782,002,000","710,454,000","640,878,000","411,939,000","549,953,000","513,483,000","528,776,000","567,989,000","572,392,000","492,318,000","530,430,000","551,824,000","510,074,000","441,466,000","377,337,000","373,438,000","321,512,000","301,884,000","284,028,000","287,153,000","257,985,000","229,826,000","199,592,000","213,115,000","207,831,000","177,814,000","175,699,000","172,301,000","158,402,000","137,978,000","137,642,000","147,088,000","131,708,000","101,513,000","105,869,000","108,021,000","95,162,000","75,295,000","72,206,000","78,353,000","68,737,000","60,863,000","72,067,000","80,965,000","60,797,000","51,496,000","56,636,000","55,301,000","47,742,000","87,187,000","90,780,000","104,597,000","112,597,000","106,418,000","134,141,000","113,551,000","78,677,000","71,826,000","89,740,000","92,173,000","87,736,000","81,561,125","80,465,670","77,859,070","79,678,135","76,951,785","78,929,070","77,564,930","66,436,615","65,081,443","69,480,021","70,717,636","68,578,900","71,518,903","80,398,268","80,957,930","74,561,822","73,479,662","78,466,502","78,309,607","70,969,438","72,504,059","88,799,061","98,755,121","100,037,929","107,789,624","114,400,000","118,400,000","103,400,000","107,600,000","114,200,000","113,300,000","101,700,000","98,400,000","101,400,000","102,600,000","93,200,000","92,500,000","100,000,000","101,900,000","90,300,000","85,000,000","89,100,000","87,900,000","82,900,000","78,200,000","81,900,000","81,500,000","73,800,000","65,900,000","69,100,000","60,300,000","53,100,000","48,400,000","49,700,000","44,100,000","39,500,000","32,700,000","38,500,000","38,900,000","31,600,000","31,800,000","38,200,000","37,100,000","33,300,000","33,000,000","37,600,000","38,200,000",,,,,,,,,,,,,,,
NetIncomeFromContinuingAndDiscontinuedOperation,"290,075,000","112,673,000","61,020,000","57,397,000","58,985,000","47,513,000","37,824,000","37,336,000","714,000","21,187,000","19,984,000","21,317,000","27,416,000","20,849,000","26,970,000","27,934,000","34,860,000","30,068,000","29,046,000","17,945,000","21,260,000","17,467,000","14,816,000","12,025,000","16,703,000","12,033,000","12,036,000","8,960,000","12,073,000","9,150,000","7,293,000","7,254,000","9,231,000","6,896,000","5,012,000","5,452,000","7,557,000","6,019,000","3,217,000","6,554,000","13,313,000","5,011,000","1,472,000","4,536,000","3,697,000","-1,235,000","-939,000","-629,000","1,884,000","910,000","913,000","-622,000","-666,000","-4,146,000","-69,158,000","-2,337,000","1,858,000","-1,870,000","-4,069,000","166,000","-1,286,000","-654,000","211,000","406,000","1,306,000","706,000","1,178,240","138,645","237,995","-130,880","-98,835","667,035","554,205","-521,590","591,990","227,160","25,470","-900,070","-964,330","153,000","636,090","269,760","-3,506,160","-729,615","211,895","-1,747,530","-1,416,385","604,812","880,055","-4,602,352","1,204,290","1,300,000","2,700,000","2,200,000","2,300,000","2,700,000","2,500,000","1,800,000","1,900,000","2,100,000","2,200,000","2,100,000","2,400,000","3,300,000","3,200,000","1,900,000","2,300,000","2,800,000","2,700,000","2,300,000","2,300,000","2,500,000","2,300,000","1,800,000","1,600,000","1,700,000","1,500,000","1,000,000","400,000","400,000","300,000","200,000",,"200,000","500,000","-700,000","-300,000","100,000","400,000",,"-100,000","100,000","300,000",,,,,,,,,,,,,,,
NormalizedIncome,"290,075,000","112,673,000","61,020,000","57,397,000","58,985,000","47,513,000","37,824,000","37,336,000","714,000","21,187,000","19,984,000","21,317,000","27,416,000","20,849,000","26,970,000","27,934,000","34,860,000","30,068,000","29,046,000","17,945,000","21,260,000","17,467,000","14,816,000","12,028,964.286","16,704,899.867","12,057,110.414","12,071,444.971","8,967,015.446","12,069,900.067","9,146,280.236","7,330,585.986","7,222,635","9,253,754.63","6,888,005","5,008,280.059","5,455,876","7,297,212.879","6,016,559.205","3,216,350","6,247,000","13,398,150","6,681,000","1,988,100","4,456,000","3,368,750","-989,000","-3,640,926.471","-756,000","1,537,000","1,192,000","1,137,050","107,000","-1,490,000","-4,665,000","-14,281,156.68","-2,340,149.596","-485,599.322","-2,140,923.181","-2,512,072.105","166,000","-1,176,270.98","-654,000","211,000","406,000","1,306,000","706,000","1,178,240","138,645","237,995","-130,880","-98,835","667,035","554,205","-521,590","591,990","369,339.194","25,470","-900,070","-964,330","153,000","797,598","269,760","-3,506,160","-729,615","211,895","-1,747,530","-1,081,290.376","500,935.8","1,080,197.497","-325,224.813","1,204,290","1,300,000","2,700,000","2,200,000","2,300,000","2,700,000","2,500,000","1,800,000","1,900,000","2,100,000","2,200,000","2,100,000","2,400,000","3,300,000","3,200,000","1,900,000","2,300,000","2,800,000","2,700,000","2,300,000","2,300,000","2,500,000","2,300,000","1,800,000","1,600,000","1,700,000","1,500,000","1,000,000","400,000","400,000","300,000","200,000",,"200,000","500,000","-700,000","-300,000","100,000","400,000",,"-100,000","100,000","300,000",,,,,,,,,,,,,,,
InterestExpense,"61,597,000","14,886,000","16,695,000","15,436,000","14,580,000","11,179,000","11,181,000","10,507,000","10,821,000","10,492,000","10,394,000","8,603,000","8,636,000","8,983,000","8,456,000","7,338,000","6,264,000","4,378,000","2,631,000","2,135,000","2,010,000","2,014,000","1,987,000","1,917,000","1,632,000","1,649,000","1,464,000","1,153,000","898,000","804,000","643,000","694,000","507,000","549,000","556,000","541,000","522,000","552,000","1,572,000","830,000","790,000","845,000","880,000","777,000","1,075,000","1,737,000","1,174,000","1,474,000","1,363,000","1,511,000","1,406,000","1,599,000","1,599,000","1,838,000",,,,,,,,,,,,,,,,,,,,,,,,,,,,,,,,,,,,,,,,,,,,,,,,,,,,,,,,,,,,,,,,,,,,,,,,,,,,,,,,,,,,,,,,,,,,,,
NetInterestIncome,"-61,597,000","-14,886,000","-16,695,000","-15,436,000","-14,580,000","-11,179,000","-11,181,000","-10,507,000","-10,821,000","-10,492,000","-10,394,000","-8,603,000","-8,636,000","-8,983,000","-8,456,000","-7,338,000","-6,264,000","-4,378,000","-2,631,000","-2,135,000","-2,010,000","-2,014,000","-1,987,000","-1,917,000","-1,632,000","-1,649,000","-1,464,000","-1,153,000","-898,000","-804,000","-643,000","-694,000","-507,000","-549,000","-556,000","-541,000","-522,000","-552,000","-1,572,000","-830,000","-790,000","-845,000","-880,000","-777,000","-1,075,000","-1,737,000","-1,174,000","-1,474,000","-1,363,000","-1,511,000","-1,406,000","-1,599,000","-1,599,000","-1,838,000",,,,,,,,,,,,,,,,,,,,,,,,,,,,,,,,,,,,,,,,,,,,,,,,,,,,,,,,,,,,,,,,,,,,,,,,,,,,,,,,,,,,,,,,,,,,,,
EBIT,"444,986,000","161,755,000","94,692,000","93,273,000","95,266,000","68,481,000","62,159,000","59,829,000","12,106,000","39,279,000","35,977,000","37,410,000","45,229,000","35,826,000","38,893,000","44,709,000","53,055,000","41,758,000","34,104,000","30,174,000","33,707,000","23,915,000","22,099,000","20,117,000","28,007,000","20,614,000","18,782,000","15,202,000","20,371,000","15,563,000","11,703,000","12,490,000","15,517,000","11,761,000","8,640,000","8,975,000","12,914,000","10,416,000","4,616,000","7,384,000","7,453,000","5,856,000","2,189,000","5,313,000","4,772,000","502,000","154,000","845,000","3,247,000","2,421,000","2,414,000","774,000","109,000","-2,767,000","-71,264,000","-2,351,000","5,191,000","-1,586,000","956,000","2,415,000","-426,000","-529,000","981,000","1,109,000","2,519,000","1,545,000","2,331,745","666,530","785,535","52,190","9,220","1,331,830","1,055,270","-724,260","1,097,959","787,547","232,309","-1,293,820","-1,421,553","449,832","1,608,813","680,967","-5,140,483","-938,994","599,185","-2,674,701","-1,554,878","1,145,451","2,147,319","-213,856","2,166,636","2,600,000","4,600,000","4,000,000","4,100,000","4,900,000","4,400,000","3,300,000","3,500,000","3,700,000","4,000,000","3,700,000","4,200,000","5,700,000","5,500,000","3,500,000","3,800,000","5,000,000","4,700,000","4,100,000","4,700,000","4,100,000","3,700,000","3,100,000","2,600,000","3,000,000","2,700,000","1,900,000","800,000","1,000,000","500,000","300,000","-100,000","700,000","1,200,000","-600,000","-300,000","500,000","1,000,000","300,000","100,000","700,000","1,000,000","36,300,000","-108,500,000","41,600,000","40,200,000","31,600,000","-93,100,000","35,800,000","32,600,000","28,100,000","-89,300,000","32,600,000","32,500,000","27,500,000","-91,700,000","34,500,000"
EBITDA,"557,474,000"
ReconciledCostOfRevenue,"3,583,573,000","1,033,490,000","907,579,000","839,191,000","803,313,000","678,336,000","621,248,000","559,165,000","342,588,000","472,177,000","443,247,000","454,840,000","494,121,000","495,116,000","428,460,000","462,903,000","485,113,000","449,880,000","390,997,000","334,827,000","332,101,000","284,646,000","267,955,000","252,426,000","257,202,000","230,841,000","205,016,000","177,787,000","191,160,000","186,103,000","158,391,000","156,516,000","154,672,000","141,679,000","123,710,000","123,662,000","133,214,000","118,396,000","90,198,000","95,231,000","96,989,000","85,142,000","66,029,000","63,240,000","69,580,000","60,578,000","51,359,000","63,917,000","73,033,000","55,879,000","46,475,000","49,706,000","48,473,000","40,071,000","20,369,000","77,742,000","95,321,000","97,850,000","94,785,000","119,473,000","101,151,000","69,334,000","63,973,000","80,321,000","82,993,000","78,279,000","73,345,880","71,905,515","69,081,010","70,927,595","68,625,065","69,848,245","69,082,255","58,119,215","58,538,605","61,358,268","62,388,252","60,213,755","61,844,544","70,498,170","71,712,567","65,506,487","60,673,716","68,352,088","68,822,170","59,303,008","61,689,340","76,890,083","86,292,979","86,605,787","94,013,228","101,300,000","104,600,000","91,300,000","94,500,000","101,400,000","100,500,000","90,000,000","86,800,000","90,200,000","92,000,000","83,600,000","82,800,000","90,000,000","91,900,000","80,900,000","75,700,000","80,000,000","79,300,000","74,300,000","71,200,000","74,000,000","73,900,000","66,700,000","51,700,000","64,800,000","54,000,000","47,400,000","42,700,000","44,000,000","38,700,000","34,400,000","28,200,000","33,700,000","34,000,000","27,200,000","24,900,000","34,100,000","33,100,000","29,600,000","26,800,000","33,600,000","34,400,000",,,,,,,,,,,,,,,
ReconciledDepreciation,"112,488,000","30,201,000","28,510,000","27,583,000","26,194,000","22,521,000","20,315,000","18,266,000","17,514,000","17,175,000","16,346,000","16,202,000","14,704,000","15,543,000","15,159,000","14,454,000","14,114,000","11,325,000","9,025,000","8,738,000","8,361,000","7,417,000","6,688,000","6,560,000","5,902,000","5,212,000","4,984,000","4,331,000","3,910,000","3,550,000","3,115,000","3,002,000","2,205,000","2,111,000","2,081,000","1,686,000","1,723,000","1,807,000","1,893,000","1,154,000","1,111,000","1,428,000","1,330,000","1,203,000","1,194,000","1,189,000","1,250,000","1,229,000","1,222,000","1,269,000","1,256,000","1,299,000","1,376,000","1,340,000","2,070,000","1,966,000","2,098,000","1,939,000","2,101,000","2,169,000","1,519,000","959,000","965,000","1,055,000","1,020,000","1,046,000","926,530","1,162,017","1,158,506","1,164,947","869,856","1,257,332","1,415,384","1,399,259","1,587,968","1,439,331","1,427,638","1,442,114","1,493,282","1,567,125","1,576,539","1,658,442","1,782,684","1,894,982","1,927,886","1,906,734","1,796,462","1,931,998","2,043,742","2,464,823","2,404,059","2,200,000","2,200,000","2,100,000","2,300,000","1,800,000","1,800,000","1,700,000","1,600,000","1,500,000","1,300,000","1,400,000","1,100,000","1,200,000","1,100,000","1,100,000","1,100,000","900,000","800,000","800,000","700,000","800,000","700,000","700,000","600,000","700,000","700,000","600,000","700,000","600,000","600,000","600,000","700,000","600,000","600,000","600,000",,,,,,,,,,,,,,,,,,,,,,
NetIncomeFromContinuingOperationNetMinorityInterest,"290,075,000","112,673,000","61,020,000","57,397,000","58,985,000","47,513,000","37,824,000","37,336,000","714,000","21,187,000","19,984,000","21,317,000","27,416,000","20,849,000","26,970,000","27,934,000","34,860,000","30,068,000","29,046,000","17,945,000","21,260,000","17,467,000","14,816,000","12,025,000","16,703,000","12,033,000","12,036,000","8,960,000","12,073,000","9,150,000","7,293,000","7,254,000","9,231,000","6,896,000","5,012,000","5,452,000","7,557,000","6,019,000","3,217,000","6,554,000","13,313,000","5,011,000","1,472,000","4,536,000","3,697,000","-1,235,000","-939,000","-629,000","1,884,000","910,000","1,477,000","-825,000","-1,490,000","-4,605,000","-64,308,000","-2,337,000","1,858,000","-1,870,000","-4,069,000","166,000","-1,286,000","-654,000","211,000","406,000","1,306,000","706,000","1,178,240","138,645","237,995","-130,880","-98,835","667,035","554,205","-521,590","591,990","227,160","25,470","-900,070","-964,330","153,000","636,090","269,760","-3,506,160","-729,615","211,895","-1,747,530","-1,416,385","604,812","880,055","-4,602,352","1,204,290","1,300,000","2,700,000","2,200,000","2,300,000","2,700,000","2,500,000","1,800,000","1,900,000","2,100,000","2,200,000","2,100,000","2,400,000","3,300,000","3,200,000","1,900,000","2,300,000","2,800,000","2,700,000","2,300,000","2,300,000","2,500,000","2,300,000","1,800,000","1,600,000","1,700,000","1,500,000","1,000,000","400,000","400,000","300,000","200,000",,"200,000","500,000","-700,000","-300,000","100,000","400,000",,"-100,000","100,000","300,000",,,,,,,,,,,,,,,
TotalUnusualItemsExcludingGoodwill,,,,,,,,,,,,,,,,,,,,,,,,"-6,000","-3,000","-38,000","-51,000","-11,000","5,000","6,000","-57,000","51,000","-37,000","13,000","6,000","-6,000","426,000","4,000","1,000","307,000","-131,000","-1,670,000","-794,000","80,000","505,000","-246,000","2,935,000","127,000","347,000","-282,000","523,000","-932,000","0","60,000","-56,696,000","5,000","3,721,000","430,000","-2,181,000",,"-182,000",,,,,,,,,,,,,,"0","-235,000",,,"0",,"-269,180",,,,,,"-558,383","173,127","-332,342","-6,937,163",,,,,,,,,,,,,,,,,,,,,,,,,,,,,,,,,,,,,,,,,,,,,,,,,,,,,,,,,,
TotalUnusualItems,,,,,,,,,,,,,,,,,,,,,,,,"-6,000","-3,000","-38,000","-51,000","-11,000","5,000","6,000","-57,000","51,000","-37,000","13,000","6,000","-6,000","426,000","4,000","1,000","307,000","-131,000","-1,670,000","-794,000","80,000","505,000","-246,000","2,935,000","127,000","347,000","-282,000","523,000","-932,000","0","60,000","-56,696,000","5,000","3,721,000","430,000","-2,181,000",,"-182,000",,,,,,,,,,,,,,"0","-235,000",,,"0",,"-269,180",,,,,,"-558,383","173,127","-332,342","-6,937,163",,,,,,,,,,,,,,,,,,,,,,,,,,,,,,,,,,,,,,,,,,,,,,,,,,,,,,,,,,
NormalizedEBITDA,"557,474,000","191,956,000","123,202,000","120,856,000","121,460,000","91,002,000","82,474,000","78,095,000","29,620,000","56,454,000","52,323,000","53,612,000","59,933,000","51,369,000","54,052,000","59,163,000","67,169,000","53,083,000","43,129,000","38,912,000","42,068,000","31,332,000","28,787,000","26,683,000","33,912,000","25,864,000","23,817,000","19,544,000","24,276,000","19,107,000","14,875,000","15,441,000","17,759,000","13,859,000","10,715,000","10,667,000","14,211,000","12,219,000","6,508,000","8,231,000","8,695,000","8,954,000","4,313,000","6,436,000","5,461,000","1,937,000","-1,531,000","1,947,000","4,122,000","3,972,000","3,147,000","3,005,000","1,485,000","-1,487,000","-12,498,000","-390,000","3,568,000","-77,000","5,238,000","4,584,000","1,275,000","430,000","1,946,000","2,164,000","3,539,000","2,591,000","3,258,275","1,828,547","1,944,041","1,217,137","879,076","2,589,162","2,470,654","674,999","2,685,927","2,461,878","1,659,947","148,294","71,729","2,016,957","3,454,532","2,339,409","-3,357,799","955,988","2,527,071","-767,967","799,967","2,904,322","4,523,403","9,188,130","4,570,695","4,800,000","6,800,000","6,100,000","6,400,000","6,700,000","6,200,000","5,000,000","5,100,000","5,200,000","5,300,000","5,100,000","5,300,000","6,900,000","6,600,000","4,600,000","4,900,000","5,900,000","5,500,000","4,900,000","5,400,000","4,900,000","4,400,000","3,800,000","3,200,000","3,800,000","3,400,000","2,500,000","1,500,000","1,600,000","1,100,000","900,000","600,000","1,300,000","1,800,000","0","-300,000","500,000","1,000,000","300,000","100,000","700,000","1,000,000","36,300,000","-108,500,000","41,600,000","40,200,000","31,600,000","-93,100,000","35,800,000","32,600,000","28,100,000","-89,300,000","32,600,000","32,500,000","27,500,000","-91,700,000","34,500,000"
TaxRateForCalcs,"0.243","0.233","0.218","0.263","0.269","0.171","0.258","0.243","0.27","0.264","0.219","0.26","0.251","0.223","0.114","0.253","0.255","0.196","0.077","0.36","0.329","0.202","0.263","0.339","0.367","0.366","0.305","0.362","0.38","0.38","0.341","0.385","0.385","0.385","0.38","0.354","0.39","0.39","0.35","0","0.35","0","0.35","0","0.35","0","0.079","0","0","0","0.35","0","0","0","0.118","0.37","0.37","0.37","0.286","0.399","0.397","0.35","0.4","0.388","0.4","0.4","0.4","0.4","0.4","0.4","0.4","0.4","0.396","0.395","0.396","0.395","0.396","0.395","0.4","0.399","0.4","0.4","0.392","0.4","0.399","0.4","0.4","0.4","0.398","0.383","0.357","0.4","0.386","0.389","0.395","0.4","0.4","0.4","0.4","0.4","0.389","0.382","0.385","0.389","0.396","0.387","0.361","0.391","0.386","0.395","0.378","0.39","0.395","0.379","0.36","0.393","0.375","0.375","0.333","0.4","0.4","0.333",,"0.4","0.4","0.364","0","0.4","0.4",,"0.4","0.4","0.4",,,,,,,,,,,,,,,
TaxEffectOfUnusualItems,"0","0","0","0","0","0","0","0","0","0","0","0","0","0","0","0","0","0","0","0","0","0","0","-2,035.714","-1,100.133","-13,889.586","-15,555.029","-3,984.554","1,900.067","2,280.236","-19,414.014","19,635","-14,245.37","5,005","2,280.059","-2,124","166,212.879","1,559.205","350","0","-45,850","0","-277,900","0","176,750","0","233,073.529","0","0","0","183,050","0","0","0","-6,669,156.68","1,850.404","1,377,400.678","159,076.819","-624,072.105","0","-72,270.98","0","0","0","0","0","0","0","0","0","0","0","0","0","0","-92,820.806","0","0","0","0","-107,672","0","0","0","0","0","-223,288.376","69,250.8","-132,199.503","-2,660,035.813","0","0","0","0","0","0","0","0","0","0","0","0","0","0","0","0","0","0","0","0","0","0","0","0","0","0","0","0","0","0","0","0",,"0","0","0","0","0","0",,"0","0","0",,,,,,,,,,,,,,,