name,ttm,03/31/2022,12/31/2021,09/30/2021,06/30/2021,03/31/2021,12/31/2020,09/30/2020,06/30/2020,03/31/2020,12/31/2019,09/30/2019,06/30/2019,03/31/2019,12/31/2018,09/30/2018,06/30/2018,03/31/2018,12/31/2017,09/30/2017,06/30/2017,03/31/2017,12/31/2016,09/30/2016,06/30/2016,03/31/2016,12/31/2015,09/30/2015,06/30/2015,03/31/2015,12/31/2014,09/30/2014,06/30/2014,03/31/2014,12/31/2013,09/30/2013,06/30/2013,03/31/2013,12/31/2012,09/30/2012,06/30/2012,03/31/2012,12/31/2011,09/30/2011,06/30/2011,03/31/2011,12/31/2010,09/30/2010,06/30/2010,03/31/2010,12/31/2009,09/30/2009,06/30/2009,03/31/2009,12/31/2008,09/30/2008,06/30/2008,03/31/2008,12/31/2007,09/30/2007,06/30/2007,03/31/2007,12/31/2006,09/30/2006,06/30/2006,03/31/2006,12/31/2005,09/30/2005,06/30/2005,03/31/2005,12/31/2004,09/30/2004,06/30/2004,03/31/2004,12/31/2003,09/30/2003,06/30/2003,03/31/2003,12/31/2002,09/30/2002,06/30/2002,03/31/2002,12/31/2001,09/30/2001,06/30/2001,03/31/2001,12/31/2000,09/30/2000,06/30/2000,03/31/2000,12/31/1999,09/30/1999,06/30/1999,03/31/1999,12/31/1998,09/30/1998,06/30/1998,03/31/1998,12/31/1997,09/30/1997,06/30/1997,03/31/1997,12/31/1996,09/30/1996,06/30/1996,03/31/1996,12/31/1995,09/30/1995,06/30/1995,03/31/1995,12/31/1994,09/30/1994,06/30/1994,03/31/1994,12/31/1993,09/30/1993,06/30/1993,03/31/1993,12/31/1992,09/30/1992,06/30/1992,03/31/1992,12/31/1991,09/30/1991,06/30/1991,03/31/1991,12/31/1990,09/30/1990,06/30/1990,03/31/1990,12/31/1989,09/30/1989,06/30/1989,03/31/1989,12/31/1988,09/30/1988,06/30/1988,03/31/1988,12/31/1987,09/30/1987,06/30/1987,03/31/1987,12/31/1986,09/30/1986,06/30/1986,03/31/1986,12/31/1985,09/30/1985
TotalRevenue,"21,724,000,000","5,798,000,000","5,246,000,000","5,465,000,000","5,215,000,000","4,716,000,000","4,748,000,000","4,882,000,000","4,533,000,000","4,306,000,000","4,743,000,000","4,432,000,000","3,943,000,000","4,011,000,000","4,088,000,000","4,381,000,000","4,234,000,000","4,056,000,000","4,100,000,000","4,517,000,000","4,250,000,000","4,268,000,000","4,713,000,000","4,810,000,000","4,169,000,000","3,974,000,000","4,167,000,000","4,550,000,000","4,217,000,000","3,899,000,000","4,308,000,000","4,939,000,000","3,952,000,000","3,891,000,000","3,975,000,000","4,175,000,000","3,776,000,000","3,672,000,000","3,830,000,000","3,976,000,000","3,593,000,000","3,641,000,000","3,815,000,000","3,860,000,000","3,684,000,000","3,597,000,000","3,621,000,000","3,513,000,000","3,232,000,000","3,475,000,000","3,539,000,000","3,235,000,000","3,194,000,000","3,431,000,000","3,643,000,000","3,674,000,000","3,578,000,000","3,733,000,000","3,416,000,000","3,279,000,000","3,187,000,000","3,356,000,000","3,206,000,000","3,168,000,000","3,017,000,000","3,148,000,000","3,733,000,000","2,804,000,000","2,498,000,000","2,669,000,000","2,980,000,000","2,623,000,000","2,749,000,000","2,722,000,000","2,538,000,000","3,103,000,000","2,926,000,000","2,607,000,000","2,015,000,000","4,018,000,000","5,752,000,000","4,767,000,000","4,970,000,000","6,301,000,000","5,013,000,000","6,675,000,000","8,082,000,000","7,504,000,000","5,638,000,000","5,008,000,000","4,363,000,000","6,380,000,000","4,820,000,000","5,257,000,000","5,495,000,000","5,307,000,000","4,787,000,000","4,353,000,000","4,888,600,000","4,063,000,000","3,083,000,000","3,365,500,000","2,700,700,000","2,521,900,000","2,138,700,000","2,248,800,000","2,221,400,000","2,645,200,000","2,447,700,000","2,307,300,000","2,638,200,000","2,855,200,000","2,439,700,000","2,514,300,000","2,707,200,000","2,947,300,000","2,464,100,000","2,463,800,000","2,557,800,000","2,798,800,000","2,519,700,000","2,419,900,000","2,635,000,000","2,520,300,000","2,351,900,000","2,270,900,000","2,452,000,000","2,597,700,000","2,172,600,000","2,247,800,000","2,146,800,000","2,245,900,000","2,086,500,000","2,109,100,000","2,043,500,000","1,966,000,000","1,766,600,000","1,869,600,000","1,830,900,000","1,827,900,000","1,774,700,000","1,752,200,000","1,927,500,000","2,000,900,000","1,876,700,000","2,011,600,000","2,066,900,000","2,167,400,000"
	OperatingRevenue,"21,724,000,000","5,798,000,000","5,246,000,000","5,465,000,000","5,215,000,000","4,716,000,000","4,748,000,000","4,882,000,000","4,533,000,000","4,306,000,000","4,743,000,000","4,432,000,000","3,943,000,000","4,011,000,000","4,088,000,000","4,381,000,000","4,234,000,000","4,056,000,000","4,100,000,000","4,517,000,000","4,250,000,000","4,268,000,000","4,713,000,000","4,810,000,000","4,169,000,000","3,974,000,000","4,167,000,000","4,550,000,000","4,217,000,000","3,899,000,000","4,308,000,000","4,939,000,000","3,952,000,000","3,891,000,000","3,975,000,000","4,175,000,000","3,776,000,000","3,672,000,000","3,830,000,000","3,976,000,000","3,593,000,000","3,641,000,000","3,815,000,000","3,860,000,000","3,684,000,000","3,597,000,000","3,621,000,000","3,513,000,000","3,232,000,000","3,475,000,000","3,539,000,000","3,235,000,000","3,194,000,000","3,431,000,000","3,643,000,000","3,674,000,000","3,578,000,000","3,733,000,000","3,416,000,000","3,279,000,000","3,187,000,000","3,356,000,000","3,206,000,000","3,168,000,000","3,017,000,000","3,148,000,000","3,733,000,000","2,804,000,000","2,498,000,000","2,669,000,000","2,980,000,000","2,623,000,000","2,749,000,000","2,722,000,000","2,538,000,000","3,103,000,000","2,926,000,000","2,607,000,000","2,015,000,000","4,018,000,000","5,752,000,000","4,767,000,000","4,970,000,000","6,301,000,000","5,013,000,000","6,675,000,000","8,082,000,000","7,504,000,000","5,638,000,000","5,008,000,000","4,363,000,000","6,380,000,000","4,820,000,000","5,257,000,000","5,495,000,000","5,307,000,000","4,787,000,000","4,353,000,000","4,888,600,000","4,063,000,000","3,083,000,000","3,365,500,000","2,700,700,000","2,521,900,000","2,138,700,000","2,248,800,000","2,221,400,000","2,645,200,000","2,447,700,000","2,307,300,000","2,638,200,000","2,855,200,000","2,439,700,000","2,514,300,000","2,707,200,000","2,947,300,000","2,464,100,000","2,463,800,000","2,557,800,000","2,798,800,000","2,519,700,000","2,419,900,000","2,635,000,000","2,520,300,000","2,351,900,000","2,270,900,000","2,452,000,000","2,597,700,000","2,172,600,000","2,247,800,000","2,146,800,000","2,245,900,000","2,086,500,000","2,109,100,000","2,043,500,000","1,966,000,000","1,766,600,000","1,869,600,000","1,830,900,000","1,827,900,000","1,774,700,000","1,752,200,000","1,927,500,000","2,000,900,000","1,876,700,000","2,011,600,000","2,066,900,000","2,167,400,000"
CostOfRevenue,"15,521,000,000","4,173,000,000","3,627,000,000","4,104,000,000","3,617,000,000","3,233,000,000","3,258,000,000","3,494,000,000","3,034,000,000","2,796,000,000","3,298,000,000","3,344,000,000","2,887,000,000","3,025,000,000","3,176,000,000","2,936,000,000","2,828,000,000","2,705,000,000","2,951,000,000","2,908,000,000","2,790,000,000","2,676,000,000","3,007,000,000","3,476,000,000","3,069,000,000","3,182,000,000","3,285,000,000","3,352,000,000","2,879,000,000","3,197,000,000","3,258,000,000","3,203,000,000","2,877,000,000","2,869,000,000","3,107,000,000","3,361,000,000","2,624,000,000","2,667,000,000","7,378,000,000","1,401,000,000","1,094,000,000","1,202,000,000","1,379,000,000","1,394,000,000","1,164,000,000","1,396,000,000","1,380,000,000","1,284,000,000","1,110,000,000","1,415,000,000","1,360,000,000","1,131,000,000","1,071,000,000","1,440,000,000","1,496,000,000","1,633,000,000","1,584,000,000","1,802,000,000","1,435,000,000","1,279,000,000","1,280,000,000","1,477,000,000","1,285,000,000","1,182,000,000","1,149,000,000","1,403,000,000","1,682,000,000","1,068,000,000","834,000,000","1,016,000,000","1,395,000,000","1,031,000,000","963,000,000","1,139,000,000","1,012,000,000","912,000,000","890,000,000","1,391,000,000","669,000,000","1,419,000,000","3,526,000,000","2,202,000,000","2,733,000,000","3,738,000,000","2,402,000,000","7,182,000,000","9,062,000,000","6,852,000,000","1,157,000,000","3,268,000,000","2,711,000,000","4,420,000,000","3,029,000,000","3,576,000,000","4,097,000,000","3,271,000,000","3,037,000,000","2,819,000,000","3,158,300,000","2,190,600,000","1,394,200,000","1,740,200,000",,,,,,,,"542,400,000",,,,,,,,,,,,,,,,,,,,,,,,,,,,,,,,,,,,,,
GrossProfit,"6,203,000,000","1,625,000,000","1,619,000,000","1,361,000,000","1,598,000,000","1,483,000,000","1,490,000,000","1,388,000,000","1,499,000,000","1,510,000,000","1,445,000,000","1,088,000,000","1,056,000,000","986,000,000","912,000,000","1,445,000,000","1,406,000,000","1,351,000,000","1,149,000,000","1,609,000,000","1,460,000,000","1,592,000,000","1,706,000,000","1,334,000,000","1,100,000,000","792,000,000","882,000,000","1,198,000,000","1,338,000,000","702,000,000","1,050,000,000","1,736,000,000","1,075,000,000","1,022,000,000","868,000,000","814,000,000","1,152,000,000","1,005,000,000","-3,548,000,000","2,575,000,000","2,499,000,000","2,439,000,000","2,436,000,000","2,466,000,000","2,520,000,000","2,201,000,000","2,241,000,000","2,229,000,000","2,122,000,000","2,060,000,000","2,179,000,000","2,104,000,000","2,123,000,000","1,991,000,000","2,147,000,000","2,041,000,000","1,994,000,000","1,931,000,000","1,981,000,000","2,000,000,000","1,907,000,000","1,879,000,000","1,921,000,000","1,986,000,000","1,868,000,000","1,745,000,000","2,051,000,000","1,736,000,000","1,664,000,000","1,653,000,000","1,585,000,000","1,592,000,000","1,786,000,000","1,583,000,000","1,526,000,000","2,191,000,000","2,036,000,000","1,216,000,000","1,346,000,000","2,599,000,000","2,226,000,000","2,565,000,000","2,237,000,000","2,563,000,000","2,611,000,000","-507,000,000","-980,000,000","652,000,000","4,481,000,000","1,740,000,000","1,652,000,000","1,960,000,000","1,791,000,000","1,681,000,000","1,398,000,000","2,036,000,000","1,750,000,000","1,534,000,000","1,730,300,000","1,872,400,000","1,688,800,000","1,625,300,000",,,,,,,,"1,764,900,000",,,,,,,,,,,,,,,,,,,,,,,,,,,,,,,,,,,,,,
OperatingExpense,"3,487,000,000","972,000,000","863,000,000","801,000,000","851,000,000","888,000,000","894,000,000","845,000,000","1,044,000,000","855,000,000","801,000,000","840,000,000","796,000,000","797,000,000","779,000,000","759,000,000","746,000,000","752,000,000","720,000,000","710,000,000","712,000,000","712,000,000","665,000,000","694,000,000","699,000,000","697,000,000","677,000,000","653,000,000","651,000,000","631,000,000","667,000,000","671,000,000","557,000,000","538,000,000","535,000,000","523,000,000","516,000,000","503,000,000","-3,673,000,000","1,961,000,000","2,032,000,000","1,952,000,000","2,078,000,000","2,058,000,000","1,828,000,000","1,717,000,000","1,749,000,000","1,726,000,000","1,427,000,000","1,442,000,000","1,656,000,000","1,497,000,000","1,467,000,000","1,478,000,000","1,602,000,000","1,402,000,000","1,410,000,000","1,438,000,000","1,532,000,000","1,418,000,000","1,352,000,000","1,350,000,000","1,482,000,000","1,251,000,000","1,403,000,000","1,276,000,000","1,635,000,000","1,221,000,000","1,126,000,000","1,152,000,000","1,017,000,000","1,083,000,000","1,114,000,000","-3,771,000,000","1,245,000,000","1,009,000,000","1,316,000,000","1,345,000,000","3,357,000,000","1,577,000,000","1,452,000,000","1,259,000,000","1,160,000,000","1,011,000,000","1,164,000,000","833,000,000","5,754,000,000","23,000,000","3,859,000,000","1,064,000,000","2,162,000,000","1,468,000,000","1,337,000,000","1,239,000,000","958,000,000","1,494,000,000","1,190,000,000","1,069,000,000","1,440,400,000","1,252,300,000","1,326,100,000","1,175,300,000",,,,,,,,"1,034,600,000",,,,,,,,,,,,,,,,,,,,,,,,,,,,,,,,,,,,,,
	SellingGeneralAndAdministration,,,,,,,,,"170,000,000",,,,,,,,,,,,,,,,,,,,,,,,,,,,,,,,,,,,,,,,,,,,,,,,,,,,,,,,,,,,,,,,,,,,,,,,,,,,,,,,,,,,,,,,,,,"208,200,000","200,300,000","173,000,000",,,,,,,,"261,100,000",,,,,,,,,,,,,,,,,,,,,,,,,,,,,,,,,,,,,,
		GeneralAndAdministrativeExpense,,,,,,,,,"170,000,000",,,,,,,,,,,,,,,,,,,,,,,,,,,,,,,,,,,,,,,,,,,,,,,,,,,,,,,,,,,,,,,,,,,,,,,,,,,,,,,,,,,,,,,,,,,,,,,,,,,,,,,,,,,,,,,,,,,,,,,,,,,,,,,,,,,,,,,,,,,
			InsuranceAndClaims,,,,,,,,,"170,000,000",,,,,,,,,,,,,,,,,,,,,,,,,,,,,,,,,,,,,,,,,,,,,,,,,,,,,,,,,,,,,,,,,,,,,,,,,,,,,,,,,,,,,,,,,,,,,,,,,,,,,,,,,,,,,,,,,,,,,,,,,,,,,,,,,,,,,,,,,,,
	DepreciationAmortizationDepletionIncomeStatement,"3,487,000,000","972,000,000","863,000,000","801,000,000","851,000,000","888,000,000","894,000,000","845,000,000","874,000,000","855,000,000","801,000,000","840,000,000","796,000,000","797,000,000","779,000,000","759,000,000","746,000,000","752,000,000","720,000,000","710,000,000","712,000,000","712,000,000","665,000,000","694,000,000","699,000,000","697,000,000","677,000,000","653,000,000","651,000,000","631,000,000","667,000,000","671,000,000","557,000,000","538,000,000","535,000,000","523,000,000","516,000,000","503,000,000","465,000,000","617,000,000","606,000,000","584,000,000","567,000,000","566,000,000","591,000,000","491,000,000","485,000,000","501,000,000","468,000,000","451,000,000","454,000,000","450,000,000","429,000,000","419,000,000","411,000,000","419,000,000","419,000,000","402,000,000","445,000,000","465,000,000","430,000,000","430,000,000","418,000,000","456,000,000","421,000,000","414,000,000","415,000,000","481,000,000","454,000,000","385,000,000","441,000,000","406,000,000","353,000,000","312,000,000","312,000,000","312,000,000","325,000,000","336,000,000","288,000,000","365,000,000","336,000,000","320,000,000","284,000,000","270,000,000","259,000,000","103,000,000","1,391,000,000","1,239,000,000","69,000,000","347,000,000","96,000,000","680,000,000","563,000,000","441,000,000","-183,000,000","593,000,000","612,000,000","587,000,000","524,600,000","504,200,000","465,700,000","492,800,000",,,,,,,,"385,500,000",,,,,,,,,,,,,,,,,,,,,,,,,,,,,,,,,,,,,,
		DepreciationAndAmortizationInIncomeStatement,"3,487,000,000","972,000,000","863,000,000","801,000,000","851,000,000","888,000,000","894,000,000","845,000,000","874,000,000","855,000,000","801,000,000","840,000,000","796,000,000","797,000,000","779,000,000","759,000,000","746,000,000","752,000,000","720,000,000","710,000,000","712,000,000","712,000,000","665,000,000","694,000,000","699,000,000","697,000,000","677,000,000","653,000,000","651,000,000","631,000,000","667,000,000","671,000,000","557,000,000","538,000,000","535,000,000","523,000,000","516,000,000","503,000,000",,,,,,,,,,,,,,,,,,,,,,,,,,,,,,,,,,,,,,,,,,,,,,,,,,,,,,,,,,,,,,,,,,,,,,,,,,,,,,,,,,,,,,,,,,,,,,,,,,,,,,,,,,,,,,
	OtherTaxes,,,,,,,,,,,,,,,,,,,,,,,,,,,,,,,,,,,,,,,,,,,,,,,,,,,,,,,,,,,,,,,,,,,,,,,,,,,,,,,,,,,,,,,,,,,,,,,,,,,,"74,400,000","80,600,000","82,400,000",,,,,,,,"73,900,000",,,,,,,,,,,,,,,,,,,,,,,,,,,,,,,,,,,,,,
	OtherOperatingExpenses,,,,,,"119,000,000","120,000,000","120,000,000","173,000,000",,,,,,,,,,,,,,,,,,,,,,,,,,,,,,,,,,,,,,,,,,,,,,,,,,,,,,,,,,,,"2,000,000",,"8,000,000",,"4,000,000","-4,898,000,000","80,000,000","7,000,000","78,000,000","235,000,000","2,515,000,000","149,000,000","283,000,000","16,000,000","64,000,000","25,000,000","8,000,000",,"3,263,000,000","-2,176,000,000","3,047,000,000",,,,,,,"-24,000,000","-31,000,000","-26,000,000","-57,800,000","-23,300,000","8,300,000","-25,400,000",,,,,,,,"13,300,000",,,,,,,,,,,,,,,,,,,,,,,,,,,,,,,,,,,,,,
OperatingIncome,"2,716,000,000","653,000,000","756,000,000","560,000,000","747,000,000","595,000,000","596,000,000","543,000,000","455,000,000","655,000,000","644,000,000","248,000,000","260,000,000","189,000,000","133,000,000","686,000,000","660,000,000","599,000,000","429,000,000","899,000,000","748,000,000","880,000,000","1,041,000,000","640,000,000","401,000,000","95,000,000","205,000,000","545,000,000","687,000,000","71,000,000","383,000,000","1,065,000,000","518,000,000","484,000,000","333,000,000","291,000,000","636,000,000","502,000,000","125,000,000","614,000,000","467,000,000","487,000,000","358,000,000","408,000,000","692,000,000","484,000,000","492,000,000","503,000,000","695,000,000","618,000,000","523,000,000","607,000,000","656,000,000","513,000,000","545,000,000","639,000,000","584,000,000","493,000,000","449,000,000","582,000,000","555,000,000","529,000,000","439,000,000","735,000,000","465,000,000","469,000,000","416,000,000","515,000,000","538,000,000","501,000,000","568,000,000","509,000,000","672,000,000","5,354,000,000","281,000,000","1,182,000,000","720,000,000","-129,000,000","-2,011,000,000","1,022,000,000","774,000,000","1,306,000,000","1,077,000,000","1,552,000,000","1,447,000,000","-1,340,000,000","-6,734,000,000","629,000,000","622,000,000","676,000,000","-510,000,000","492,000,000","454,000,000","442,000,000","440,000,000","542,000,000","560,000,000","465,000,000","289,900,000","620,100,000","362,700,000","450,000,000","-5,032,200,000","2,521,900,000","2,138,700,000","2,248,800,000","-4,637,400,000","2,645,200,000","2,447,700,000","730,300,000","2,638,200,000","2,855,200,000","2,439,700,000","2,514,300,000","2,707,200,000","2,947,300,000","2,464,100,000","2,463,800,000","2,557,800,000","2,798,800,000","2,519,700,000","2,419,900,000","2,635,000,000","2,520,300,000","2,351,900,000","2,270,900,000","2,452,000,000","2,597,700,000","2,172,600,000","2,247,800,000","2,146,800,000","2,245,900,000","2,086,500,000","2,109,100,000","2,043,500,000","1,966,000,000","1,766,600,000","1,869,600,000","1,830,900,000","1,827,900,000","1,774,700,000","1,752,200,000","1,927,500,000","2,000,900,000","1,876,700,000","2,011,600,000","2,066,900,000","2,167,400,000"
NetNonOperatingInterestIncomeExpense,"-1,586,000,000","-411,000,000","-393,000,000","-399,000,000","-383,000,000","-406,000,000","-410,000,000","-386,000,000","-187,000,000","-238,000,000","-699,000,000","-34,000,000","-38,000,000","-81,000,000","-210,000,000","-218,000,000","-214,000,000","-211,000,000","-216,000,000","-211,000,000","-217,000,000","-213,000,000","-202,000,000","-203,000,000","-202,000,000","-199,000,000","-195,000,000","-192,000,000","-189,000,000","-188,000,000","-185,000,000","-172,000,000","-186,000,000","-182,000,000","-180,000,000","-177,000,000","-175,000,000","-174,000,000","-174,000,000","-176,000,000","-173,000,000","-173,000,000","-173,000,000","-174,000,000","-171,000,000","-175,000,000","-172,000,000","-164,000,000","-173,000,000","-166,000,000","-166,000,000","-173,000,000","-161,000,000","-172,000,000",,,,,,,,,,,,,,,,,,,,,,,,,,,,,,,,,,,,,,,,,,,,,,,,,,,,,,,,,,,,,,,,,,,,,,,,,,,,,,,,,,,,,,,,,,,,,,
	InterestIncomeNonOperating,"26,000,000","8,000,000","3,000,000","0","15,000,000","2,000,000","6,000,000","5,000,000","12,000,000","16,000,000","20,000,000","18,000,000","22,000,000","22,000,000","41,000,000","14,000,000","12,000,000","9,000,000","9,000,000","9,000,000","8,000,000","5,000,000","6,000,000","8,000,000","5,000,000","4,000,000","3,000,000","2,000,000","3,000,000","1,000,000","2,000,000","2,000,000","2,000,000","3,000,000","3,000,000","2,000,000","2,000,000","2,000,000","1,000,000","2,000,000","3,000,000","1,000,000","0","2,000,000","3,000,000","2,000,000","2,000,000","3,000,000","2,000,000","2,000,000","6,000,000","1,000,000","17,000,000","9,000,000",,,,,,,,,,,,,,,,,,,,,,,,,,,,,,,,,,,,,,,,,,,,,,,,,,,,,,,,,,,,,,,,,,,,,,,,,,,,,,,,,,,,,,,,,,,,,,
	InterestExpenseNonOperating,"1,612,000,000","419,000,000","396,000,000","399,000,000","398,000,000","408,000,000","416,000,000","391,000,000","199,000,000","254,000,000","719,000,000","52,000,000","60,000,000","103,000,000","251,000,000","232,000,000","226,000,000","220,000,000","225,000,000","220,000,000","225,000,000","218,000,000","208,000,000","211,000,000","207,000,000","203,000,000","198,000,000","194,000,000","192,000,000","189,000,000","187,000,000","174,000,000","188,000,000","185,000,000","183,000,000","179,000,000","177,000,000","176,000,000","175,000,000","178,000,000","176,000,000","174,000,000","173,000,000","176,000,000","174,000,000","177,000,000","174,000,000","167,000,000","175,000,000","168,000,000","172,000,000","174,000,000","178,000,000","181,000,000",,,,,,,,,,,,,,,,,,,,,,,,,,,,,,,,,,,,,,,,,,,,,,,,,,,,,,,,,,,,,,,,,,,,,,,,,,,,,,,,,,,,,,,,,,,,,,
OtherIncomeExpense,"-133,000,000","32,000,000","-45,000,000","-124,000,000","4,000,000","-164,000,000","-14,000,000","-180,000,000","-1,697,000,000","-79,000,000","-5,026,000,000","-2,559,000,000","-3,890,000,000","-56,000,000","-9,557,000,000","114,000,000","-2,019,000,000","108,000,000","13,000,000","25,000,000","13,000,000","21,000,000","17,000,000","24,000,000","23,000,000","27,000,000","17,000,000","24,000,000","18,000,000","58,000,000","-28,000,000","36,000,000","43,000,000","19,000,000","-38,000,000","26,000,000","24,000,000","28,000,000","-14,000,000","26,000,000","32,000,000","26,000,000","-7,000,000","18,000,000","21,000,000","17,000,000","2,000,000","29,000,000","2,000,000","-6,000,000","4,000,000","23,000,000","22,000,000","18,000,000","-4,000,000","-17,000,000","1,000,000","2,000,000","7,000,000","7,000,000","10,000,000","4,000,000","-19,000,000","-22,000,000","28,000,000",,"-3,000,000","-14,000,000",,"-1,000,000","-52,000,000","4,000,000","-14,000,000","-27,000,000","1,000,000","-5,000,000",,"3,000,000","29,000,000","64,000,000","-2,000,000","18,000,000","5,000,000","-38,000,000","4,000,000","-9,000,000","-95,000,000","45,000,000","12,000,000","15,000,000","75,000,000","20,000,000","39,000,000","21,000,000","40,000,000","8,000,000","-5,000,000","18,000,000","107,200,000","9,400,000","71,700,000","18,100,000",,,,,,,,"16,900,000",,,,,,,,,,,,,,,,,,,,,,,,,,,,,,,,,,,,,,
	SpecialIncomeCharges,"-96,000,000","1,000,000","3,000,000","-94,000,000","-6,000,000","-172,000,000","-78,000,000","-162,000,000","-1,624,000,000","-176,000,000","-5,077,000,000","-2,621,000,000","-3,956,000,000","-127,000,000","-9,663,000,000","10,000,000","-2,125,000,000",,,,,,,,,,,,,,,,,,,,,,,"26,000,000","32,000,000","26,000,000","-7,000,000","18,000,000","21,000,000","17,000,000","2,000,000","29,000,000","2,000,000","-6,000,000","4,000,000","23,000,000","22,000,000","18,000,000","-4,000,000","-17,000,000","1,000,000","2,000,000","7,000,000","7,000,000","10,000,000","4,000,000","-19,000,000","-22,000,000","28,000,000",,"-3,000,000","-14,000,000",,"-1,000,000","-52,000,000","4,000,000","-14,000,000","-27,000,000","1,000,000","-5,000,000",,"3,000,000","29,000,000","64,000,000","-2,000,000","18,000,000","5,000,000","-38,000,000","4,000,000","-9,000,000","-95,000,000","45,000,000","12,000,000","15,000,000","75,000,000","20,000,000","39,000,000","21,000,000","40,000,000","8,000,000","-5,000,000","18,000,000","107,200,000","9,400,000","71,700,000","18,100,000",,,,,,,,"16,900,000",,,,,,,,,,,,,,,,,,,,,,,,,,,,,,,,,,,,,,
		RestructuringAndMergernAcquisition,,,"0","0","11,000,000","0","22,000,000","137,000,000","1,624,000,000","176,000,000","90,000,000","73,000,000","56,000,000","127,000,000",,,,,,,,,,,,,,,,,,,,,,,,,,,,,,,,,,,,,,,,,,,,,,,,,,,,,,,,,,,,,,,,,,,,,,,,,,,,,,,,,,,,,,,,,,,,,,,,,,,,,,,,,,,,,,,,,,,,,,,,,,,,,,,,,,,,,,
		OtherSpecialCharges,"85,000,000","-1,000,000","-3,000,000","94,000,000","-5,000,000","172,000,000","56,000,000","25,000,000",,,"4,987,000,000","2,548,000,000","3,900,000,000",,"9,663,000,000","-10,000,000","2,125,000,000",,,,,,,,,,,,,,,,,,,,,,,"-26,000,000","-32,000,000","-26,000,000","7,000,000","-18,000,000","-21,000,000","-17,000,000",,,,,,,,,,,,,,,,,,,,,,,,,,,,,,,,,,,,,,,,,,,,,,,,,,,,,,,,,,,,,,,,,,,,,,,,,,,,,,,,,,,,,,,,,,,,,,,,,,,,,,
	OtherNonOperatingIncomeExpenses,"-37,000,000","31,000,000","-48,000,000","-30,000,000","10,000,000","8,000,000","64,000,000","-18,000,000","-73,000,000","97,000,000","51,000,000","62,000,000","66,000,000","71,000,000","106,000,000","104,000,000","106,000,000","108,000,000","13,000,000","25,000,000","13,000,000","21,000,000","17,000,000","24,000,000","23,000,000","27,000,000","17,000,000","24,000,000","18,000,000","58,000,000","-28,000,000","36,000,000","43,000,000","19,000,000","-38,000,000","26,000,000","24,000,000","28,000,000",,,,,,,,,,,,,,,,,,,,,,,,,,,,,,,,,,,,,,,,,,,,,,,,,,,,,,,,,,,,,,,,,,,,,,,,,,,,,,,,,,,,,,,,,,,,,,,,,,,,,,,,,,,,,,
PretaxIncome,"997,000,000","274,000,000","318,000,000","37,000,000","368,000,000","25,000,000","172,000,000","-23,000,000","-1,429,000,000","338,000,000","-5,081,000,000","-2,345,000,000","-3,668,000,000","52,000,000","-9,634,000,000","582,000,000","-1,573,000,000","496,000,000","226,000,000","713,000,000","544,000,000","688,000,000","856,000,000","461,000,000","222,000,000","-77,000,000","27,000,000","377,000,000","516,000,000","-59,000,000","170,000,000","929,000,000","375,000,000","321,000,000","115,000,000","140,000,000","485,000,000","356,000,000","-63,000,000","464,000,000","326,000,000","340,000,000","178,000,000","252,000,000","542,000,000","326,000,000","322,000,000","368,000,000","524,000,000","446,000,000","361,000,000","457,000,000","517,000,000","359,000,000","375,000,000","467,000,000","433,000,000","334,000,000","304,000,000","429,000,000","417,000,000","395,000,000","236,000,000","601,000,000","370,000,000","338,000,000","288,000,000","378,000,000","423,000,000","360,000,000","301,000,000","369,000,000","507,000,000","5,109,000,000","41,000,000","841,000,000","364,000,000","-487,000,000","-2,247,000,000","680,000,000","435,000,000","1,032,000,000","788,000,000","1,258,000,000","1,213,000,000","-1,561,000,000","-6,795,000,000","483,000,000","452,000,000","508,000,000","-623,000,000","321,000,000","301,000,000","262,000,000","302,000,000","351,000,000","353,000,000","280,000,000","184,300,000","474,200,000","282,200,000","323,200,000",,,,,,,,"594,200,000",,,,,,,,,,,,,,,,,,,,,,,,,,,,,,,,,,,,,,
TaxProvision,"730,000,000","-204,000,000","-158,000,000","1,125,000,000","-33,000,000","-98,000,000","-32,000,000","-109,000,000","539,000,000","-36,000,000","-1,468,000,000","-729,000,000","-1,119,000,000","-84,000,000","-2,765,000,000","15,000,000","-593,000,000","51,000,000","108,000,000","160,000,000","134,000,000","109,000,000","160,000,000","70,000,000","12,000,000","-187,000,000","-111,000,000","67,000,000","110,000,000","-93,000,000","35,000,000","115,000,000","104,000,000","91,000,000","25,000,000","-24,000,000","153,000,000","114,000,000","-54,000,000","100,000,000","87,000,000","104,000,000","91,000,000","49,000,000","176,000,000","124,000,000","68,000,000","107,000,000","187,000,000","185,000,000","84,000,000","136,000,000","125,000,000","115,000,000","12,000,000","163,000,000","140,000,000","110,000,000","101,000,000","151,000,000","148,000,000","139,000,000","84,000,000","208,000,000","138,000,000","124,000,000","108,000,000","139,000,000","156,000,000","142,000,000","114,000,000","141,000,000","135,000,000","2,076,000,000","4,000,000","333,000,000","145,000,000","-209,000,000","-814,000,000","214,000,000","156,000,000","401,000,000","268,000,000","487,000,000","463,000,000","-610,000,000","-2,699,000,000","239,000,000","204,000,000","228,000,000","-117,000,000","138,000,000","121,000,000","106,000,000","106,000,000","141,000,000","179,000,000","141,000,000","90,400,000","217,600,000","89,300,000","150,700,000",,,,,,,,"265,500,000",,,,,,,,,,,,,,,,,,,,,,,,,,,,,,,,,,,,,,
NetIncomeCommonStockholders,"253,000,000","475,000,000","472,000,000","-1,091,000,000","397,000,000","120,000,000","200,000,000","83,000,000","-1,972,000,000","371,000,000","-3,617,000,000","-1,619,000,000","-2,553,000,000","133,000,000","-6,873,000,000","564,000,000","-984,000,000","442,000,000","114,000,000","550,000,000","406,000,000","576,000,000","692,000,000","388,000,000","206,000,000","107,000,000","134,000,000","307,000,000","402,000,000","31,000,000","131,000,000","811,000,000","267,000,000","227,000,000","86,000,000","161,000,000","328,000,000","239,000,000","-13,000,000","361,000,000","235,000,000","233,000,000","83,000,000","200,000,000","362,000,000","199,000,000","250,000,000","258,000,000","333,000,000","258,000,000","273,000,000","318,000,000","388,000,000","241,000,000","517,000,000","304,000,000","293,000,000","224,000,000","203,000,000","278,000,000","269,000,000","256,000,000","152,000,000","393,000,000","232,000,000","214,000,000","180,000,000","252,000,000","267,000,000","218,000,000","871,000,000","228,000,000","372,000,000","3,033,000,000","15,000,000","510,000,000","227,000,000","-354,000,000","-2,189,000,000","466,000,000","218,000,000","631,000,000","529,000,000","771,000,000","750,000,000","-951,000,000","-4,117,000,000","225,000,000","248,000,000","280,000,000","-592,000,000","183,000,000","180,000,000","156,000,000","196,000,000","210,000,000","174,000,000","139,000,000","93,900,000","256,600,000","192,900,000","172,500,000","140,700,000","225,400,000","103,500,000","252,400,000","201,700,000","361,700,000","391,000,000","314,200,000","89,200,000","411,100,000","227,000,000","222,500,000","193,500,000","340,600,000","228,800,000","238,900,000","188,200,000","331,900,000","315,700,000","255,700,000","226,100,000","312,800,000","282,000,000","115,900,000","192,500,000","369,700,000","141,400,000","185,600,000","78,100,000","291,700,000","210,800,000",,,,,,,,,,,,,,,
	NetIncome,"267,000,000","478,000,000","476,000,000","-1,088,000,000","401,000,000","123,000,000","204,000,000","86,000,000","-1,968,000,000","374,000,000","-3,613,000,000","-1,616,000,000","-2,549,000,000","136,000,000","-6,869,000,000","567,000,000","-980,000,000","445,000,000","118,000,000","553,000,000","410,000,000","579,000,000","696,000,000","391,000,000","210,000,000","110,000,000","138,000,000","310,000,000","406,000,000","34,000,000","135,000,000","814,000,000","271,000,000","230,000,000","90,000,000","164,000,000","332,000,000","242,000,000","-9,000,000","364,000,000","239,000,000","236,000,000","87,000,000","203,000,000","366,000,000","202,000,000","254,000,000","261,000,000","337,000,000","261,000,000","277,000,000","321,000,000","392,000,000","244,000,000","517,000,000","304,000,000","293,000,000","224,000,000","203,000,000","278,000,000","269,000,000","256,000,000","152,000,000","393,000,000","232,000,000","214,000,000","180,000,000","252,000,000","267,000,000","218,000,000","871,000,000","228,000,000","372,000,000","3,033,000,000","37,000,000","510,000,000","227,000,000","-354,000,000","-2,189,000,000","466,000,000","218,000,000","631,000,000","529,000,000","771,000,000","750,000,000","-951,000,000","-4,117,000,000","225,000,000","248,000,000","280,000,000","-592,000,000","183,000,000","180,000,000","156,000,000","196,000,000","210,000,000","174,000,000","139,000,000","93,900,000","256,600,000","192,900,000","172,500,000","149,000,000","233,700,000","111,800,000","260,700,000","227,100,000","377,600,000","405,500,000","328,700,000","103,500,000","425,600,000","241,400,000","237,000,000","208,400,000","356,100,000","245,400,000","255,700,000","205,800,000","351,900,000","336,400,000","276,400,000","246,900,000","334,600,000","305,500,000","139,400,000","216,400,000","394,200,000","166,200,000","210,400,000","103,000,000","317,000,000","236,200,000",,,,,,,,,,,,,,,
		NetIncomeIncludingNoncontrollingInterests,"267,000,000","478,000,000","476,000,000","-1,088,000,000","401,000,000","123,000,000","204,000,000","86,000,000","-1,968,000,000","374,000,000","-3,613,000,000","-1,616,000,000","-2,549,000,000","136,000,000","-6,869,000,000","567,000,000","-980,000,000","445,000,000","118,000,000","553,000,000","410,000,000","579,000,000","696,000,000","391,000,000","210,000,000","110,000,000","138,000,000","310,000,000","406,000,000","34,000,000","135,000,000","814,000,000","271,000,000","230,000,000","90,000,000","164,000,000","332,000,000","242,000,000","-9,000,000","364,000,000","239,000,000","236,000,000","87,000,000","203,000,000","366,000,000","202,000,000","254,000,000","261,000,000","337,000,000","261,000,000","277,000,000","321,000,000","392,000,000","244,000,000","517,000,000","304,000,000","293,000,000","224,000,000","203,000,000","278,000,000","269,000,000","256,000,000","152,000,000","393,000,000","232,000,000","214,000,000","180,000,000","252,000,000","267,000,000","218,000,000","871,000,000","228,000,000","372,000,000","3,033,000,000","37,000,000","510,000,000","227,000,000","-354,000,000","-2,189,000,000","466,000,000","218,000,000","631,000,000","529,000,000","771,000,000","750,000,000","-951,000,000","-4,117,000,000","225,000,000","248,000,000","280,000,000","-592,000,000","183,000,000","180,000,000","156,000,000","196,000,000","210,000,000","174,000,000","139,000,000","93,900,000","256,600,000","192,900,000","172,500,000","149,000,000","233,700,000","111,800,000","260,700,000","227,100,000","377,600,000","405,500,000","328,700,000","103,500,000","425,600,000","241,400,000","237,000,000","208,400,000","356,100,000","245,400,000","255,700,000","205,800,000","351,900,000","336,400,000","276,400,000","246,900,000","334,600,000","305,500,000","139,400,000","216,400,000","394,200,000","166,200,000","210,400,000","103,000,000","317,000,000","236,200,000","244,400,000","-461,700,000","240,600,000","146,500,000","136,700,000","148,900,000","204,500,000","153,500,000","90,300,000","236,000,000","299,600,000","265,300,000","280,300,000","234,300,000","278,200,000"
			NetIncomeContinuousOperations,"267,000,000","478,000,000","476,000,000","-1,088,000,000","401,000,000","123,000,000","204,000,000","86,000,000","-1,968,000,000","374,000,000","-3,613,000,000","-1,616,000,000","-2,549,000,000","136,000,000","-6,869,000,000","567,000,000","-980,000,000","445,000,000","118,000,000","553,000,000","410,000,000","579,000,000","696,000,000","391,000,000","210,000,000","110,000,000","138,000,000","310,000,000","406,000,000","34,000,000","135,000,000","814,000,000","271,000,000","230,000,000","90,000,000","164,000,000","332,000,000","242,000,000","-9,000,000","364,000,000","239,000,000","236,000,000","87,000,000","203,000,000","366,000,000","202,000,000","254,000,000","261,000,000","337,000,000","261,000,000","277,000,000","321,000,000","392,000,000","244,000,000","363,000,000","304,000,000","293,000,000","224,000,000","203,000,000","278,000,000","269,000,000","256,000,000","152,000,000","393,000,000","232,000,000","214,000,000","180,000,000","239,000,000","267,000,000","218,000,000","187,000,000","228,000,000","372,000,000","3,033,000,000","37,000,000","508,000,000","219,000,000","-278,000,000","-1,433,000,000","466,000,000","279,000,000","631,000,000","520,000,000","771,000,000","750,000,000","-951,000,000","-4,096,000,000","244,000,000","248,000,000","280,000,000","-506,000,000","183,000,000","180,000,000","156,000,000","196,000,000","210,000,000","174,000,000","139,000,000","93,900,000","256,600,000","192,900,000","172,500,000","149,000,000","233,700,000","111,800,000","260,700,000","227,100,000","377,600,000","405,500,000","328,700,000","103,500,000","425,600,000","241,400,000","237,000,000","208,400,000","356,100,000","245,400,000","255,700,000","205,800,000","351,900,000","336,400,000","276,400,000","246,900,000","334,600,000","305,500,000","139,400,000","216,400,000","394,200,000","166,200,000","210,400,000","103,000,000","317,000,000","236,200,000","244,400,000","-461,700,000","240,600,000","146,500,000","136,700,000","148,900,000","204,500,000","153,500,000","90,300,000","236,000,000","299,600,000","265,300,000","280,300,000","234,300,000","278,200,000"
			NetIncomeDiscontinuousOperations,,,,,,,,,,,,,,,,,,,,,,,,,,,,,,,,,,,,,,,,,,,,,,,,,,,,,,,,,,,,,,,,,,,"0","13,000,000",,,,,,,"0","2,000,000","8,000,000","-70,000,000",,,,,,,,,"-21,000,000","-19,000,000",,,,,,,,,,,,,,,,,,,,,,,,,,,,,,,,,,,,,,,,,,,,,,,,,,,,,,,,,,,,
			NetIncomeExtraordinary,,,,,,,,,,,,,,,,,,,,,,,,,,,,,,,,,,,,,,,,,,,,,,,,,,,,,,,,,,,,,,,,,,,,,,,,,,,"0",,,"-6,000,000","0",,"-61,000,000",,,,,,,,,,,,,,,,,,,,,,,,,,,,,,,,,,,,,,,,,,,,,,,,,,,,,,,,,,,,,,,,,,,
	PreferredStockDividends,"14,000,000","3,000,000","4,000,000","3,000,000","4,000,000","3,000,000","4,000,000","3,000,000","4,000,000","3,000,000","4,000,000","3,000,000","4,000,000","3,000,000","4,000,000","3,000,000","4,000,000","3,000,000","4,000,000","3,000,000","4,000,000","3,000,000","4,000,000","3,000,000","4,000,000","3,000,000","4,000,000","3,000,000","4,000,000","3,000,000","4,000,000","3,000,000","4,000,000","3,000,000","4,000,000","3,000,000","4,000,000","3,000,000","4,000,000","3,000,000","4,000,000","3,000,000","4,000,000","3,000,000","4,000,000","3,000,000","4,000,000","3,000,000","4,000,000","3,000,000","4,000,000","3,000,000","4,000,000","3,000,000",,,,,,,,,,,,,,,,,,,,,,,,,,,,,,,,,,,,,,,,,,,,,,,,,,,,,,,,"14,500,000",,,,,,,,,,,,,,,,,,,,,,,,,,,,,,,,,,,,,,
	OtherunderPreferredStockDividend,,,,,,,,,,,,,,,,,,,,,,,,,,,,,,,,,,,,,,,,,,,,,,,,,,,,,"8,000,000",,,,,,,,,,,,,,,,,,,,,,,,,,,,,,,,,,,,,,,,,,,,,,,,,,,"8,300,000","8,300,000","8,300,000",,"15,900,000","14,500,000",,"14,300,000","14,500,000","14,400,000","14,500,000","14,900,000","15,500,000","16,600,000","16,800,000","17,600,000","20,000,000","20,700,000","20,700,000","20,800,000","21,800,000","23,500,000","23,500,000","23,900,000","24,500,000","24,800,000","24,800,000","24,900,000","25,300,000","25,400,000",,,,,,,,,,,,,,,
DilutedNIAvailtoComStockholders,"253,000,000","475,000,000","472,000,000","-1,091,000,000","397,000,000","120,000,000","200,000,000","83,000,000","-1,972,000,000","371,000,000","-3,617,000,000","-1,619,000,000","-2,553,000,000","133,000,000","-6,873,000,000","564,000,000","-984,000,000","442,000,000","114,000,000","550,000,000","406,000,000","576,000,000","692,000,000","388,000,000","206,000,000","107,000,000","134,000,000","307,000,000","402,000,000","31,000,000","131,000,000","811,000,000","267,000,000","227,000,000","86,000,000","161,000,000","328,000,000","239,000,000","-13,000,000","361,000,000","235,000,000","233,000,000","83,000,000","200,000,000","362,000,000","199,000,000","250,000,000","258,000,000","333,000,000","258,000,000","273,000,000","318,000,000","388,000,000","241,000,000","517,000,000","304,000,000","293,000,000","224,000,000","203,000,000","278,000,000","269,000,000","256,000,000","152,000,000","393,000,000","232,000,000","214,000,000","180,000,000","252,000,000","267,000,000","218,000,000","871,000,000","228,000,000","372,000,000","3,033,000,000","15,000,000","510,000,000","227,000,000","-354,000,000","-2,189,000,000","466,000,000","218,000,000","631,000,000","529,000,000","771,000,000","750,000,000","-951,000,000","-4,117,000,000","225,000,000","248,000,000","280,000,000","-592,000,000","183,000,000","180,000,000","156,000,000","196,000,000","210,000,000","174,000,000","139,000,000","93,900,000","256,600,000","192,900,000","172,500,000","140,700,000","225,400,000","103,500,000","252,400,000","201,700,000","361,700,000","391,000,000","314,200,000","89,200,000","411,100,000","227,000,000","222,500,000","193,500,000","340,600,000","228,800,000","238,900,000","188,200,000","331,900,000","315,700,000","255,700,000","226,100,000","312,800,000","282,000,000","115,900,000","192,500,000","369,700,000","141,400,000","185,600,000","78,100,000","291,700,000","210,800,000",,,,,,,,,,,,,,,
BasicEPS,,"0.24",,"-0.55","0.2","0.06",,"0.04","-3.73","0.7",,"-3.06","-4.83","0.25",,"1.09","-1.91","0.86",,"1.07","0.79","1.13",,"0.77","0.41","0.22",,"0.63","0.84","0.06",,"1.72","0.57","0.49",,"0.36","0.74","0.55",,"0.84","0.56","0.56",,"0.5","0.91","0.5",,"0.66","0.88","0.69",,"0.84","1.03","0.65",,"0.83","0.8","0.62",,"0.77","0.75","0.71",,"1.09","0.65","0.61",,"0.66","0.7","0.55",,"0.55","0.89","-5.67",,"1.32","0.59","-0.93",,"1.25","0.6","1.73",,"2.12","2.07","-2.62",,"0.62","0.69","0.78",,"0.5","0.49","0.42",,"0.55","0.46","0.36",,"0.62","0.49","0.42",,"0.55","0.25","0.61",,"0.85","0.92","0.73",,"0.96","0.53","0.52",,"0.79","0.53","0.56",,"0.78","0.75","0.61",,"0.75","0.67","0.28",,"0.88","0.33","0.43",,"0.69","0.5","0.53",,"0.53","0.3","0.28",,"0.47","0.33","0.17",,"0.73","0.63","0.7",,"0.72"
DilutedEPS,,"0.22",,"-0.55","0.18","0.06",,"0.04","-3.73","0.57",,"-3.06","-4.83","0.25",,"1.09","-1.91","0.86",,"1.07","0.79","1.13",,"0.77","0.41","0.22",,"0.63","0.83","0.06",,"1.71","0.57","0.49",,"0.36","0.74","0.55",,"0.84","0.55","0.56",,"0.5","0.91","0.5",,"0.66","0.86","0.67",,"0.83","1.02","0.65",,"0.83","0.8","0.62",,"0.77","0.74","0.71",,"1.09","0.65","0.6",,"0.65","0.7","0.54",,"0.53","0.88","-5.67",,"1.24","0.56","-0.93",,"1.19","0.59","1.71",,"2.12","2.07","-2.62",,"0.62","0.68","0.77",,"0.5","0.46","0.37",,"0.55","0.46","0.36",,"0.62","0.49","0.42",,"0.55","0.25","0.61",,"0.85","0.92","0.73",,"0.96","0.53","0.52",,"0.79","0.53","0.56",,"0.78","0.75","0.61",,"0.75","0.67","0.28",,"0.88","0.33","0.43",,"0.69","0.5","0.53",,"0.53","0.3","0.28",,"0.47","0.33","0.17",,"0.73","0.63","0.7",,"0.72"
BasicAverageShares,,"1,986,000,000",,"1,985,000,000","1,985,000,000","1,985,000,000",,"1,967,000,000","529,000,000","529,000,000",,"529,000,000","529,000,000","526,000,000",,"517,000,000","516,000,000","515,000,000",,"513,000,000","511,000,000","508,000,000",,"501,000,000","497,000,000","493,000,000",,"486,000,000","480,000,000","477,000,000",,"472,000,000","467,000,000","459,000,000",,"446,000,000","442,000,000","434,000,000",,"428,000,000","423,000,000","414,000,000",,"403,000,000","399,000,000","396,000,000",,"390,000,000","373,000,000","371,000,000",,"370,000,000","368,000,000","364,000,000",,"357,000,000","356,000,000","355,000,000",,"352,000,000","350,000,000","349,000,000",,"347,000,000","346,000,000","344,000,000",,"372,000,000","370,000,000","388,000,000",,"399,000,000","397,000,000","393,000,000",,"387,000,000","384,000,000","382,000,000",,"373,000,000","366,000,000","364,000,000",,"363,000,000","363,000,000","363,000,000",,"362,000,000","361,000,000","361,000,000",,"366,000,000","367,346,939","371,428,571",,"381,818,182","378,260,870","386,111,111",,"413,870,968","393,673,469","410,714,286",,"409,818,182","414,000,000","413,770,492",,"425,529,412","425,000,000","430,410,959",,"428,229,167","428,301,887","427,884,615",,"431,139,241","431,698,113","426,607,143",,"425,512,821","420,933,333","419,180,328",,"417,066,667","420,895,522","413,928,571",,"420,113,636","428,484,848","431,627,907",,"422,753,623","421,600,000","411,443,000",,"403,717,000","388,309,000","388,309,000",,"368,127,000","368,127,000","368,127,000",,"360,552,000","337,348,000","337,348,000",,"329,033,000"
DilutedAverageShares,,"2,134,000,000",,"1,985,000,000","2,146,000,000","2,131,000,000",,"2,140,000,000","529,000,000","648,000,000",,"529,000,000","529,000,000","527,000,000",,"517,000,000","516,000,000","516,000,000",,"516,000,000","513,000,000","511,000,000",,"503,000,000","498,000,000","495,000,000",,"489,000,000","483,000,000","481,000,000",,"474,000,000","469,000,000","460,000,000",,"447,000,000","443,000,000","435,000,000",,"429,000,000","425,000,000","416,000,000",,"404,000,000","400,000,000","397,000,000",,"392,000,000","390,000,000","389,000,000",,"388,000,000","369,000,000","366,000,000",,"358,000,000","357,000,000","356,000,000",,"352,000,000","363,513,514","349,000,000",,"347,000,000","346,000,000","356,666,667",,"387,692,308","370,000,000","403,703,704",,"430,188,679","422,727,273","393,000,000",,"411,290,323","405,357,143","382,000,000",,"391,596,639","369,491,525","369,005,848",,"363,000,000","363,000,000","363,000,000",,"362,000,000","364,705,882","363,636,364",,"366,000,000","391,304,348","421,621,622",,"381,818,182","378,260,870","386,111,111",,"413,870,968","393,673,469","410,714,286",,"409,818,182","414,000,000","413,770,492",,"425,529,412","425,000,000","430,410,959",,"428,229,167","428,301,887","427,884,615",,"431,139,241","431,698,113","426,607,143",,"425,512,821","420,933,333","419,180,328",,"417,066,667","420,895,522","413,928,571",,"420,113,636","428,484,848","431,627,907",,"422,753,623","421,600,000","411,443,000",,"403,717,000","388,309,000","388,309,000",,"368,127,000","368,127,000","368,127,000",,"360,552,000","337,348,000","337,348,000",,"329,033,000"
TotalOperatingIncomeAsReported,"2,115,000,000","536,000,000","641,000,000","304,000,000","634,000,000","304,000,000","420,000,000","398,000,000","282,000,000","655,000,000","-4,343,000,000","-2,300,000,000","-3,640,000,000","189,000,000","-9,530,000,000","696,000,000","-1,465,000,000","599,000,000","429,000,000","899,000,000","748,000,000","880,000,000","1,041,000,000","640,000,000","401,000,000","95,000,000","205,000,000","545,000,000","687,000,000","71,000,000","383,000,000","1,065,000,000","518,000,000","484,000,000","333,000,000","291,000,000","636,000,000","502,000,000","125,000,000","614,000,000","467,000,000","487,000,000","358,000,000","408,000,000","692,000,000","484,000,000","492,000,000","503,000,000","695,000,000","618,000,000","523,000,000","607,000,000","656,000,000","513,000,000","545,000,000","639,000,000","584,000,000","493,000,000","449,000,000","582,000,000","555,000,000","529,000,000","439,000,000","735,000,000","465,000,000","469,000,000","416,000,000","515,000,000","538,000,000","501,000,000","568,000,000","509,000,000","672,000,000","5,354,000,000","281,000,000","1,182,000,000","720,000,000","-129,000,000","-2,011,000,000","1,022,000,000","774,000,000","1,306,000,000","1,077,000,000","1,552,000,000","1,447,000,000","-1,340,000,000","-6,734,000,000","629,000,000","622,000,000","676,000,000","-510,000,000","492,000,000","454,000,000","442,000,000","440,000,000","542,000,000","560,000,000","465,000,000","289,900,000","620,100,000","362,700,000","450,000,000",,,,,,,,"730,300,000",,,,,,,,,,,,,,,,,,,,,,,,,,,,,,,,,,,,,,
TotalExpenses,"19,008,000,000","5,145,000,000","4,490,000,000","4,905,000,000","4,468,000,000","4,121,000,000","4,152,000,000","4,339,000,000","4,078,000,000","3,651,000,000","4,099,000,000","4,184,000,000","3,683,000,000","3,822,000,000","3,955,000,000","3,695,000,000","3,574,000,000","3,457,000,000","3,671,000,000","3,618,000,000","3,502,000,000","3,388,000,000","3,672,000,000","4,170,000,000","3,768,000,000","3,879,000,000","3,962,000,000","4,005,000,000","3,530,000,000","3,828,000,000","3,925,000,000","3,874,000,000","3,434,000,000","3,407,000,000","3,642,000,000","3,884,000,000","3,140,000,000","3,170,000,000","3,705,000,000","3,362,000,000","3,126,000,000","3,154,000,000","3,457,000,000","3,452,000,000","2,992,000,000","3,113,000,000","3,129,000,000","3,010,000,000","2,537,000,000","2,857,000,000","3,016,000,000","2,628,000,000","2,538,000,000","2,918,000,000","3,098,000,000","3,035,000,000","2,994,000,000","3,240,000,000","2,967,000,000","2,697,000,000","2,632,000,000","2,827,000,000","2,767,000,000","2,433,000,000","2,552,000,000","2,679,000,000","3,317,000,000","2,289,000,000","1,960,000,000","2,168,000,000","2,412,000,000","2,114,000,000","2,077,000,000","-2,632,000,000","2,257,000,000","1,921,000,000","2,206,000,000","2,736,000,000","4,026,000,000","2,996,000,000","4,978,000,000","3,461,000,000","3,893,000,000","4,749,000,000","3,566,000,000","8,015,000,000","14,816,000,000","6,875,000,000","5,016,000,000","4,332,000,000","4,873,000,000","5,888,000,000","4,366,000,000","4,815,000,000","5,055,000,000","4,765,000,000","4,227,000,000","3,888,000,000","4,598,700,000","3,442,900,000","2,720,300,000","2,915,500,000",,,,,,,,"1,577,000,000",,,,,,,,,,,,,,,,,,,,,,,,,,,,,,,,,,,,,,
NetIncomeFromContinuingAndDiscontinuedOperation,"267,000,000","478,000,000","476,000,000","-1,088,000,000","401,000,000","123,000,000","204,000,000","86,000,000","-1,968,000,000","374,000,000","-3,613,000,000","-1,616,000,000","-2,549,000,000","136,000,000","-6,869,000,000","567,000,000","-980,000,000","445,000,000","118,000,000","553,000,000","410,000,000","579,000,000","696,000,000","391,000,000","210,000,000","110,000,000","138,000,000","310,000,000","406,000,000","34,000,000","135,000,000","814,000,000","271,000,000","230,000,000","90,000,000","164,000,000","332,000,000","242,000,000","-9,000,000","364,000,000","239,000,000","236,000,000","87,000,000","203,000,000","366,000,000","202,000,000","254,000,000","261,000,000","337,000,000","261,000,000","277,000,000","321,000,000","392,000,000","244,000,000","517,000,000","304,000,000","293,000,000","224,000,000","203,000,000","278,000,000","269,000,000","256,000,000","152,000,000","393,000,000","232,000,000","214,000,000","180,000,000","252,000,000","267,000,000","218,000,000","871,000,000","228,000,000","372,000,000","3,033,000,000","37,000,000","510,000,000","227,000,000","-348,000,000","-2,189,000,000","466,000,000","279,000,000","631,000,000","520,000,000","771,000,000","750,000,000","-951,000,000","-4,117,000,000","225,000,000","248,000,000","280,000,000","-604,000,000","183,000,000","180,000,000","156,000,000","196,000,000","210,000,000","174,000,000","139,000,000","93,900,000","256,600,000","192,900,000","172,500,000","149,000,000","233,700,000","111,800,000","260,700,000","227,100,000","377,600,000","405,500,000","328,700,000","103,500,000","425,600,000","241,400,000","237,000,000","208,400,000","356,100,000","245,400,000","255,700,000","205,800,000","351,900,000","336,400,000","276,400,000","246,900,000","334,600,000","305,500,000","139,400,000","216,400,000","394,200,000","166,200,000","210,400,000","103,000,000","317,000,000","236,200,000",,,,,,,,,,,,,,,
NormalizedIncome,"324,600,000","477,400,000","473,810,000","-1,019,380,000","405,380,000","248,560,000","260,940,000","204,260,000","-782,480,000","502,480,000","-2,844,321.984","190,198,720.682","200,139,585.605","228,710,000","20,676,873.573","557,257,731.959","339,625,000","445,000,000","118,000,000","553,000,000","410,000,000","579,000,000","696,000,000","391,000,000","210,000,000","110,000,000","138,000,000","310,000,000","406,000,000","34,000,000","135,000,000","814,000,000","271,000,000","230,000,000","90,000,000","164,000,000","332,000,000","242,000,000","-9,000,000","343,603,448.276","215,539,877.301","217,952,941.176","91,550,000","188,500,000","351,819,188.192","191,466,257.669","252,422,360.248","240,432,065.217","335,713,740.458","264,900,000","273,930,747.922","304,844,638.95","375,319,148.936","231,766,016.713","366,872,000","315,066,381.156","292,323,325.635","222,658,682.635","198,325,657.895","273,463,869.464","262,549,160.671","253,407,594.937","164,237,288.136","407,386,023.295","214,443,243.243","214,000,000","181,875,000","247,851,851.852","267,000,000","218,605,555.556","219,305,647.841","225,528,455.285","382,272,189.349","3,049,200,000","36,097,560.976","511,020,214.031","219,000,000","-279,800,000","-1,451,494,437.027","422,141,176.471","280,282,758.621","619,994,186.047","516,700,507.614","794,289,348.172","747,526,793.075","-945,516,976.297","-4,038,734,363.503","217,000,000","240,800,000","271,000,000","-566,914,927.769","171,000,000","156,600,000","143,400,000","170,039,735.099","205,200,000","177,000,000","128,200,000","29,580,000","250,960,000","143,888,908.575","161,640,000","149,000,000","233,700,000","111,800,000","260,700,000","227,100,000","377,600,000","405,500,000","318,560,000","103,500,000","425,600,000","241,400,000","237,000,000","208,400,000","356,100,000","245,400,000","255,700,000","205,800,000","351,900,000","336,400,000","276,400,000","246,900,000","334,600,000","305,500,000","139,400,000","216,400,000","394,200,000","166,200,000","210,400,000","103,000,000","317,000,000","236,200,000",,,,,,,,,,,,,,,
InterestIncome,"26,000,000","8,000,000","3,000,000","0","15,000,000","2,000,000","6,000,000","5,000,000","12,000,000","16,000,000","20,000,000","18,000,000","22,000,000","22,000,000","41,000,000","14,000,000","12,000,000","9,000,000","9,000,000","9,000,000","8,000,000","5,000,000","6,000,000","8,000,000","5,000,000","4,000,000","3,000,000","2,000,000","3,000,000","1,000,000","2,000,000","2,000,000","2,000,000","3,000,000","3,000,000","2,000,000","2,000,000","2,000,000","1,000,000","2,000,000","3,000,000","1,000,000","0","2,000,000","3,000,000","2,000,000","2,000,000","3,000,000","2,000,000","2,000,000","6,000,000","1,000,000","17,000,000","9,000,000",,,,,,,,,,,,,,,,,,,,,,,,,,,,,,,,,,,,,,,,,,,,,,,,,,,,,,,,,,,,,,,,,,,,,,,,,,,,,,,,,,,,,,,,,,,,,,
InterestExpense,"1,612,000,000","419,000,000","396,000,000","399,000,000","398,000,000","408,000,000","416,000,000","391,000,000","199,000,000","254,000,000","719,000,000","52,000,000","60,000,000","103,000,000","251,000,000","232,000,000","226,000,000","220,000,000","225,000,000","220,000,000","225,000,000","218,000,000","208,000,000","211,000,000","207,000,000","203,000,000","198,000,000","194,000,000","192,000,000","189,000,000","187,000,000","174,000,000","188,000,000","185,000,000","183,000,000","179,000,000","177,000,000","176,000,000","175,000,000","178,000,000","176,000,000","174,000,000","173,000,000","176,000,000","174,000,000","177,000,000","174,000,000","167,000,000","175,000,000","168,000,000","172,000,000","174,000,000","178,000,000","181,000,000",,,,,,,,,,,,,,,,,,,,,,,,,,,,,,,,,,,,,,,,,,,,,,,,,,,,,,,,,,,,,,,,,,,,,,,,,,,,,,,,,,,,,,,,,,,,,,
NetInterestIncome,"-1,586,000,000","-411,000,000","-393,000,000","-399,000,000","-383,000,000","-406,000,000","-410,000,000","-386,000,000","-187,000,000","-238,000,000","-699,000,000","-34,000,000","-38,000,000","-81,000,000","-210,000,000","-218,000,000","-214,000,000","-211,000,000","-216,000,000","-211,000,000","-217,000,000","-213,000,000","-202,000,000","-203,000,000","-202,000,000","-199,000,000","-195,000,000","-192,000,000","-189,000,000","-188,000,000","-185,000,000","-172,000,000","-186,000,000","-182,000,000","-180,000,000","-177,000,000","-175,000,000","-174,000,000","-174,000,000","-176,000,000","-173,000,000","-173,000,000","-173,000,000","-174,000,000","-171,000,000","-175,000,000","-172,000,000","-164,000,000","-173,000,000","-166,000,000","-166,000,000","-173,000,000","-161,000,000","-172,000,000",,,,,,,,,,,,,,,,,,,,,,,,,,,,,,,,,,,,,,,,,,,,,,,,,,,,,,,,,,,,,,,,,,,,,,,,,,,,,,,,,,,,,,,,,,,,,,
EBIT,"2,609,000,000","693,000,000","714,000,000","436,000,000","766,000,000","433,000,000","588,000,000","368,000,000","-1,230,000,000","592,000,000","-4,362,000,000","-2,293,000,000","-3,608,000,000","155,000,000","-9,383,000,000","814,000,000","-1,347,000,000","716,000,000","451,000,000","933,000,000","769,000,000","906,000,000","1,064,000,000","672,000,000","429,000,000","126,000,000","225,000,000","571,000,000","708,000,000","130,000,000","357,000,000","1,103,000,000","563,000,000","506,000,000","298,000,000","319,000,000","662,000,000","532,000,000","112,000,000","642,000,000","502,000,000","514,000,000","351,000,000","428,000,000","716,000,000","503,000,000","496,000,000","535,000,000","699,000,000","614,000,000","533,000,000","631,000,000","695,000,000","540,000,000","621,000,000","639,000,000","584,000,000","493,000,000","449,000,000","582,000,000","555,000,000","529,000,000","439,000,000","735,000,000","465,000,000","469,000,000","416,000,000","515,000,000","538,000,000","501,000,000","568,000,000","509,000,000","672,000,000","5,354,000,000","281,000,000","1,182,000,000","720,000,000","-129,000,000","-2,011,000,000","1,022,000,000","774,000,000","1,306,000,000","1,077,000,000","1,552,000,000","1,447,000,000","-1,340,000,000","-6,734,000,000","629,000,000","622,000,000","676,000,000","-510,000,000","492,000,000","454,000,000","442,000,000","440,000,000","542,000,000","560,000,000","465,000,000","289,900,000","620,100,000","362,700,000","450,000,000","-5,032,200,000","2,521,900,000","2,138,700,000","2,248,800,000","-4,637,400,000","2,645,200,000","2,447,700,000","730,300,000","2,638,200,000","2,855,200,000","2,439,700,000","2,514,300,000","2,707,200,000","2,947,300,000","2,464,100,000","2,463,800,000","2,557,800,000","2,798,800,000","2,519,700,000","2,419,900,000","2,635,000,000","2,520,300,000","2,351,900,000","2,270,900,000","2,452,000,000","2,597,700,000","2,172,600,000","2,247,800,000","2,146,800,000","2,245,900,000","2,086,500,000","2,109,100,000","2,043,500,000","1,966,000,000","1,766,600,000","1,869,600,000","1,830,900,000","1,827,900,000","1,774,700,000","1,752,200,000","1,927,500,000","2,000,900,000","1,876,700,000","2,011,600,000","2,066,900,000","2,167,400,000"
EBITDA,"6,096,000,000"
ReconciledCostOfRevenue,"15,521,000,000","4,173,000,000","3,627,000,000","4,104,000,000","3,617,000,000","3,233,000,000","3,257,000,000","3,494,000,000","3,034,000,000","2,796,000,000","3,298,000,000","3,344,000,000","2,887,000,000","3,025,000,000","3,176,000,000","2,936,000,000","2,828,000,000","2,705,000,000","2,951,000,000","2,908,000,000","2,790,000,000","2,676,000,000","3,007,000,000","3,476,000,000","3,069,000,000","3,182,000,000","3,285,000,000","3,352,000,000","2,879,000,000","3,197,000,000","3,258,000,000","3,203,000,000","2,877,000,000","2,869,000,000","3,107,000,000","3,361,000,000","2,624,000,000","2,667,000,000","7,378,000,000","1,401,000,000","1,094,000,000","1,202,000,000","1,379,000,000","1,510,000,000","1,107,000,000","1,337,000,000","1,323,000,000","1,214,000,000","1,046,000,000","1,360,000,000","1,322,000,000","1,070,000,000","1,019,000,000","1,396,000,000","1,381,000,000","1,585,000,000","1,550,000,000","1,787,000,000","1,404,000,000","1,239,000,000","1,250,000,000","1,453,000,000","1,290,000,000","1,163,000,000","1,104,000,000","1,415,000,000","1,694,000,000","1,093,000,000","834,000,000","1,016,000,000","1,395,000,000","1,032,000,000","977,000,000","1,139,000,000","1,012,000,000","1,010,000,000","855,000,000","1,391,000,000","669,000,000","1,328,000,000","3,617,000,000","2,202,000,000","2,733,000,000","3,738,000,000","2,250,000,000","7,182,000,000","9,062,000,000","6,239,000,000","1,157,000,000","3,268,000,000","2,711,000,000","4,420,000,000","3,029,000,000","3,576,000,000","4,097,000,000","3,271,000,000","3,037,000,000","2,819,000,000","3,158,300,000","2,190,600,000","1,394,200,000","1,740,200,000",,,,,,,,"542,400,000",,,,,,,,,,,,,,,,,,,,,,,,,,,,,,,,,,,,,,
ReconciledDepreciation,"3,487,000,000","972,000,000","863,000,000","801,000,000","851,000,000","888,000,000","895,000,000","845,000,000","874,000,000","855,000,000","801,000,000","840,000,000","796,000,000","797,000,000","779,000,000","759,000,000","746,000,000","752,000,000","720,000,000","710,000,000","712,000,000","712,000,000","665,000,000","694,000,000","699,000,000","697,000,000","677,000,000","653,000,000","651,000,000","631,000,000","667,000,000","671,000,000","557,000,000","538,000,000","535,000,000","523,000,000","516,000,000","503,000,000","465,000,000","617,000,000","606,000,000","584,000,000","567,000,000","450,000,000","648,000,000","550,000,000","542,000,000","571,000,000","532,000,000","506,000,000","492,000,000","511,000,000","481,000,000","463,000,000","526,000,000","467,000,000","453,000,000","417,000,000","476,000,000","505,000,000","460,000,000","454,000,000","413,000,000","475,000,000","466,000,000","402,000,000","403,000,000","456,000,000","454,000,000","385,000,000","441,000,000","405,000,000","339,000,000","312,000,000","312,000,000","214,000,000","360,000,000","336,000,000","288,000,000","456,000,000","245,000,000","320,000,000","284,000,000","270,000,000","411,000,000","103,000,000","1,391,000,000","1,852,000,000","69,000,000","347,000,000",,,,,,,,,,,,,,,,,,,,,,,,,,,,,,,,,,,,,,,,,,,,,,,,,,,,,,,,,,
NetIncomeFromContinuingOperationNetMinorityInterest,"267,000,000","478,000,000","476,000,000","-1,088,000,000","401,000,000","123,000,000","204,000,000","86,000,000","-1,968,000,000","374,000,000","-3,613,000,000","-1,616,000,000","-2,549,000,000","136,000,000","-6,869,000,000","567,000,000","-980,000,000","445,000,000","118,000,000","553,000,000","410,000,000","579,000,000","696,000,000","391,000,000","210,000,000","110,000,000","138,000,000","310,000,000","406,000,000","34,000,000","135,000,000","814,000,000","271,000,000","230,000,000","90,000,000","164,000,000","332,000,000","242,000,000","-9,000,000","364,000,000","239,000,000","236,000,000","87,000,000","203,000,000","366,000,000","202,000,000","254,000,000","261,000,000","337,000,000","261,000,000","277,000,000","321,000,000","392,000,000","244,000,000","363,000,000","304,000,000","293,000,000","224,000,000","203,000,000","278,000,000","269,000,000","256,000,000","152,000,000","393,000,000","232,000,000","214,000,000","180,000,000","239,000,000","267,000,000","218,000,000","187,000,000","228,000,000","372,000,000","3,033,000,000","37,000,000","508,000,000","219,000,000","-278,000,000","-1,433,000,000","466,000,000","279,000,000","631,000,000","520,000,000","771,000,000","750,000,000","-951,000,000","-4,096,000,000","244,000,000","248,000,000","280,000,000","-506,000,000","183,000,000","180,000,000","156,000,000","196,000,000","210,000,000","174,000,000","139,000,000","93,900,000","256,600,000","192,900,000","172,500,000","149,000,000","233,700,000","111,800,000","260,700,000","227,100,000","377,600,000","405,500,000","328,700,000","103,500,000","425,600,000","241,400,000","237,000,000","208,400,000","356,100,000","245,400,000","255,700,000","205,800,000","351,900,000","336,400,000","276,400,000","246,900,000","334,600,000","305,500,000","139,400,000","216,400,000","394,200,000","166,200,000","210,400,000","103,000,000","317,000,000","236,200,000",,,,,,,,,,,,,,,
TotalUnusualItemsExcludingGoodwill,"-96,000,000","1,000,000","3,000,000","-94,000,000","-6,000,000","-172,000,000","-78,000,000","-162,000,000","-1,624,000,000","-176,000,000","-5,077,000,000","-2,621,000,000","-3,956,000,000","-127,000,000","-9,663,000,000","10,000,000","-2,125,000,000",,,,,,,,,,,,,,,,,,,,,,,"26,000,000","32,000,000","26,000,000","-7,000,000","18,000,000","21,000,000","17,000,000","2,000,000","29,000,000","2,000,000","-6,000,000","4,000,000","23,000,000","22,000,000","18,000,000","-4,000,000","-17,000,000","1,000,000","2,000,000","7,000,000","7,000,000","10,000,000","4,000,000","-19,000,000","-22,000,000","28,000,000",,"-3,000,000","-14,000,000",,"-1,000,000","-52,000,000","4,000,000","-14,000,000","-27,000,000","1,000,000","-5,000,000",,"3,000,000","29,000,000","64,000,000","-2,000,000","18,000,000","5,000,000","-38,000,000","4,000,000","-9,000,000","-95,000,000","45,000,000","12,000,000","15,000,000","75,000,000","20,000,000","39,000,000","21,000,000","40,000,000","8,000,000","-5,000,000","18,000,000","107,200,000","9,400,000","71,700,000","18,100,000",,,,,,,,"16,900,000",,,,,,,,,,,,,,,,,,,,,,,,,,,,,,,,,,,,,,
TotalUnusualItems,"-96,000,000","1,000,000","3,000,000","-94,000,000","-6,000,000","-172,000,000","-78,000,000","-162,000,000","-1,624,000,000","-176,000,000","-5,077,000,000","-2,621,000,000","-3,956,000,000","-127,000,000","-9,663,000,000","10,000,000","-2,125,000,000",,,,,,,,,,,,,,,,,,,,,,,"26,000,000","32,000,000","26,000,000","-7,000,000","18,000,000","21,000,000","17,000,000","2,000,000","29,000,000","2,000,000","-6,000,000","4,000,000","23,000,000","22,000,000","18,000,000","-4,000,000","-17,000,000","1,000,000","2,000,000","7,000,000","7,000,000","10,000,000","4,000,000","-19,000,000","-22,000,000","28,000,000",,"-3,000,000","-14,000,000",,"-1,000,000","-52,000,000","4,000,000","-14,000,000","-27,000,000","1,000,000","-5,000,000",,"3,000,000","29,000,000","64,000,000","-2,000,000","18,000,000","5,000,000","-38,000,000","4,000,000","-9,000,000","-95,000,000","45,000,000","12,000,000","15,000,000","75,000,000","20,000,000","39,000,000","21,000,000","40,000,000","8,000,000","-5,000,000","18,000,000","107,200,000","9,400,000","71,700,000","18,100,000",,,,,,,,"16,900,000",,,,,,,,,,,,,,,,,,,,,,,,,,,,,,,,,,,,,,
NormalizedEBITDA,"6,192,000,000","1,664,000,000","1,574,000,000","1,331,000,000","1,623,000,000","1,493,000,000","1,561,000,000","1,375,000,000","1,268,000,000","1,623,000,000","1,516,000,000","1,168,000,000","1,144,000,000","1,079,000,000","1,059,000,000","1,563,000,000","1,524,000,000","1,468,000,000","1,171,000,000","1,643,000,000","1,481,000,000","1,618,000,000","1,729,000,000","1,366,000,000","1,128,000,000","823,000,000","902,000,000","1,224,000,000","1,359,000,000","761,000,000","1,024,000,000","1,774,000,000","1,120,000,000","1,044,000,000","833,000,000","842,000,000","1,178,000,000","1,035,000,000","577,000,000","1,233,000,000","1,076,000,000","1,072,000,000","925,000,000","976,000,000","1,343,000,000","1,036,000,000","1,036,000,000","1,077,000,000","1,229,000,000","1,126,000,000","1,021,000,000","1,119,000,000","1,154,000,000","985,000,000","1,151,000,000","1,123,000,000","1,036,000,000","908,000,000","918,000,000","1,080,000,000","1,005,000,000","979,000,000","876,000,000","1,232,000,000","903,000,000","883,000,000","834,000,000","1,010,000,000","992,000,000","887,000,000","1,061,000,000","911,000,000","1,039,000,000","5,693,000,000","592,000,000","1,499,000,000","1,080,000,000","204,000,000","-1,752,000,000","1,414,000,000","1,112,000,000","1,608,000,000","1,356,000,000","1,860,000,000","1,854,000,000","-1,228,000,000","-5,248,000,000","2,436,000,000","679,000,000","1,008,000,000","-489,000,000","1,152,000,000","978,000,000","862,000,000","400,000,000","1,127,000,000","1,177,000,000","1,034,000,000","707,300,000","1,114,900,000","756,700,000","924,700,000","-5,032,200,000","2,521,900,000","2,138,700,000","2,248,800,000","-4,637,400,000","2,645,200,000","2,447,700,000","1,098,900,000","2,638,200,000","2,855,200,000","2,439,700,000","2,514,300,000","2,707,200,000","2,947,300,000","2,464,100,000","2,463,800,000","2,557,800,000","2,798,800,000","2,519,700,000","2,419,900,000","2,635,000,000","2,520,300,000","2,351,900,000","2,270,900,000","2,452,000,000","2,597,700,000","2,172,600,000","2,247,800,000","2,146,800,000","2,245,900,000","2,086,500,000","2,109,100,000","2,043,500,000","1,966,000,000","1,766,600,000","1,869,600,000","1,830,900,000","1,827,900,000","1,774,700,000","1,752,200,000","1,927,500,000","2,000,900,000","1,876,700,000","2,011,600,000","2,066,900,000","2,167,400,000"
TaxRateForCalcs,"0.4","0.4","0.27","0.27","0.27","0.27","0.27","0.27","0.27","0.27","0.289","0.311","0.305","0.27","0.287","0.026","0.379","0.096","0.4","0.224","0.246","0.158","0.187","0.152","0.054","0.4","0.4","0.178","0.213","0.4","0.206","0.124","0.277","0.283","0.217","0.35","0.315","0.32","0.35","0.216","0.267","0.306","0.35","0.194","0.325","0.38","0.211","0.291","0.357","0.35","0.233","0.298","0.242","0.32","0.032","0.349","0.323","0.329","0.332","0.352","0.355","0.352","0.356","0.346","0.373","0.367","0.375","0.368","0.369","0.394","0.379","0.382","0.266","0.4","0.098","0.396","0.398","0.4","0.362","0.315","0.359","0.389","0.34","0.387","0.382","0.391","0.397","0.4","0.4","0.4","0.188","0.4","0.4","0.4","0.351","0.4","0.4","0.4","0.4","0.4","0.316","0.4","0.4","0.4","0.4","0.4","0.4","0.4","0.4","0.4","0.4","0.4","0.4","0.4","0.4","0.4","0.4","0.4","0.4","0.4","0.4","0.4","0.4","0.4","0.4","0.4","0.4","0.4","0.4","0.4","0.4","0.4","0.4",,,,,,,,,,,,,,,
TaxEffectOfUnusualItems,"-38,400,000","400,000","810,000","-25,380,000","-1,620,000","-46,440,000","-21,060,000","-43,740,000","-438,480,000","-47,520,000","-1,466,844,321.984","-814,801,279.318","-1,206,860,414.395","-34,290,000","-2,773,323,126.427","257,731.959","-805,375,000","0","0","0","0","0","0","0","0","0","0","0","0","0","0","0","0","0","0","0","0","0","0","5,603,448.276","8,539,877.301","7,952,941.176","-2,450,000","3,500,000","6,819,188.192","6,466,257.669","422,360.248","8,432,065.217","713,740.458","-2,100,000","930,747.922","6,844,638.95","5,319,148.936","5,766,016.713","-128,000","-5,933,618.844","323,325.635","658,682.635","2,325,657.895","2,463,869.464","3,549,160.671","1,407,594.937","-6,762,711.864","-7,613,976.705","10,443,243.243","0","-1,125,000","-5,148,148.148","0","-394,444.444","-19,694,352.159","1,528,455.285","-3,727,810.651","-10,800,000","97,560.976","-1,979,785.969","0","1,200,000","10,505,562.973","20,141,176.471","-717,241.379","6,994,186.047","1,700,507.614","-14,710,651.828","1,526,793.075","-3,516,976.297","-37,734,363.503","18,000,000","4,800,000","6,000,000","14,085,072.231","8,000,000","15,600,000","8,400,000","14,039,735.099","3,200,000","-2,000,000","7,200,000","42,880,000","3,760,000","22,688,908.575","7,240,000","0","0","0","0","0","0","0","6,760,000","0","0","0","0","0","0","0","0","0","0","0","0","0","0","0","0","0","0","0","0","0","0","0",,,,,,,,,,,,,,,