name,ttm,03/31/2022,12/31/2021,09/30/2021,06/30/2021,03/31/2021,12/31/2020,09/30/2020,06/30/2020,03/31/2020,12/31/2019,09/30/2019,06/30/2019,03/31/2019,12/31/2018,09/30/2018,06/30/2018,03/31/2018,12/31/2017,09/30/2017,06/30/2017,03/31/2017,12/31/2016,09/30/2016,06/30/2016,03/31/2016,12/31/2015,09/30/2015,06/30/2015,03/31/2015,12/31/2014,09/30/2014,06/30/2014,03/31/2014,12/31/2013,09/30/2013,06/30/2013,03/31/2013,12/31/2012,09/30/2012,06/30/2012,03/31/2012,12/31/2011,09/30/2011,06/30/2011,03/31/2011,12/31/2010,09/30/2010,06/30/2010,03/31/2010,12/31/2009,09/30/2009,06/30/2009,03/31/2009,12/31/2008,09/30/2008,06/30/2008,03/31/2008,12/31/2007,09/30/2007,06/30/2007,03/31/2007,12/31/2006,09/30/2006,06/30/2006,03/31/2006,12/31/2005,09/30/2005,06/30/2005,03/31/2005,12/31/2004,09/30/2004,06/30/2004,03/31/2004,12/31/2003,09/30/2003,06/30/2003,03/31/2003,12/31/2002,09/30/2002,06/30/2002,03/31/2002,12/31/2001,09/30/2001,06/30/2001,03/31/2001,12/31/2000,09/30/2000,06/30/2000,03/31/2000,12/31/1999,09/30/1999,06/30/1999,03/31/1999,12/31/1998,09/30/1998,06/30/1998,03/31/1998,12/31/1997,09/30/1997,06/30/1997,03/31/1997,12/31/1996,09/30/1996,06/30/1996,03/31/1996,12/31/1995,09/30/1995,06/30/1995,03/31/1995,12/31/1994,09/30/1994,06/30/1994,03/31/1994,12/31/1993,09/30/1993,06/30/1993,03/31/1993,12/31/1992,09/30/1992,06/30/1992,03/31/1992,12/31/1991,09/30/1991,06/30/1991,03/31/1991,12/31/1990,09/30/1990,06/30/1990,03/31/1990,12/31/1989,09/30/1989,06/30/1989,03/31/1989,12/31/1988,09/30/1988,06/30/1988,03/31/1988,12/31/1987,09/30/1987,06/30/1987,03/31/1987,12/31/1986,09/30/1986,06/30/1986,03/31/1986,12/31/1985,09/30/1985
TotalRevenue,"2,966,817,000","882,378,000","848,162,000","703,136,000","533,141,000","468,119,000","343,399,000","314,920,000","173,921,000","320,315,000","339,811,000","307,409,000","338,956,000","321,099,000","386,364,000","372,439,000","325,933,000","305,225,000","277,057,000","232,733,000","213,602,000","189,692,000","171,337,000","144,483,000","112,720,000","77,538,000","105,777,000","107,063,000","99,451,000","77,342,000","108,779,000","133,823,000","162,339,000","156,781,000","141,378,000","99,082,000","95,616,000","93,109,000","88,121,000","73,124,000","67,316,000","100,346,000","80,473,000","144,982,000","113,430,000","57,075,000","-3,439,000","87,609,000","76,414,000","130,746,000","87,330,000","45,200,000","33,589,000","88,845,000","195,406,000","326,804,000","29,051,000","100,409,000","95,103,000","76,275,000","75,945,000","63,557,000","66,577,000","67,190,000","62,991,000","79,108,600","80,402,100","85,787,000","89,333,600","83,441,600","72,590,100","73,157,400","73,923,800","71,048,500","59,456,200","47,207,900","42,192,500","53,994,400","34,784,900","28,148,600","33,000,900","36,085,900","37,116,100","33,336,600","47,129,000","59,541,400","45,635,900","32,437,500","28,775,500","34,367,600","24,200,000","23,800,000","20,900,000","27,200,000","23,500,000","16,200,000","18,700,000","24,500,000","22,300,000","13,800,000","14,700,000","23,400,000","16,900,000","11,200,000","10,300,000","11,400,000","4,700,000","3,600,000","4,400,000","9,500,000","6,400,000","3,700,000","4,800,000","8,800,000","6,000,000","4,300,000","4,400,000","5,700,000","8,300,000","4,000,000","3,200,000","6,500,000","6,700,000","2,700,000","3,500,000","5,800,000","1,800,000","4,200,000","2,600,000","4,700,000","2,600,000","2,500,000","2,500,000","2,500,000","2,300,000","2,200,000","1,600,000","3,100,000","3,900,000","2,800,000","1,900,000","3,200,000","3,000,000","3,000,000","3,000,000","2,900,000","3,600,000","3,600,000"
	OperatingRevenue,"2,966,817,000","882,378,000","848,162,000","703,136,000","533,141,000","468,119,000","343,399,000","314,920,000","173,921,000","320,315,000","339,811,000","307,409,000","338,956,000","321,099,000","386,364,000","372,439,000","325,933,000","305,225,000","277,057,000","232,733,000","213,602,000","189,692,000","171,337,000","144,483,000","112,720,000","77,538,000","105,777,000","107,063,000","99,451,000","77,342,000","108,779,000","133,823,000","162,339,000","156,781,000","141,378,000","99,082,000","95,616,000","93,109,000","88,121,000","73,124,000","67,316,000","88,845,000","77,744,000","98,276,000","92,893,000","80,957,000","71,069,000","68,580,000","64,157,000","87,524,000","73,916,000","59,013,000","56,862,000","65,120,000","67,275,000","326,804,000","29,051,000","100,409,000","95,103,000","76,275,000","75,945,000","63,557,000","68,563,000","65,226,000","62,627,000","78,717,800","90,398,100","85,577,600","85,760,800","77,227,800","71,978,500","72,568,400","73,236,800","70,990,400","57,115,200","46,719,600","41,907,400","53,609,700","36,118,700","27,697,600","33,000,900","35,671,100","38,600,200","32,825,500","46,612,500","59,084,900","45,635,900","32,437,500","28,775,500","34,367,600","24,200,000","23,800,000","20,900,000","27,200,000","23,500,000","16,200,000","18,700,000","24,500,000","22,300,000","13,800,000","14,700,000","23,400,000","16,900,000","11,200,000","10,300,000","11,400,000","4,700,000","3,600,000","4,400,000","9,500,000","6,400,000","3,700,000","4,800,000","8,800,000","6,000,000","4,300,000","4,400,000","5,700,000","8,300,000","4,000,000","3,200,000","6,500,000","6,700,000","2,700,000","3,500,000","5,800,000","1,800,000","4,200,000","2,600,000","4,700,000","2,600,000","2,500,000","2,500,000","2,500,000","2,300,000","2,200,000","1,600,000","3,100,000","3,900,000","2,800,000","1,900,000","3,200,000","3,000,000","3,000,000","3,000,000","2,900,000","3,600,000","3,600,000"
CostOfRevenue,"944,751,000","241,942,000","246,612,000","241,030,000","215,167,000","197,987,000","191,009,000","183,524,000","174,286,000","208,123,000","186,995,000","195,877,000","203,373,000","185,014,000","185,333,000","180,758,000","167,192,000","154,270,000","137,313,000","150,548,000","147,543,000","127,617,000","118,532,000","130,635,000","119,647,000","108,078,000","56,692,000","109,212,000","94,418,000","83,247,000","78,746,000","85,741,000","102,925,000","94,713,000","84,096,000","67,054,000","62,041,000","57,543,000","179,884,000","32,354,000","27,641,000","32,744,000","28,280,000","34,739,000","37,881,000","38,183,000","33,785,000","34,985,000","32,422,000","39,530,000","20,869,000","33,360,000","29,169,000","43,882,000","77,972,000","87,258,000","54,917,000","44,614,000","56,143,000","38,541,000","47,434,000","33,789,000","40,548,000","45,041,000","39,906,000","54,173,800","64,678,300","57,038,200","62,603,900","55,784,100","52,071,500","53,938,400","54,652,200","52,116,500","41,492,400","33,405,400","30,692,600","41,880,200","28,715,400","22,433,900","25,536,000","27,739,400","28,175,800","25,331,300","38,475,500","48,340,300","36,726,200","26,795,200","23,559,700","28,109,800","20,400,000","19,000,000","17,500,000","22,900,000","18,200,000","14,400,000","15,500,000","20,500,000","17,600,000","10,800,000","11,600,000","18,900,000","13,700,000","9,400,000","8,300,000","8,500,000","6,500,000","1,400,000","2,000,000","7,400,000","7,800,000","1,700,000","3,800,000","7,100,000","4,700,000","3,100,000","3,200,000","4,200,000","6,500,000","2,800,000","2,700,000","5,000,000",,,,,,,,,,,,,,,,,,,,,,,,,,
GrossProfit,"2,022,066,000","640,436,000","601,550,000","462,106,000","317,974,000","270,132,000","152,390,000","131,396,000","-365,000","112,192,000","152,816,000","111,532,000","135,583,000","136,085,000","201,031,000","191,681,000","158,741,000","150,955,000","139,744,000","82,185,000","66,059,000","62,075,000","52,805,000","13,848,000","-6,927,000","-30,540,000","49,085,000","-2,149,000","5,033,000","-5,905,000","30,033,000","48,082,000","59,414,000","62,068,000","57,282,000","32,028,000","33,575,000","35,566,000","-91,763,000","40,770,000","39,675,000","67,602,000","52,193,000","110,243,000","75,549,000","18,892,000","-37,224,000","52,624,000","43,992,000","91,216,000","66,461,000","11,840,000","4,420,000","44,963,000","117,434,000","239,546,000","-25,866,000","55,795,000","38,960,000","37,734,000","28,511,000","29,768,000","26,029,000","22,149,000","23,085,000","24,934,800","15,723,800","28,748,800","26,729,700","27,657,500","20,518,600","19,219,000","19,271,600","18,932,000","17,963,800","13,802,500","11,499,900","12,114,200","6,069,500","5,714,700","7,464,900","8,346,500","8,940,300","8,005,300","8,653,500","11,201,100","8,909,700","5,642,300","5,215,800","6,257,800","3,800,000","4,800,000","3,400,000","4,300,000","5,300,000","1,800,000","3,200,000","4,000,000","4,700,000","3,000,000","3,100,000","4,500,000","3,200,000","1,800,000","2,000,000","2,900,000","-1,800,000","2,200,000","2,400,000","2,100,000","-1,400,000","2,000,000","1,000,000","1,700,000","1,300,000","1,200,000","1,200,000","1,500,000","1,800,000","1,200,000","500,000","1,500,000",,,,,,,,,,,,,,,,,,,,,,,,,,
OperatingExpense,"327,322,000","89,378,000","84,530,000","78,639,000","74,775,000","78,790,000","72,025,000","70,052,000","72,965,000","112,438,000","76,436,000","75,487,000","74,986,000","75,571,000","82,839,000","80,846,000","68,943,000","66,651,000","61,682,000","95,352,000","8,431,000","45,515,000","56,114,000","47,819,000","39,124,000","82,632,000","92,073,000","19,886,000","19,980,000","19,897,000","19,088,000","35,156,000","41,253,000","24,144,000","17,629,000","17,624,000","17,427,000","16,880,000","-77,051,000","48,162,000","51,396,000","54,522,000","43,981,000","47,967,000","53,903,000","46,230,000","43,898,000","42,325,000","36,876,000","39,083,000","70,906,000","41,904,000","48,628,000","46,438,000","43,249,000","36,751,000","31,336,000","73,264,000","3,753,000","27,867,000","-1,285,000","26,143,000","5,790,000","-315,255,000","12,284,000","10,596,500","-2,021,800","6,765,500","6,111,100","6,442,500","6,052,600","5,345,100","5,564,200","5,501,900","4,753,800","5,620,500","4,330,200","4,423,300","4,338,900","4,193,500","4,082,200","3,880,600","5,425,800","3,358,200","2,988,500","2,951,500","2,807,200","2,890,000","2,698,400","2,170,300","2,000,000","1,900,000","1,600,000","1,400,000","1,700,000","1,400,000","1,400,000","1,200,000","1,500,000","1,200,000","1,200,000","1,100,000","1,000,000","1,300,000","1,100,000","1,200,000","-2,300,000","2,000,000","2,100,000","1,100,000","-2,100,000","2,100,000","1,000,000","1,000,000","1,000,000","800,000","1,000,000","900,000","900,000","900,000","900,000","800,000",,,,,,,,,,,,,,,,,,,,,,,,,,
	SellingGeneralAndAdministration,"322,174,000","88,263,000","82,177,000","76,496,000","75,238,000","74,481,000","69,746,000","69,828,000","71,160,000","111,699,000","74,457,000","77,589,000","77,136,000","74,819,000","85,336,000","81,286,000","69,507,000","65,332,000","59,696,000","54,652,000","49,559,000","46,104,000","50,546,000","46,511,000","37,254,000","38,109,000","91,076,000","18,528,000","18,667,000","18,680,000","19,310,000","34,625,000","40,665,000","23,612,000","16,991,000","16,080,000","15,783,000","15,115,000","16,019,000","13,710,000","14,378,000","14,708,000","14,389,000","13,683,000","19,509,000","13,873,000","11,213,000","10,426,000","9,855,000","10,694,000","17,480,000","9,627,000","14,784,000","12,094,000","10,555,000","8,106,000","9,231,000","9,823,000","9,145,000","7,513,000","6,886,000","7,424,000","5,977,000","4,423,000","4,667,000","3,980,200","2,431,300","1,645,500","1,266,000","1,617,500","1,684,200","926,300","900,900","994,200","1,232,800","1,377,300","1,186,600","1,177,700","1,318,900","1,069,900","1,027,400","975,700","1,042,700","1,143,200","998,400","961,400","867,100","1,038,300","1,032,300","679,200","900,000","900,000","600,000","500,000","700,000","700,000","600,000","400,000","600,000","600,000","600,000","500,000","500,000","700,000","600,000","500,000","-2,800,000","1,400,000","1,600,000","500,000","-2,500,000","1,600,000","500,000","500,000","500,000","400,000","500,000","500,000","400,000","500,000","500,000","400,000",,,,,,,,,,,,,,,,,,,,,,,,,,
		GeneralAndAdministrativeExpense,"322,174,000","88,263,000","82,177,000","76,496,000","75,238,000","74,481,000","69,746,000","69,828,000","71,160,000","111,699,000","74,457,000","77,589,000","77,136,000","74,819,000","85,336,000","81,286,000","69,507,000","65,332,000","59,696,000","54,652,000","49,559,000","46,104,000","50,546,000","46,511,000","37,254,000","38,109,000","91,076,000","18,528,000","18,667,000","18,680,000","19,310,000","34,625,000","40,665,000","23,612,000","16,991,000","16,080,000","15,783,000","15,115,000","16,019,000","13,710,000","14,378,000","14,708,000",,"13,683,000","19,509,000","13,873,000","11,213,000","10,426,000","9,855,000","10,694,000","17,480,000","9,627,000","14,784,000","12,094,000",,,,,,,,,,,,,,,,,,,,,,,,,,,,,,,,,,,,,,,,,,,,,,,,,,,,,,,,,,,,,,,,,,,,,,,,,,,,,,,,,,,,,,,,,,,,,,
			RentAndLandingFees,"193,011,000","54,156,000","50,811,000","45,649,000","42,395,000","41,804,000","38,666,000","37,338,000","35,808,000","49,534,000","36,201,000","36,498,000","34,328,000","35,221,000","36,015,000","33,046,000","32,260,000","29,636,000","24,471,000","25,353,000","20,028,000","19,789,000","16,944,000","14,001,000","13,675,000","15,330,000","14,244,000",,,,,,,,,,,,,,,,,,,,,,,,,,,,,,,,,,,,,,,,,,,,,,,,,,,,,,,,,,,,,,,,,,,,,,,,,,,,,,,,,,,,,,,,,,,,,,,,,,,,,,,,,,,,,,,,,,,,,,,,,
			OtherGandA,"129,163,000","34,107,000","31,366,000","30,847,000","32,843,000","32,677,000","31,080,000","32,490,000","35,352,000","62,165,000","38,256,000","41,091,000","42,808,000","39,598,000","49,321,000","48,240,000","37,247,000","35,696,000","35,225,000","29,299,000","29,531,000","26,315,000","33,602,000","32,510,000","23,579,000","22,779,000","34,084,000","18,528,000","18,667,000","18,680,000","19,310,000","34,625,000","40,665,000","23,612,000","16,991,000","16,080,000","15,783,000","15,115,000","16,019,000",,,,,,,,,,,,,,,,,,,,,,,,,,,,,,,,,,,,,,,,,,,,,,,,,,,,,,,,,,,,,,,,,,,,,,,,,,,,,,,,,,,,,,,,,,,,,,,,,,,,,,,,,,,,,
	ResearchAndDevelopment,,,,,,,,,,,,,,,,,,,,,,,,,,,,,,,,,,,,,,,,,,,,,"1,720,000",,,"3,737,000",,,,,,,,,,,,,,,,,,,,,,,,,,,,,,,,,,,,,,,,,,,,,,,,,,,,,,,,,,,,,,,,,,,,,,,,,,,,,,,,,,,,,,,,,,,,,,,,,,,,
	DepreciationAmortizationDepletionIncomeStatement,,,,,,,,,,,,,"168,523,000","151,422,000","149,841,000","147,540,000","135,624,000","126,788,000","108,517,000","125,238,000","126,013,000","109,316,000","99,545,000","112,927,000","107,014,000","97,388,000","96,385,000","80,947,000","70,106,000","55,820,000","50,363,000",,"53,743,000","46,639,000","40,641,000","30,870,000","27,800,000","27,949,000","40,134,000","32,483,000","34,448,000","39,814,000","29,560,000","34,316,000","32,674,000","32,357,000","26,251,000","28,219,000","27,117,000","28,389,000","30,539,000","32,277,000","33,844,000","34,344,000","32,694,000","28,645,000","22,105,000","21,131,000","19,987,000","20,354,000","17,429,000","13,074,000","11,181,000","8,322,000","7,617,000","6,616,300","6,294,200","5,120,000","4,845,100","4,825,000","4,368,400","4,418,800","4,663,300","4,507,700","3,521,000","4,243,200","3,143,600","3,245,600","3,020,000","3,123,600","3,054,800","2,904,900","4,383,100","2,215,000","1,990,100","1,990,100","1,940,100","1,851,700","1,666,100","1,491,100","1,100,000","1,000,000","1,000,000","900,000","1,000,000","700,000","800,000","800,000","900,000","600,000","600,000","600,000","500,000","600,000","500,000","700,000","500,000","600,000","500,000","600,000","400,000","500,000","500,000","500,000","500,000","400,000","500,000","400,000","500,000","400,000","400,000","400,000",,,,,,,,,,,,,,,,,,,,,,,,,,
		DepreciationAndAmortizationInIncomeStatement,,,,,,,,,,,,,,,,,,,,,,,,,,,,,,,,,,,,,,,,,,,,,,,,,,,,,,,,"28,645,000","22,105,000","21,131,000","19,987,000","20,354,000","17,429,000","13,074,000","11,181,000","8,322,000","7,617,000","6,616,300","6,294,200","5,120,000","4,845,100","4,825,000","4,368,400","4,418,800","4,663,300","4,507,700","3,521,000","4,243,200","3,143,600","3,245,600","3,020,000","3,123,600","3,054,800","2,904,900","4,383,100","2,215,000","1,990,100","1,990,100","1,940,100","1,851,700","1,666,100","1,491,100","1,100,000","1,000,000","1,000,000","900,000","1,000,000","700,000","800,000","800,000","900,000","600,000","600,000","600,000","500,000","600,000","500,000","700,000","500,000","600,000","500,000","600,000","400,000","500,000","500,000","500,000","500,000","400,000","500,000","400,000","500,000","400,000","400,000","400,000",,,,,,,,,,,,,,,,,,,,,,,,,,
	ProvisionForDoubtfulAccounts,,,,,,,,,,,,,,,"0","0",,,"0","0","-40,203,000","0","0","-700,000","0","44,738,000",,,,,,,,,,,,,,,,,,,,,,,,,,,,,,,,,,,,,,,,,,,,,,,,,,,,,,,,,,,,,,,,,,,,,,,,,,,,,,,,,,,,,,,,,,,,,,,,,,,,,,,,,,,,,,,,,,,,,,,,,,
	OtherTaxes,,,,,,,,,,,,,,,,,,,,,,,,,,,"5,237,000",,,,,,,,,,,,,,,,,,,,,,,,,,,,,,,,,,,,,,,,,,,,,,,,,,,,,,,,,,,,,,,,,,,,,,,,,,,,,,,,,,,,,,,,,,,,,,,,,,,,,,,,,,,,,,,,,,,,,,,,,
	OtherOperatingExpenses,"5,148,000","1,115,000","2,353,000","2,143,000","-463,000","4,309,000","2,279,000","224,000","1,805,000","739,000","1,979,000","-2,102,000","-2,150,000","752,000","-2,497,000","-440,000","-564,000","1,319,000","1,986,000","40,700,000","-925,000","-589,000","5,568,000","2,008,000","1,870,000","-215,000","997,000","1,358,000","1,313,000","1,217,000","-222,000","531,000","588,000","532,000","638,000","1,544,000","1,644,000","1,765,000","13,675,000","1,969,000","2,570,000",,,"-32,000",,,"20,419,000","-57,000","-96,000",,,,,,,,,"42,310,000","-25,379,000",,"-25,600,000","5,645,000","-11,368,000","-328,000,000",,,,,,,,,,,,,,,,,,,,,,,,,,,,,,,,,,,,,,,,,,,,,,,,,,,,,,,,,,,,,,,,,,,,,,,,,,,,,,,,,,,,
OperatingIncome,"1,694,744,000","551,058,000","517,020,000","383,467,000","243,199,000","191,342,000","80,365,000","61,344,000","-73,330,000","-246,000","76,380,000","36,045,000","60,597,000","60,514,000","118,192,000","110,835,000","89,798,000","84,304,000","78,062,000","-13,167,000","57,628,000","16,560,000","-3,309,000","-33,971,000","-46,051,000","-113,172,000","-42,988,000","-22,035,000","-14,947,000","-25,802,000","10,945,000","12,926,000","18,161,000","37,924,000","39,653,000","14,404,000","16,148,000","18,686,000","-14,712,000","-7,392,000","-11,721,000","13,080,000","8,212,000","62,276,000","21,646,000","-27,338,000","-81,122,000","10,299,000","7,116,000","52,133,000","-4,445,000","-30,064,000","-44,208,000","-1,475,000","74,185,000","202,795,000","-57,202,000","-17,469,000","35,207,000","9,867,000","29,796,000","3,625,000","20,239,000","337,404,000","10,801,000","14,338,300","17,745,600","21,983,300","20,618,600","21,215,000","14,466,000","13,873,900","13,707,400","13,430,100","13,210,000","8,182,000","7,169,700","7,690,900","1,730,600","1,521,200","3,382,700","4,465,900","3,514,500","4,647,100","5,665,000","8,249,600","6,102,500","2,752,300","2,517,400","4,087,500","1,800,000","2,900,000","1,800,000","2,900,000","3,600,000","400,000","1,800,000","2,800,000","3,200,000","1,800,000","1,900,000","3,400,000","2,200,000","500,000","900,000","1,700,000","500,000","200,000","300,000","1,000,000","700,000","-100,000","0","700,000","300,000","400,000","200,000","600,000","900,000","300,000","-400,000","700,000","-9,700,000","2,700,000","3,500,000","5,800,000","-12,200,000","4,200,000","2,600,000","4,700,000","-7,600,000","2,500,000","2,500,000","2,500,000","-7,500,000","2,200,000","1,600,000","3,100,000","-6,500,000","2,800,000","1,900,000","3,200,000","-7,700,000","3,000,000","3,000,000","2,900,000","-8,900,000","3,600,000"
NetNonOperatingInterestIncomeExpense,"-76,602,000","-12,945,000","-23,499,000","-20,098,000","-20,060,000","-19,041,000","-21,707,000","-21,022,000","-21,782,000","-24,173,000","-17,420,000","-17,811,000","-18,900,000","-16,968,000","-18,161,000","-17,434,000","-17,341,000","-17,381,000","-19,561,000","-18,796,000","-18,849,000","-19,227,000","-20,125,000","-20,053,000","-10,495,000","-10,336,000","-11,006,000","-10,714,000","-10,432,000","-10,612,000","-10,662,000","-11,782,000","-12,908,000","-12,579,000","-12,606,000","-12,379,000","-13,086,000","-13,357,000","-16,427,000","-11,357,000","-10,053,000","-10,442,000","-9,360,000","-9,460,000","-9,065,000","-9,053,000","-9,593,000","-8,153,000","-7,638,000","-7,795,000","-10,170,000","-9,013,000","-9,408,000","-8,363,000",,,,,,,,,,,,,,,,,,,,,,,,,,,,,,,,,,,,,,,,,,,,,,,,,,,,,,,,,,,,,,,,,,,,,,,,,,,,,,,,,,,,,,,,,,,,,,
	InterestIncomeNonOperating,"72,000",,,,,,,,,,"9,000","48,000","5,000","10,000","8,000","188,000","69,000","148,000","774,000","479,000","768,000","240,000","-912,000","140,000","177,000","1,558,000","1,181,000","1,378,000","1,135,000","1,113,000","981,000","39,000","152,000","251,000","337,000","130,000","3,000","0","3,000","3,000","0","2,000","0","36,000","2,000","9,000","11,000","21,000","34,000","5,000","14,000","208,000","12,000","20,000",,,,,,,,,,,,,,,,,,,,,,,,,,,,,,,,,,,,,,,,,,,,,,,,,,,,,,,,,,,,,,,,,,,,,,,,,,,,,,,,,,,,,,,,,,,,,,
	InterestExpenseNonOperating,"76,602,000","12,945,000","23,499,000","20,098,000","20,060,000","19,041,000","21,707,000","21,022,000","21,782,000","24,173,000","17,429,000","17,859,000","18,905,000","16,978,000","18,169,000","17,622,000","17,410,000","17,529,000","20,335,000","19,275,000","19,617,000","19,467,000","19,213,000","20,193,000","10,672,000","11,894,000","12,187,000","12,092,000","11,567,000","11,725,000","11,643,000","11,821,000","13,060,000","12,830,000","12,943,000","12,509,000","13,089,000","13,357,000","16,430,000","11,360,000","10,053,000","10,444,000","9,360,000","9,496,000","9,067,000","9,062,000","9,604,000","8,174,000","7,672,000","7,800,000","10,184,000","9,221,000","9,420,000","8,383,000",,,,,,,,,,,,,,,,,,,,,,,,,,,,,,,,,,,,,,,,,,,,,,,,,,,,,,,,,,,,,,,,,,,,,,,,,,,,,,,,,,,,,,,,,,,,,,
OtherIncomeExpense,"-1,091,027,000","-568,873,000","6,015,000","-217,838,000","-310,331,000","-181,282,000","-69,754,000","-70,929,000","-122,647,000","-448,341,000","-79,071,000","8,336,000","49,438,000","-201,134,000","137,993,000","-100,711,000","-278,037,000","-84,628,000","-121,309,000","-382,924,000","27,008,000","75,143,000","-67,202,000","18,683,000","-97,231,000","10,139,000","59,268,000","-29,912,000","-51,607,000","64,199,000","137,802,000","88,329,000","-53,986,000","-28,859,000","-5,789,000","-27,398,000","23,231,000","-68,776,000","-172,678,000","-32,025,000","40,605,000","-499,000",,"0","0","0","0","0","0","-6,418,000","-9,703,000","0","0","120,000","0","0","0","-42,310,000","7,691,000","0","25,600,000","-5,645,000","668,000","332,876,000","1,731,000","4,825,900","4,106,200","-9,712,900","-432,800","6,213,800","611,600","589,000","687,000","58,100","2,341,000","488,300","285,100","384,700","1,519,800","451,000","468,000","414,800","0","511,100","516,500","456,500","-805,600","381,100","287,700","136,800",,"0","200,000","500,000","-1,500,000","400,000","500,000","700,000",,"200,000","200,000","0","-500,000","100,000","100,000","0","200,000",,"100,000","0","100,000",,,"200,000","200,000","0","100,000","100,000","200,000","100,000","700,000",,,,,,,,,,,,,,,,,,,,,,,,,,,
	GainOnSaleOfSecurity,"-1,088,255,000","-568,055,000","5,731,000","-217,678,000","-308,253,000","-181,256,000","-65,581,000","-68,061,000","-120,786,000","434,698,000","-74,986,000","54,867,000","47,349,000","-190,074,000","402,997,000","-94,394,000","-116,126,000","-47,240,000","-90,394,000","-52,178,000","57,932,000","80,704,000","-63,333,000","19,397,000","-92,801,000","11,056,000","62,013,000","123,549,000","-49,041,000","66,662,000","297,643,000","90,213,000","-53,411,000","-27,155,000","-2,636,000","-23,638,000","24,724,000","-22,355,000","14,052,000","-31,943,000","38,729,000",,,,,,,,,,,,,,,,,,,,,,,,,,,,,,,,,,,,,,,,,,,,,,,,,,,,,,,,,,,,,,,,,,,,,,,,,,,,,,,,,,,,,,,,,,,,,,,,,,,,,,,,,,,
	SpecialIncomeCharges,"-330,000","-818,000","278,000","143,000","67,000","22,000","16,000","-932,000","142,000","-880,895,000","-1,650,000","-44,039,000","4,925,000","-7,506,000","-261,362,000","-3,606,000","-159,203,000","-34,620,000","-28,123,000","-327,799,000","-27,034,000","-2,033,000","-3,869,000","-714,000","-4,430,000","-917,000","-2,745,000","-153,461,000","-2,566,000","-2,463,000","-159,841,000","-1,884,000","-575,000","-1,704,000","-3,153,000","-3,760,000","-1,493,000","-46,421,000","-186,730,000","-82,000","1,876,000","-499,000",,,,,,,,"-6,418,000","350,000","0","0","120,000",,,,"-42,310,000","7,691,000",,"25,600,000","-5,645,000","668,000","332,876,000","1,731,000","4,825,900","4,106,200","-9,712,900","-432,800","6,213,800","611,600","589,000","687,000","58,100","2,341,000","488,300","285,100","384,700","1,519,800","451,000","468,000","414,800",,"511,100","516,500","456,500",,"381,100","287,700","136,800",,,"200,000","500,000",,"400,000","500,000","700,000",,"200,000",,,,"100,000",,,,,,,,,,,,,,,"200,000","100,000","700,000",,,,,,,,,,,,,,,,,,,,,,,,,,,
		ImpairmentOfCapitalAssets,"1,155,000","943,000","73,000","77,000","62,000","190,000","66,000","1,221,000","32,000","881,074,000","1,515,000","167,000","28,979,000","7,875,000","264,167,000","1,488,000","159,554,000","33,188,000","3,388,000","327,861,000","27,566,000","2,193,000","3,869,000","933,000","4,170,000","1,001,000","2,828,000","153,535,000","2,773,000","2,484,000","159,911,000","1,863,000","938,000","979,000","1,002,000","4,472,000","1,502,000","46,459,000","166,731,000","395,000","370,000","653,000",,,,,,,,"6,418,000",,,,,,,,,,,,,,,,,,,,,,,,,,,,,,,,,,,,,,,,,,,,,,,,,,,,,,,,,,,,,,,,,,,,,,,,,,,,,,,,,,,,,,,,,,,,,,,,,,
		OtherSpecialCharges,,,,,,,,,,,,,,,,,,,"24,747,000","0","0","0","0","0","0","0","0","0","0","0","0",,"0","0","1,080,000","0","1,172,000","0","20,444,000","1,195,000","0","-154,000",,,,,,,,"0",,,,,,,,,,,,,,,,,,,,,,,,,,,,,,,,,,,,,,,,,,,,,,,,,,,,,,,,,,,,,,,,,,,,,,,,,,,,,,,,,,,,,,,,,,,,,,,,,,
		GainOnSaleOfPPE,"825,000","125,000","351,000","220,000","129,000","212,000","82,000","289,000","174,000","179,000","-135,000","-43,872,000","33,904,000","369,000","2,805,000","-2,118,000","351,000","-1,432,000","12,000","62,000","532,000","160,000","0","219,000","-260,000","84,000","83,000","74,000","207,000","21,000","70,000","-21,000","363,000","-725,000","-2,151,000","712,000","9,000","38,000","445,000","1,508,000","2,246,000",,,,,,,,,,,,,,,,,,,,,,,,,,,,,,,,,,,,,,,,,,,,,,,,,,,,,,,,,,,,,,,,,,,,,,,,,,,,,,,,,,,,,,,,,,,,,,,,,,,,,,,,,,,
	OtherNonOperatingIncomeExpenses,,,"6,000","-303,000","-2,145,000","-48,000","-4,189,000","-1,936,000","-2,003,000","-2,144,000","-2,435,000","-2,492,000","-2,836,000","-3,554,000","-3,642,000","-2,711,000","-2,708,000","-2,768,000","-2,792,000","-2,947,000","-3,890,000","-3,528,000",,,,,,,,,,,,,,,,,,,,,,,,,,,,,,,,,,,,,,,,,,,,,,,,,,,,,,,,,,,,,,,,,,,,,,,,,,,,,,,,,,,,,,,,,,,,,,,,,,,,,,,,,,,,,,,,,,,,,,,,,,,,,,
PretaxIncome,"527,115,000","-30,760,000","499,536,000","145,531,000","-87,192,000","-8,981,000","-11,096,000","-30,607,000","-217,759,000","-472,760,000","-20,111,000","26,570,000","91,135,000","-157,588,000","238,024,000","-7,310,000","-205,580,000","-17,705,000","-62,808,000","-414,887,000","65,787,000","72,476,000","-90,636,000","-35,341,000","-153,777,000","-113,369,000","5,274,000","-62,661,000","-76,986,000","27,785,000","138,085,000","89,473,000","-48,733,000","-3,514,000","21,258,000","-25,373,000","26,293,000","-63,447,000","-203,817,000","-50,774,000","18,831,000","2,139,000","-26,111,000","52,816,000","12,581,000","-36,391,000","-30,650,000","2,146,000","-522,000","37,920,000","-24,318,000","-39,077,000","-53,616,000","-9,718,000","65,290,000","195,129,000","-63,521,000","-22,130,000","13,668,000","7,785,000","28,800,000","3,937,000","13,205,000","343,709,000","11,901,000","18,593,500","20,851,200","11,918,800","16,470,000","21,171,100","14,342,800","13,621,300","13,452,400","13,186,600","12,791,900","7,767,000","6,909,900","7,454,700","4,239,400","1,121,400","3,494,800","4,226,600","3,198,100","4,397,700","5,451,300","8,035,700","4,838,400","2,695,900","2,529,700","4,209,700","1,800,000","2,800,000","2,100,000","3,400,000","2,100,000","800,000","2,200,000","3,600,000","2,500,000","1,900,000","2,000,000","3,300,000","1,500,000","600,000","900,000","1,600,000","600,000",,"300,000","900,000","700,000",,,"800,000","200,000","400,000","300,000","700,000","1,200,000","300,000","300,000","700,000",,,,,,,,,,,,,,,,,,,,,,,,,,
TaxProvision,"27,728,000","1,200,000","26,473,000","210,000","-155,000","55,000","-4,406,000","176,000","4,073,000","-7,745,000","841,000","10,662,000","22,587,000","-37,412,000","59,171,000","-3,876,000","-45,323,000","-4,566,000","-140,445,000","-122,350,000","24,537,000","26,330,000","-34,997,000","-12,032,000","-58,327,000","-41,839,000","2,252,000","-21,167,000","-30,116,000","10,723,000","54,115,000","35,396,000","-20,546,000","-1,387,000","8,059,000","-10,155,000","9,791,000","-22,492,000","-77,642,000","-18,131,000","6,179,000","759,000","-10,008,000","20,256,000","3,416,000","-13,847,000","-11,554,000","-1,020,000","-192,000","14,251,000","-6,483,000","-14,601,000","-20,537,000","-4,015,000","24,237,000","68,233,000","-22,809,000","-8,202,000","5,470,000","3,326,000","10,749,000","1,436,000","5,694,000","132,795,000","4,351,000","6,795,900","7,923,800","4,413,000","6,091,400","7,833,300","6,026,300","4,929,700","4,839,300","4,747,200","4,802,400","2,563,100","2,280,300","2,460,000","1,194,500","232,400","1,072,900","1,297,600","848,700","1,220,200","1,635,400","2,410,700","1,487,500","555,000","581,900","968,300","200,000","800,000","500,000","800,000","500,000","200,000","500,000","800,000","300,000","400,000","600,000","800,000","400,000","200,000","200,000","300,000","100,000",,"100,000","200,000","100,000",,,"200,000","-100,000","100,000","100,000","200,000","400,000","100,000","100,000","300,000",,,,,,,,,,,,,,,,,,,,,,,,,,
NetIncomeCommonStockholders,"499,387,000","-31,960,000","473,063,000","145,321,000","-87,037,000","-9,036,000","-6,690,000","-30,783,000","-221,832,000","-465,015,000","-20,952,000","15,908,000","68,548,000","-120,176,000","178,853,000","-3,434,000","-160,257,000","-13,139,000","77,637,000","-292,537,000","41,250,000","46,146,000","-55,639,000","-23,309,000","-95,450,000","-71,530,000","3,022,000","-41,494,000","-46,870,000","17,062,000","131,752,000","53,997,000","-28,187,000","-2,127,000","13,199,000","-16,000,000","19,918,000","-39,418,000","-126,175,000","-32,643,000","12,271,000","15,835,000","-8,364,000","32,560,000","9,165,000","-19,924,000","-18,140,000","3,359,000","-2,729,000","23,724,000","-16,019,000","-24,476,000","-33,079,000","-5,703,000","41,053,000","126,896,000","-40,712,000","-13,928,000","8,198,000","4,459,000","18,051,000","2,501,000","7,511,000","210,914,000","7,550,000","11,797,600","12,927,400","7,505,800","10,378,600","13,337,800","8,316,500","8,691,600","8,613,100","8,439,400","7,989,500","5,203,900","4,629,600","4,796,100","3,044,900","889,000","2,421,900","2,929,000","2,349,400","3,177,500","3,815,900","5,625,000","3,350,900","2,140,900","1,947,800","3,241,400","1,600,000","2,000,000","1,600,000","2,600,000","1,600,000","600,000","1,700,000","2,800,000","2,200,000","1,500,000","1,400,000","2,500,000","1,100,000","400,000","700,000","1,300,000","500,000","100,000","200,000","700,000","600,000","-100,000","-100,000","600,000","600,000","300,000","200,000","500,000","800,000","200,000","200,000","400,000",,,,,,,,,,,,,,,,,,,,,,,,,,
	NetIncome,"499,387,000","-31,960,000","473,063,000","145,321,000","-87,037,000","-9,036,000","-6,690,000","-30,783,000","-221,832,000","-465,015,000","-20,952,000","15,908,000","68,548,000","-120,176,000","178,853,000","-3,434,000","-160,257,000","-13,139,000","77,637,000","-292,537,000","41,250,000","46,146,000","-55,639,000","-23,309,000","-95,450,000","-71,530,000","3,022,000","-41,494,000","-46,870,000","17,062,000","131,752,000","53,997,000","-28,187,000","-2,127,000","13,199,000","-16,000,000","19,918,000","-39,418,000","-126,175,000","-32,643,000","12,271,000","15,835,000","-8,364,000","32,560,000","9,165,000","-19,924,000","-18,140,000","3,359,000","-2,729,000","23,724,000","-16,019,000","-24,476,000","-33,079,000","-5,703,000","41,053,000","126,896,000","-40,712,000","-13,928,000","8,198,000","4,459,000","18,051,000","2,501,000","7,511,000","210,914,000","7,550,000","11,797,600","12,927,400","7,505,800","10,378,600","13,337,800","8,316,500","8,691,600","8,613,100","8,439,400","7,989,500","5,203,900","4,629,600","4,796,100","3,044,900","889,000","2,421,900","2,929,000","2,349,400","3,177,500","3,815,900","5,625,000","3,350,900","2,140,900","1,947,800","3,241,400","1,600,000","2,000,000","1,600,000","2,600,000","1,600,000","600,000","1,700,000","2,800,000","2,200,000","1,500,000","1,400,000","2,500,000","1,100,000","400,000","700,000","1,300,000","500,000","100,000","200,000","700,000","600,000","-100,000","-100,000","600,000","600,000","300,000","200,000","500,000","800,000","200,000","200,000","400,000",,,,,,,,,,,,,,,,,,,,,,,,,,
		NetIncomeIncludingNoncontrollingInterests,"499,387,000","-31,960,000","473,063,000","145,321,000","-87,037,000","-9,036,000","-6,690,000","-30,783,000","-221,832,000","-465,015,000","-20,952,000","15,908,000","68,548,000","-120,176,000","178,853,000","-3,434,000","-160,257,000","-13,139,000","77,637,000","-292,537,000","41,250,000","46,146,000","-55,639,000","-23,309,000","-95,450,000","-71,530,000","3,022,000","-41,494,000","-46,870,000","17,062,000","131,752,000","53,997,000","-28,187,000","-2,127,000","13,199,000","-16,000,000","19,918,000","-39,418,000","-126,175,000","-32,643,000","12,271,000","15,835,000","-8,364,000","32,560,000","9,165,000","-19,924,000","-18,354,000","3,354,000","-2,735,000","23,669,000","-17,835,000","-24,476,000","-33,079,000","-5,703,000","41,053,000","126,896,000","-40,712,000","-13,928,000","8,198,000","4,459,000","18,051,000","2,501,000","7,511,000","210,914,000","7,550,000","11,797,600","12,927,400","7,505,800","10,378,600","13,337,800","8,316,500","8,691,600","8,613,100","8,439,400","7,989,500","5,203,900","4,629,600","4,796,100","3,044,900","889,000","2,421,900","2,929,000","2,349,400","3,177,500","3,815,900","5,625,000","3,350,900","2,140,900","1,947,800","3,241,400","1,600,000","2,000,000","1,600,000","2,600,000","1,600,000","600,000","1,700,000","2,800,000","2,200,000","1,500,000","1,400,000","2,500,000","1,100,000","400,000","700,000","1,300,000","500,000","100,000","200,000","700,000","600,000","-100,000","-100,000","600,000","600,000","300,000","200,000","500,000","800,000","200,000","200,000","400,000","300,000","100,000","100,000","400,000","300,000","-100,000","-100,000","200,000","-200,000","-200,000","-200,000","-200,000","-200,000","-300,000","-400,000","-100,000","500,000",,"-300,000",,"100,000","100,000",,,"100,000","100,000"
			NetIncomeContinuousOperations,"499,387,000","-31,960,000","473,063,000","145,321,000","-87,037,000","-9,036,000","-6,690,000","-30,783,000","-221,832,000","-465,015,000","-20,952,000","15,908,000","68,548,000","-120,176,000","178,853,000","-3,434,000","-160,257,000","-13,139,000","77,637,000","-292,537,000","41,250,000","46,146,000","-55,639,000","-23,309,000","-95,450,000","-71,530,000","3,022,000","-41,494,000","-46,870,000","17,062,000","83,970,000","54,077,000","-28,187,000","-2,127,000","13,199,000","-15,218,000","16,502,000","-40,955,000","-126,175,000","-32,643,000","12,652,000","1,380,000","-16,103,000","32,560,000","9,165,000","-22,544,000","-19,096,000","3,166,000","-330,000","23,669,000","-17,835,000","-24,476,000","-33,079,000","-5,703,000","41,053,000","126,896,000","-40,712,000","-13,928,000","8,198,000","4,459,000","18,051,000","2,501,000","7,511,000","210,914,000","7,550,000","11,797,600","12,927,400","7,505,800","10,378,600","13,337,800","8,316,500","8,691,600","8,613,100","8,439,400","7,989,500","5,203,900","4,629,600","4,994,700","3,044,900","889,000","2,421,900","2,929,000","2,349,400","3,177,500","3,815,900","5,625,000","3,350,900","2,140,900","1,947,800","3,241,400","1,600,000","2,000,000","1,600,000","2,600,000","1,600,000","600,000","1,700,000","2,800,000","2,200,000","1,500,000","1,400,000","2,500,000","1,100,000","400,000","700,000","1,300,000","500,000","100,000","200,000","700,000","600,000","-100,000","-100,000","600,000","300,000","300,000","200,000","500,000","800,000","200,000","200,000","400,000","300,000","100,000","100,000","400,000","300,000","-100,000","-100,000","200,000","-200,000","-200,000","-200,000","-200,000","-200,000","-300,000","-400,000","-100,000","500,000",,"-300,000",,"100,000","100,000",,,"100,000","100,000"
			NetIncomeDiscontinuousOperations,,,,,,,,,,,,,,,,,,,,,,,,,,,"0","0","0","0","47,782,000","-80,000","0","0","0","-782,000","3,416,000","1,537,000","0","0","-381,000","14,455,000","7,739,000","0","0","2,620,000","742,000","188,000","-2,405,000","0","0","0","0",,,,,,,,,,,,,,,,,,,,,,,,,,,,,,,,,,,,,,,,,,,,,,,,,,,,,,,,,,,,,,,,,,,,,,,,,,,,,,,,,,,,,,,,,,,,,,,
			NetIncomeExtraordinary,,,,,,,,,,,,,,,,,,,,,,,,,,,,,,,,,,,,,,,,,,,,,,,,,,,,,,,,,,,,,,,,,,,,,,,,,,,"0",,,"-198,600",,,,,,,,,,,,,,,,,,,,,,,,,,,,,,,,,,,,,,,,,,,,,,,,,,,,,,,,,,,,,,,,,,,,,,
		MinorityInterests,,,,,,,,,,,,,,,,,,,,,,,,,,,,,,,,,,,,,,,,,,,"0","0","0","0","214,000","5,000","6,000","55,000",,,,,,,,,,,,,,,,,,,,,,,,,,,,,,,,,,,,,,,,,,,,,,,,,,,,,,,,,,,,,,,,,,,,,,,,,,,,,,,,,,,,,,,,,,,,,,,,,,
DilutedNIAvailtoComStockholders,"499,387,000","-31,960,000","473,063,000","145,321,000","-87,037,000","-9,036,000","-6,690,000","-30,783,000","-221,832,000","-465,015,000","-20,952,000","15,908,000","68,548,000","-120,176,000","178,853,000","-3,434,000","-160,257,000","-13,139,000","77,637,000","-292,537,000","41,250,000","46,146,000","-55,639,000","-23,309,000","-95,450,000","-71,530,000","3,022,000","-41,494,000","-46,870,000","17,062,000","131,752,000","53,997,000","-28,187,000","-2,127,000","13,199,000","-16,000,000","19,918,000","-39,418,000","-126,175,000","-32,643,000","12,271,000","15,835,000","-8,364,000","32,560,000","9,165,000","-19,924,000","-18,140,000","3,359,000","-2,729,000","23,724,000","-16,019,000","-24,476,000","-33,079,000","-5,703,000","41,053,000","126,896,000","-40,712,000","-13,928,000","8,198,000","4,459,000","18,051,000","2,501,000","7,511,000","210,914,000","7,550,000","11,797,600","12,927,400","7,505,800","10,378,600","13,337,800","8,316,500","8,691,600","8,613,100","8,439,400","7,989,500","5,203,900","4,629,600","4,796,100","3,044,900","889,000","2,421,900","2,929,000","2,349,400","3,177,500","3,815,900","5,625,000","3,350,900","2,140,900","1,947,800","3,241,400","1,600,000","2,000,000","1,600,000","2,600,000","1,600,000","600,000","1,700,000","2,800,000","2,200,000","1,500,000","1,400,000","2,500,000","1,100,000","400,000","700,000","1,300,000","500,000","100,000","200,000","700,000","600,000","-100,000","-100,000","600,000","600,000","300,000","200,000","500,000","800,000","200,000","200,000","400,000",,,,,,,,,,,,,,,,,,,,,,,,,,
BasicEPS,,"-0.33","4.87","1.48","-0.88","-0.09","-0.07","-0.31","-2.23","-4.94","-0.34","0.25","1.04","-1.82","2.71","-0.05","-2.43","-0.2","1.18","-4.44","0.63","0.7","-0.94","-0.48","-2.04","-1.72","0.08","-1.04","-1.17","0.47",,"1.51","-0.79","-0.06","0.37","-0.48","0.66","-1.3","-4.17","-1.08","0.46","0.67",,"1.38","0.39","-0.85",,"0.17","-0.15","1.232",,"-1.44","-2.23","-0.39",,"8.59","-2.76","-0.95",,"0.3","1.22","0.17",,"13.44","0.47","0.73",,"0.46","0.63","0.8",,"0.53","0.53","0.53",,"0.33","0.29","0.31",,"0.06","0.15","0.18",,"0.2","0.23","0.35",,"0.13","0.12","0.2",,"0.12","0.1","0.17",,"0.04","0.11","0.18",,"0.14","0.13","0.24",,"0.04","0.06","0.12",,"0.01","0.02","0.06",,"0.01","-0.01","0.05",,"0.02","0.01","0.04",,"0.02","0.02","0.04",,"0.01","0","0.04",,"-0.01","-0.01","0.02",,"-0.02","-0.02","-0.02",,"-0.03","-0.06","-0.02",,"0","-0.03","0",,"0.01","0.01","0",,"0.02"
DilutedEPS,,"-0.33","4.78","1.45","-0.88","-0.09","-0.07","-0.31","-2.23","-4.94","-0.34","0.25","1.04","-1.82","2.71","-0.05","-2.43","-0.2","1.17","-4.44","0.62","0.7","-0.94","-0.48","-2.04","-1.72","0.07","-1.04","-1.17","0.46",,"1.47","-0.79","-0.06","0.36","-0.48","0.64","-1.3","-4.17","-1.08","0.46","0.66",,"1.37","0.39","-0.85",,"0.17","-0.15","1.23",,"-1.44","-2.23","-0.39",,"8.55","-2.76","-0.95",,"0.3","1.21","0.17",,"13.38","0.47","0.73",,"0.46","0.63","0.8",,"0.52","0.52","0.52",,"0.31","0.29","0.3",,"0.05","0.15","0.18",,"0.19","0.23","0.34",,"0.13","0.12","0.2",,"0.12","0.1","0.16",,"0.03","0.11","0.17",,"0.12","0.12","0.21",,"0.04","0.06","0.11",,"0.01","0.02","0.06",,"0.01","-0.01","0.05",,"0.02","0.01","0.04",,"0.02","0.02","0.03",,"0.01","0","0.03",,"-0.01","-0.01","0.02",,"-0.02","-0.02","-0.02",,"-0.03","-0.06","-0.02",,"0","-0.03","0",,"0.01","0.01","0",,"0.02"
BasicAverageShares,,"96,279,000","97,140,000","98,183,000","99,187,000","99,702,000","99,708,000","99,617,000","99,566,000","94,077,000","61,656,000","62,547,000","65,815,000","66,182,000","66,104,000","66,073,000","66,066,000","65,957,000","65,875,000","65,865,000","65,859,000","65,749,000","58,914,000","48,839,000","46,742,000","41,608,000","40,094,000","40,085,000","40,035,000","36,349,000",,"35,834,000","35,762,000","35,690,000","35,620,000","33,413,000","30,332,000","30,270,000","30,233,000","30,214,000","26,597,000","23,609,000",,"23,569,000","23,491,000","23,428,000",,"19,250,000","19,213,000","19,253,526",,"16,962,000","14,811,000","14,793,000",,"14,767,000","14,742,000","14,738,000",,"14,757,000","14,740,000","14,726,000",,"15,693,006","16,063,830","16,161,096",,"16,316,957","16,473,968","16,672,250",,"16,399,245","16,251,132","15,923,396",,"15,769,394","15,964,138","15,471,290",,"14,816,667","16,146,000","16,272,222",,"15,887,500","16,590,870","16,071,429",,"16,468,462","16,231,667","16,207,000",,"16,666,667","16,000,000","15,294,118",,"15,000,000","15,454,545","15,555,556",,"10,714,286","10,769,231","10,416,667",,"10,000,000","11,666,667","10,833,333",,"10,000,000","10,000,000","11,666,667",,"12,500,000","10,000,000","12,000,000",,"12,500,000","12,500,000","12,500,000",,"10,000,000","10,000,000","10,000,000",,"9,305,000","9,305,000","9,195,000",,"7,525,000","7,525,000","7,525,000",,"7,525,000","7,525,000","7,525,000",,"7,525,000","7,525,000","7,525,000",,"7,525,000","7,525,000","7,525,000",,"7,525,000","7,525,000","7,525,000",,"7,525,000"
DilutedAverageShares,,"96,279,000","99,021,000","99,966,000","99,187,000","99,702,000","99,708,000","99,617,000","99,566,000","94,077,000","61,656,000","62,595,000","65,926,000","66,182,000","66,232,000","66,073,000","66,066,000","65,957,000","66,085,000","65,865,000","66,019,000","66,117,000","58,914,000","48,839,000","46,742,000","41,608,000","41,264,000","40,085,000","40,035,000","36,981,000",,"36,828,000","35,762,000","35,690,000","36,836,000","33,413,000","31,014,000","30,270,000","30,233,000","30,214,000","26,728,000","23,889,000",,"23,783,000","23,723,000","23,428,000",,"19,406,000","19,213,000","19,287,000",,"16,962,000","14,811,000","14,793,000",,"14,835,000","14,742,000","14,738,000",,"14,827,000","14,860,000","14,854,000",,"15,763,378","16,063,830","16,161,096",,"16,316,957","16,473,968","16,672,250",,"16,714,615","16,563,654","16,229,615",,"16,786,774","15,964,138","15,987,000",,"17,780,000","16,146,000","16,272,222",,"16,723,684","16,590,870","16,544,118",,"16,468,462","16,231,667","16,207,000",,"16,666,667","16,000,000","16,250,000",,"20,000,000","15,454,545","16,470,588",,"12,500,000","11,666,667","11,904,762",,"10,000,000","11,666,667","11,818,182",,"10,000,000","10,000,000","11,666,667",,"12,500,000","10,000,000","12,000,000",,"12,500,000","12,500,000","12,500,000",,"10,000,000","10,000,000","10,000,000",,"9,305,000","9,305,000","9,195,000",,"7,525,000","7,525,000","7,525,000",,"7,525,000","7,525,000","7,525,000",,"7,525,000","7,525,000","7,525,000",,"7,525,000","7,525,000","7,525,000",,"7,525,000","7,525,000","7,525,000",,"7,525,000"
TotalOperatingIncomeAsReported,"603,717,000","-17,815,000","523,035,000","165,629,000","-67,132,000","10,060,000","10,611,000","-9,585,000","-195,977,000","-448,587,000","-2,691,000","44,381,000","110,035,000","-140,620,000","256,185,000","10,124,000","-188,239,000","-324,000","-18,500,000","-396,091,000","84,636,000","91,703,000","-70,511,000","-15,288,000","-143,282,000","-103,033,000","16,280,000","-51,947,000","-66,554,000","38,397,000","148,747,000","101,255,000","-35,825,000","9,065,000","33,864,000","-12,994,000","39,379,000","-50,090,000","-164,107,000","-39,417,000","28,884,000","12,581,000","-16,751,000","62,276,000","21,646,000","-27,338,000","-21,057,000","10,299,000","7,116,000","45,715,000","-14,148,000","-30,064,000","-44,208,000","-1,355,000","74,185,000","202,795,000","-57,202,000","-17,469,000","35,207,000","9,867,000","29,796,000","3,625,000","20,239,000","337,404,000","10,801,000","14,338,300","17,745,600","21,983,300","20,618,600","21,215,000","14,466,000","13,873,900","13,707,400","13,430,100","13,210,000","8,182,000","7,169,700","7,690,900","1,730,600","1,521,200","3,382,700","4,465,900","3,514,500","4,647,100","5,665,000","8,249,600","6,102,500","2,752,300","2,517,400","4,087,500","1,800,000","2,900,000","1,800,000","2,900,000","3,600,000","400,000","1,800,000","2,800,000","3,200,000","1,800,000","1,900,000","3,400,000","2,200,000","500,000","900,000","1,700,000","500,000","200,000","300,000","1,000,000","700,000","-100,000",,"700,000","300,000","400,000","200,000","600,000","900,000","300,000","-400,000","700,000",,,,,,,,,,,,,,,,,,,,,,,,,,
RentExpenseSupplemental,"193,011,000","54,156,000","50,811,000","45,649,000","42,395,000","41,804,000","38,666,000","37,338,000","35,808,000","49,534,000","36,201,000","36,498,000","34,328,000","35,221,000","36,015,000","33,046,000","32,260,000","29,636,000","24,471,000","25,353,000","20,028,000","19,789,000","16,944,000","14,001,000","13,675,000","15,330,000","14,244,000",,,,,,,,,,,,,,,,,,,,,,,,,,,,,,,,,,,,,,,,,,,,,,,,,,,,,,,,,,,,,,,,,,,,,,,,,,,,,,,,,,,,,,,,,,,,,,,,,,,,,,,,,,,,,,,,,,,,,,,,,
TotalExpenses,"1,272,073,000","331,320,000","331,142,000","319,669,000","289,942,000","276,777,000","263,034,000","253,576,000","247,251,000","320,561,000","263,431,000","271,364,000","278,359,000","260,585,000","268,172,000","261,604,000","236,135,000","220,921,000","198,995,000","245,900,000","155,974,000","173,132,000","174,646,000","178,454,000","158,771,000","190,710,000","148,765,000","129,098,000","114,398,000","103,144,000","97,834,000","120,897,000","144,178,000","118,857,000","101,725,000","84,678,000","79,468,000","74,423,000","102,833,000","80,516,000","79,037,000","87,266,000","72,261,000","82,706,000","91,784,000","84,413,000","77,683,000","77,310,000","69,298,000","78,613,000","91,775,000","75,264,000","77,797,000","90,320,000","121,221,000","124,009,000","86,253,000","117,878,000","59,896,000","66,408,000","46,149,000","59,932,000","46,338,000","-270,214,000","52,190,000","64,770,300","62,656,500","63,803,700","68,715,000","62,226,600","58,124,100","59,283,500","60,216,400","57,618,400","46,246,200","39,025,900","35,022,800","46,303,500","33,054,300","26,627,400","29,618,200","31,620,000","33,601,600","28,689,500","41,464,000","51,291,800","39,533,400","29,685,200","26,258,100","30,280,100","22,400,000","20,900,000","19,100,000","24,300,000","19,900,000","15,800,000","16,900,000","21,700,000","19,100,000","12,000,000","12,800,000","20,000,000","14,700,000","10,700,000","9,400,000","9,700,000","4,200,000","3,400,000","4,100,000","8,500,000","5,700,000","3,800,000","4,800,000","8,100,000","5,700,000","3,900,000","4,200,000","5,100,000","7,400,000","3,700,000","3,600,000","5,800,000",,,,,,,,,,,,,,,,,,,,,,,,,,
NetIncomeFromContinuingAndDiscontinuedOperation,"499,387,000","-31,960,000","473,063,000","145,321,000","-87,037,000","-9,036,000","-6,690,000","-30,783,000","-221,832,000","-465,015,000","-20,952,000","15,908,000","68,548,000","-120,176,000","178,853,000","-3,434,000","-160,257,000","-13,139,000","77,637,000","-292,537,000","41,250,000","46,146,000","-55,639,000","-23,309,000","-95,450,000","-71,530,000","3,022,000","-41,494,000","-46,870,000","17,062,000","131,752,000","53,997,000","-28,187,000","-2,127,000","13,199,000","-16,000,000","19,918,000","-39,418,000","-126,175,000","-32,643,000","12,271,000","15,835,000","-8,364,000","32,560,000","9,165,000","-19,924,000","-18,140,000","3,359,000","-2,729,000","23,724,000","-16,019,000","-24,476,000","-33,079,000","-5,703,000","41,053,000","126,896,000","-40,712,000","-13,928,000","8,198,000","4,459,000","18,051,000","2,501,000","7,511,000","210,914,000","7,550,000","11,797,600","12,927,400","7,505,800","10,378,600","13,337,800","8,316,500","8,691,600","8,613,100","8,439,400","7,989,500","5,203,900","4,629,600","4,994,700","3,044,900","889,000","2,421,900","2,929,000","2,349,400","3,177,500","3,815,900","5,625,000","3,350,900","2,140,900","1,947,800","3,241,400","1,600,000","2,000,000","1,600,000","2,600,000","1,600,000","600,000","1,700,000","2,800,000","2,200,000","1,500,000","1,400,000","2,500,000","1,100,000","400,000","700,000","1,300,000","500,000","100,000","200,000","700,000","600,000","-100,000","-100,000","600,000","300,000","300,000","200,000","500,000","800,000","200,000","200,000","400,000",,,,,,,,,,,,,,,,,,,,,,,,,,
NormalizedIncome,"1,530,708,812.878","514,726,953","467,372,448.034","362,638,465","220,532,628","171,110,596","32,840,447.909","19,581,890","-133,761,880","-25,957,152","34,992,280","9,411,200","29,237,952","30,577,540","72,427,409.912","68,106,000","54,499,620","47,601,120","148,747,200","-24,653,215","21,876,954","-3,967,427","-14,385,501.633","-35,639,780","-35,069,549","-77,927,709","-32,538,800","-21,692,256","-15,441,337","-22,356,186","172,093.348","726,284","6,903,900","15,332,695","16,793,364.992","1,220,800","1,912,932","3,405,520","-19,276,916.67","-12,053,878.107","-14,629,315.915","1,701,935.484","-16,103,000","32,560,000","9,165,000","-22,544,000","-18,882,000","3,171,000","-324,000","27,730,003.217","-8,902,748.458","-24,476,000","-33,079,000","-5,781,000","41,053,000","126,896,000","-40,712,000","12,700,724.808","3,583,400","4,459,000","2,005,666.667","6,087,016.002","7,110,200","6,647,575.018","6,451,852.785","8,735,560.156","10,381,623.743","13,622,446.375","10,651,329.695","9,423,103.945","7,949,540","8,315,765.652","8,173,237.99","8,402,216.106","6,527,370.097","4,876,738.371","4,438,584.362","4,736,948.368","1,953,321.234","531,465.668","2,097,575.518","2,641,546.917","2,349,400","2,808,211.451","3,454,350.947","5,305,449.432","3,350,900","1,838,256.36","1,726,278.847","3,136,066.242","1,600,000","2,000,000","1,447,619.048","2,217,647.059","1,600,000","300,000","1,313,636.364","2,255,555.556","2,200,000","1,342,105.263","1,400,000","2,500,000","1,100,000","333,333.333","700,000","1,300,000","500,000","100,000","200,000","700,000","600,000","-100,000","-100,000","600,000","300,000","300,000","200,000","500,000","666,666.667","133,333.333","-266,666.667","400,000",,,,,,,,,,,,,,,,,,,,,,,,,,
InterestIncome,"72,000",,,,,,,,,,"9,000","48,000","5,000","10,000","8,000","188,000","69,000","148,000","774,000","479,000","768,000","240,000","-912,000","140,000","177,000","1,558,000","1,181,000","1,378,000","1,135,000","1,113,000","981,000","39,000","152,000","251,000","337,000","130,000","3,000","0","3,000","3,000","0","2,000","0","36,000","2,000","9,000","11,000","21,000","34,000","5,000","14,000","208,000","12,000","20,000","94,000","151,000","75,000","271,000","603,000","462,000","454,000",,"3,891,000","3,427,000",,,,,,,,,,,,,,,,,,,,,,,,,,,,,,,,,,,,,,,,,,,,,,,,,,,,,,,,,,,,,,,,,,,,,,,,,,,,,,,,,,,,
InterestExpense,"76,602,000","12,945,000","23,499,000","20,098,000","20,060,000","19,041,000","21,707,000","21,022,000","21,782,000","24,173,000","17,429,000","17,859,000","18,905,000","16,978,000","18,169,000","17,622,000","17,410,000","17,529,000","20,335,000","19,275,000","19,617,000","19,467,000","19,213,000","20,193,000","10,672,000","11,894,000","12,187,000","12,092,000","11,567,000","11,725,000","11,643,000","11,821,000","13,060,000","12,830,000","12,943,000","12,509,000","13,089,000","13,357,000","16,430,000","11,360,000","10,053,000","10,444,000","9,360,000","9,496,000","9,067,000","9,062,000","9,604,000","8,174,000","7,672,000","7,800,000","10,184,000","9,221,000","9,420,000","8,383,000","8,989,000","7,817,000","6,394,000","4,932,000","4,454,000","2,544,000","1,450,000",,"2,211,000","34,000","267,000","179,900","249,300",,"143,000","43,900","123,200",,"255,000","243,500","418,100","415,000",,,"344,800","399,800","355,900","239,300","316,400","249,400","213,700","213,900","458,500","437,500",,"14,600",,"100,000",,,,,,,,,"100,000","100,000","200,000","100,000","100,000","100,000","100,000","100,000","100,000","100,000","100,000","100,000","100,000","100,000",,,,,,,,,,,,,,,,,,,,,,,,,,,,,,,,,,
NetInterestIncome,"-76,602,000","-12,945,000","-23,499,000","-20,098,000","-20,060,000","-19,041,000","-21,707,000","-21,022,000","-21,782,000","-24,173,000","-17,420,000","-17,811,000","-18,900,000","-16,968,000","-18,161,000","-17,434,000","-17,341,000","-17,381,000","-19,561,000","-18,796,000","-18,849,000","-19,227,000","-20,125,000","-20,053,000","-10,495,000","-10,336,000","-11,006,000","-10,714,000","-10,432,000","-10,612,000","-10,662,000","-11,782,000","-12,908,000","-12,579,000","-12,606,000","-12,379,000","-13,086,000","-13,357,000","-16,427,000","-11,357,000","-10,053,000","-10,442,000","-9,360,000","-9,460,000","-9,065,000","-9,053,000","-9,593,000","-8,153,000","-7,638,000","-7,795,000","-10,170,000","-9,013,000","-9,408,000","-8,363,000","-8,895,000","-7,666,000","-6,319,000","-4,661,000","-3,851,000","-2,082,000","-996,000",,"1,680,000","3,393,000","-267,000","-179,900","-249,300",,"-143,000","-43,900","-123,200",,"-255,000","-243,500","-418,100","-415,000",,,"-344,800","-399,800","-355,900","-239,300","-316,400","-249,400","-213,700","-213,900","-458,500","-437,500",,"-14,600",,"-100,000",,,,,,,,,"-100,000","-100,000","-200,000","-100,000","-100,000","-100,000","-100,000","-100,000","-100,000","-100,000","-100,000","-100,000","-100,000","-100,000",,,,,,,,,,,,,,,,,,,,,,,,,,,,,,,,,,
EBIT,"603,717,000","-17,815,000","523,035,000","165,629,000","-67,132,000","10,060,000","10,611,000","-9,585,000","-195,977,000","-448,587,000","-2,682,000","44,429,000","110,040,000","-140,610,000","256,193,000","10,312,000","-188,170,000","-176,000","-42,473,000","-395,612,000","85,404,000","91,943,000","-71,423,000","-15,148,000","-143,105,000","-101,475,000","17,461,000","-50,569,000","-65,419,000","39,510,000","149,728,000","101,294,000","-35,673,000","9,316,000","34,201,000","-12,864,000","39,382,000","-50,090,000","-187,387,000","-39,414,000","28,884,000","12,583,000","-16,751,000","62,312,000","21,648,000","-27,329,000","-21,046,000","10,320,000","7,150,000","45,720,000","-14,134,000","-29,856,000","-44,196,000","-1,335,000","74,776,000","202,795,000","-57,202,000","-17,469,000","35,207,000","9,867,000","29,796,000","3,625,000","20,239,000","337,404,000","10,801,000","14,338,300","17,745,600","21,983,300","20,618,600","21,215,000","14,466,000","13,873,900","13,707,400","13,430,100","13,210,000","8,182,000","7,169,700","7,690,900","1,730,600","1,521,200","3,382,700","4,465,900","3,514,500","4,647,100","5,665,000","8,249,600","6,102,500","2,752,300","2,517,400","4,087,500","1,800,000","2,900,000","1,800,000","2,900,000","3,600,000","400,000","1,800,000","2,800,000","3,200,000","1,800,000","1,900,000","3,400,000","2,200,000","500,000","900,000","1,700,000","500,000","200,000","300,000","1,000,000","700,000","-100,000","0","700,000","300,000","400,000","200,000","600,000","900,000","300,000","-400,000","700,000","-9,700,000","2,700,000","3,500,000","5,800,000","-12,200,000","4,200,000","2,600,000","4,700,000","-7,600,000","2,500,000","2,500,000","2,500,000","-7,500,000","2,200,000","1,600,000","3,100,000","-6,500,000","2,800,000","1,900,000","3,200,000","-7,700,000","3,000,000","3,000,000","2,900,000","-8,900,000","3,600,000"
EBITDA,"1,243,193,000"
ReconciledCostOfRevenue,"944,751,000","241,942,000","246,612,000","241,030,000","215,167,000","197,987,000","191,009,000","183,524,000","174,286,000","208,123,000","186,995,000","195,877,000","203,373,000","185,014,000","185,333,000","180,758,000","167,192,000","154,270,000","137,313,000","150,548,000","147,543,000","127,617,000","118,532,000","130,635,000","119,647,000","108,078,000","56,692,000","109,212,000","94,418,000","83,247,000","78,746,000","85,741,000","102,925,000","94,713,000","84,096,000","67,054,000","62,041,000","57,543,000","179,884,000","32,354,000","27,641,000","32,744,000","22,033,000","34,739,000","37,881,000","38,183,000","35,271,000","33,930,000","31,505,000","38,930,000","25,629,000","29,732,000","28,651,000","43,268,000","77,972,000","87,846,000","54,585,000","44,358,000","56,029,000","38,261,000","47,434,000","33,789,000","40,133,000","44,607,000","39,448,200","53,965,900","64,445,200","56,868,600","62,431,700","55,666,900","52,070,600","53,937,400","54,651,300","52,115,600","41,487,600","33,404,000","30,691,300","41,878,800","28,713,900","22,432,600","25,534,600","27,738,100","28,174,400","25,329,900","38,474,200","48,338,900","36,726,200","26,795,200","23,559,700","28,109,800","20,400,000","19,000,000","17,500,000","22,900,000","18,200,000","14,400,000","15,500,000","20,500,000","17,600,000","10,800,000","11,600,000","18,900,000","13,700,000","9,400,000","8,300,000","8,500,000","6,500,000","1,400,000","2,000,000","7,400,000","7,800,000","1,800,000","3,800,000","7,100,000","4,700,000","3,100,000","3,300,000","4,200,000","6,500,000","2,800,000","2,700,000","5,000,000",,,,,,,,,,,,,,,,,,,,,,,,,,
ReconciledDepreciation,"639,476,000","151,055,000","156,567,000","169,644,000","162,210,000","146,763,000","149,587,000","144,504,000","149,491,000","176,157,000","152,368,000","171,839,000","168,523,000","151,422,000","149,841,000","147,540,000","135,624,000","126,788,000","108,517,000","125,238,000","126,013,000","109,316,000","99,545,000","112,927,000","107,014,000","97,388,000","96,385,000","80,947,000","70,106,000","55,820,000","50,363,000","50,911,000","53,743,000","46,639,000","40,641,000","30,870,000","27,800,000","30,207,000","40,134,000","32,483,000","34,448,000","39,814,000","35,807,000","34,316,000","32,674,000","32,357,000","24,765,000","29,274,000","28,034,000","28,989,000","25,779,000","35,905,000","34,362,000","34,958,000","32,694,000","28,057,000","22,437,000","21,387,000","20,101,000","20,634,000","17,429,000","13,074,000","11,596,000","8,756,000","8,074,800","6,824,200","6,527,300","5,289,600","5,017,300","4,942,200","4,369,300","4,419,800","4,664,200","4,508,600","3,525,800","4,244,600","3,144,900","3,247,000","3,021,500","3,124,900","3,056,200","2,906,200","4,384,500","2,216,400","1,991,400","1,991,500","1,940,100","1,851,700","1,666,100","1,491,100","1,100,000","1,000,000","1,000,000","900,000","1,000,000","700,000","800,000","800,000","900,000","600,000","600,000","600,000","500,000","600,000","500,000","700,000","500,000","600,000","500,000","600,000","400,000","400,000","500,000","500,000","500,000","400,000","400,000","400,000","500,000","400,000","400,000","400,000",,,,,,,,,,,,,,,,,,,,,,,,,,
NetIncomeFromContinuingOperationNetMinorityInterest,"499,387,000","-31,960,000","473,063,000","145,321,000","-87,037,000","-9,036,000","-6,690,000","-30,783,000","-221,832,000","-465,015,000","-20,952,000","15,908,000","68,548,000","-120,176,000","178,853,000","-3,434,000","-160,257,000","-13,139,000","77,637,000","-292,537,000","41,250,000","46,146,000","-55,639,000","-23,309,000","-95,450,000","-71,530,000","3,022,000","-41,494,000","-46,870,000","17,062,000","83,970,000","54,077,000","-28,187,000","-2,127,000","13,199,000","-15,218,000","16,502,000","-40,955,000","-126,175,000","-32,643,000","12,652,000","1,380,000","-16,103,000","32,560,000","9,165,000","-22,544,000","-18,882,000","3,171,000","-324,000","23,724,000","-16,019,000","-24,476,000","-33,079,000","-5,703,000","41,053,000","126,896,000","-40,712,000","-13,928,000","8,198,000","4,459,000","18,051,000","2,501,000","7,511,000","210,914,000","7,550,000","11,797,600","12,927,400","7,505,800","10,378,600","13,337,800","8,316,500","8,691,600","8,613,100","8,439,400","7,989,500","5,203,900","4,629,600","4,994,700","3,044,900","889,000","2,421,900","2,929,000","2,349,400","3,177,500","3,815,900","5,625,000","3,350,900","2,140,900","1,947,800","3,241,400","1,600,000","2,000,000","1,600,000","2,600,000","1,600,000","600,000","1,700,000","2,800,000","2,200,000","1,500,000","1,400,000","2,500,000","1,100,000","400,000","700,000","1,300,000","500,000","100,000","200,000","700,000","600,000","-100,000","-100,000","600,000","300,000","300,000","200,000","500,000","800,000","200,000","200,000","400,000",,,,,,,,,,,,,,,,,,,,,,,,,,
TotalUnusualItemsExcludingGoodwill,"-1,088,585,000","-568,873,000","6,009,000","-217,535,000","-308,186,000","-181,234,000","-65,565,000","-68,993,000","-120,644,000","-446,197,000","-76,636,000","10,828,000","52,274,000","-197,580,000","141,635,000","-98,000,000","-275,329,000","-81,860,000","-118,517,000","-379,977,000","30,898,000","78,671,000","-67,202,000","18,683,000","-97,231,000","10,139,000","59,268,000","-29,912,000","-51,607,000","64,199,000","137,802,000","88,329,000","-53,986,000","-28,859,000","-5,789,000","-27,398,000","23,231,000","-68,776,000","-172,678,000","-32,025,000","40,605,000","-499,000",,,,,,,,"-6,418,000","-9,703,000","0","0","120,000",,,,"-42,310,000","7,691,000",,"25,600,000","-5,645,000","668,000","332,876,000","1,731,000","4,825,900","4,106,200","-9,712,900","-432,800","6,213,800","611,600","589,000","687,000","58,100","2,341,000","488,300","285,100","384,700","1,519,800","451,000","468,000","414,800",,"511,100","516,500","456,500",,"381,100","287,700","136,800",,,"200,000","500,000",,"400,000","500,000","700,000",,"200,000",,,,"100,000",,,,,,,,,,,,,,,"200,000","100,000","700,000",,,,,,,,,,,,,,,,,,,,,,,,,,,
TotalUnusualItems,"-1,088,585,000","-568,873,000","6,009,000","-217,535,000","-308,186,000","-181,234,000","-65,565,000","-68,993,000","-120,644,000","-446,197,000","-76,636,000","10,828,000","52,274,000","-197,580,000","141,635,000","-98,000,000","-275,329,000","-81,860,000","-118,517,000","-379,977,000","30,898,000","78,671,000","-67,202,000","18,683,000","-97,231,000","10,139,000","59,268,000","-29,912,000","-51,607,000","64,199,000","137,802,000","88,329,000","-53,986,000","-28,859,000","-5,789,000","-27,398,000","23,231,000","-68,776,000","-172,678,000","-32,025,000","40,605,000","-499,000",,,,,,,,"-6,418,000","-9,703,000","0","0","120,000",,,,"-42,310,000","7,691,000",,"25,600,000","-5,645,000","668,000","332,876,000","1,731,000","4,825,900","4,106,200","-9,712,900","-432,800","6,213,800","611,600","589,000","687,000","58,100","2,341,000","488,300","285,100","384,700","1,519,800","451,000","468,000","414,800",,"511,100","516,500","456,500",,"381,100","287,700","136,800",,,"200,000","500,000",,"400,000","500,000","700,000",,"200,000",,,,"100,000",,,,,,,,,,,,,,,"200,000","100,000","700,000",,,,,,,,,,,,,,,,,,,,,,,,,,,
NormalizedEBITDA,"2,331,778,000","702,113,000","673,593,000","552,808,000","403,264,000","338,057,000","225,763,000","203,912,000","74,158,000","173,767,000","226,322,000","205,440,000","226,289,000","208,392,000","264,399,000","255,852,000","222,783,000","208,472,000","184,561,000","109,603,000","180,519,000","122,588,000","95,324,000","79,096,000","61,140,000","-14,226,000","54,578,000","60,290,000","56,294,000","31,131,000","62,289,000","63,876,000","72,056,000","84,814,000","80,631,000","45,404,000","43,951,000","48,893,000","25,425,000","25,094,000","22,727,000","52,896,000","19,056,000","96,628,000","54,322,000","5,028,000","5,205,000","39,594,000","35,184,000","81,127,000","26,108,000","6,049,000","-9,834,000","33,503,000","107,470,000","231,440,000","-34,765,000","46,228,000","47,617,000","30,501,000","21,625,000","22,344,000","31,167,000","13,284,000","17,144,800","16,336,600","20,166,700","36,985,800","26,068,700","19,943,400","18,223,700","17,704,700","17,684,600","17,880,600","14,394,800","11,938,300","10,029,500","10,553,200","3,232,300","4,195,100","5,970,900","6,957,300","7,899,000","6,352,400","7,139,900","9,784,600","8,042,600","4,222,900","3,895,800","5,441,800","2,900,000","3,900,000","2,600,000","3,300,000","4,600,000","700,000","2,100,000","2,900,000","4,100,000","2,200,000","2,500,000","4,000,000","2,700,000","1,000,000","1,400,000","2,400,000","1,000,000","800,000","800,000","1,600,000","1,100,000","400,000","500,000","1,200,000","800,000","800,000","700,000","1,000,000","1,200,000","600,000","-700,000","1,100,000","-9,700,000","2,700,000","3,500,000","5,800,000","-12,200,000","4,200,000","2,600,000","4,700,000","-7,600,000","2,500,000","2,500,000","2,500,000","-7,500,000","2,200,000","1,600,000","3,100,000","-6,500,000","2,800,000","1,900,000","3,200,000","-7,700,000","3,000,000","3,000,000","2,900,000","-8,900,000","3,600,000"
TaxRateForCalcs,"0.053","0.039","0.053","0.001","0.002","0.006","0.397","0.27","0.27","0.016","0.27","0.4","0.248","0.237","0.249","0.27","0.22","0.258","0.4","0.295","0.373","0.363","0.386","0.34","0.379","0.369","0.4","0.338","0.391","0.386","0.392","0.396","0.35","0.395","0.379","0.4","0.372","0.355","0.381","0.357","0.328","0.355","0.383","0.384","0.272","0.381","0.377","0.35","0.368","0.376","0.267","0.374","0.383","0.35","0.371","0.35","0.359","0.371","0.4","0.35","0.373","0.365","0.4","0.386","0.366","0.365","0.38","0.37","0.37","0.37","0.4","0.362","0.36","0.36","0.375","0.33","0.33","0.33","0.282","0.207","0.307","0.307","0.265","0.277","0.3","0.3","0.307","0.206","0.23","0.23","0.111","0.286","0.238","0.235","0.238","0.25","0.227","0.222","0.12","0.211","0.3","0.242","0.267","0.333","0.222","0.188","0.167","0.4","0.333","0.222","0.143","0.4","0.4","0.25","0.4","0.25","0.333","0.286","0.333","0.333","0.333","0.4",,,,,,,,,,,,,,,,,,,,,,,,,,
TaxEffectOfUnusualItems,"-57,263,187.122","-22,186,047","318,448.034","-217,535","-616,372","-1,087,404","-26,034,552.091","-18,628,110","-32,573,880","-7,139,152","-20,691,720","4,331,200","12,963,952","-46,826,460","35,209,409.912","-26,460,000","-60,572,380","-21,119,880","-47,406,800","-112,093,215","11,524,954","28,557,573","-25,948,501.633","6,352,220","-36,850,549","3,741,291","23,707,200","-10,110,256","-20,178,337","24,780,814","54,004,093.348","34,978,284","-18,895,100","-11,399,305","-2,194,635.008","-10,959,200","8,641,932","-24,415,480","-65,779,916.67","-11,435,878.107","13,323,684.085","-177,064.516","0","0","0","0","0","0","0","-2,411,996.783","-2,586,748.458","0","0","42,000","0","0","0","-15,681,275.192","3,076,400","0","9,554,666.667","-2,058,983.998","267,200","128,609,575.018","632,852.785","1,763,860.156","1,560,423.743","-3,596,253.625","-160,070.305","2,299,103.945","244,640","213,165.652","247,137.99","20,916.106","878,870.097","161,138.371","94,084.362","126,948.368","428,221.234","93,465.668","143,675.518","127,346.917","0","141,811.451","154,950.947","136,949.432","0","78,456.36","66,178.847","31,466.242","0","0","47,619.048","117,647.059","0","100,000","113,636.364","155,555.556","0","42,105.263","0","0","0","33,333.333","0","0","0","0","0","0","0","0","0","0","0","0","0","0","66,666.667","33,333.333","233,333.333","0",,,,,,,,,,,,,,,,,,,,,,,,,,