name,ttm,04/30/2022,01/31/2022,10/31/2021,07/31/2021,04/30/2021,01/31/2021,10/31/2020,07/31/2020,04/30/2020,01/31/2020,10/31/2019,07/31/2019,04/30/2019,01/31/2019,10/31/2018,07/31/2018,04/30/2018,01/31/2018,10/31/2017,07/31/2017,04/30/2017,01/31/2017,10/31/2016,07/31/2016,04/30/2016,01/31/2016,10/31/2015,07/31/2015,04/30/2015,01/31/2015,10/31/2014,07/31/2014,04/30/2014,01/31/2014,10/31/2013,07/31/2013,04/30/2013,01/31/2013,10/31/2012,07/31/2012,04/30/2012,01/31/2012,10/31/2011,07/31/2011,04/30/2011,01/31/2011,10/31/2010,07/31/2010,04/30/2010,01/31/2010,10/31/2009,07/31/2009,04/30/2009,01/31/2009,10/31/2008,07/31/2008,04/30/2008,01/31/2008,10/31/2007,07/31/2007,04/30/2007,01/31/2007,10/31/2006,07/31/2006,04/30/2006,01/31/2006,10/31/2005,07/31/2005,04/30/2005,01/31/2005,10/31/2004,07/31/2004,04/30/2004,01/31/2004,10/31/2003,07/31/2003,04/30/2003,01/31/2003,10/31/2002,07/31/2002,04/30/2002,01/31/2002,10/31/2001,07/31/2001,04/30/2001,01/31/2001,10/31/2000,07/31/2000,04/30/2000,01/31/2000,10/31/1999,07/31/1999,04/30/1999,01/31/1999,10/31/1998,07/31/1998,04/30/1998,01/31/1998,10/31/1997,07/31/1997,04/30/1997,01/31/1997,10/31/1996,07/31/1996,04/30/1996,01/31/1996,10/31/1995,07/31/1995,04/30/1995,01/31/1995,10/31/1994,07/31/1994,04/30/1994,01/31/1994,10/31/1993,07/31/1993,04/30/1993,01/31/1993,10/31/1992,07/31/1992,04/30/1992,01/31/1992,10/31/1991,07/31/1991,04/30/1991,01/31/1991,10/31/1990,07/31/1990
TotalRevenue,"6,499,405,000","1,638,772,000","1,596,596,000","1,649,161,000","1,614,876,000","1,561,793,000","1,551,268,000","1,553,168,000","1,245,837,000","1,286,461,000","1,456,155,000","1,418,744,000","1,328,651,000","1,436,706,000","1,396,745,000","1,404,752,000","1,336,320,000","1,400,609,000","1,375,222,000","1,385,737,000","1,304,115,000","1,445,032,000","1,397,418,000","1,418,241,000","1,332,436,000","1,453,770,000","1,400,853,000","1,389,210,000","1,142,870,000","1,148,854,000","1,063,312,000","1,103,325,000","1,059,529,000","1,102,077,000","1,082,679,000","998,834,000","880,125,000","964,933,000","915,861,000","867,193,000","889,225,000","936,334,000","895,030,000","856,875,000","847,422,000","883,819,000","824,650,000","857,414,000","849,787,000","812,762,000","820,084,000","814,951,000","789,579,000","779,884,000","811,023,000","759,461,000","743,859,000","778,388,000","776,946,000","741,992,000","701,403,000","739,143,000","709,494,000","694,273,000","655,488,000","695,177,000","682,402,000","641,697,000","595,847,000","627,272,000","638,005,000","578,237,000","577,943,000","537,359,000","521,218,000","477,510,000","433,262,000","447,326,000","421,070,000","400,821,000","387,739,000","399,849,000","357,394,000","355,018,000","303,254,000","310,399,000","288,890,000","288,872,000","268,294,000","277,148,000","260,200,000","248,400,000","254,600,000","235,200,000","230,200,000","213,300,000","200,100,000","211,000,000","195,500,000","191,600,000","173,300,000","181,400,000","176,100,000","161,900,000","142,200,000","155,200,000","148,700,000","143,700,000","134,300,000","140,500,000","136,500,000","131,900,000","123,600,000","126,400,000","124,900,000","113,900,000","101,800,000","89,200,000","85,100,000","86,600,000","81,900,000","75,000,000","69,000,000","69,800,000","63,300,000","65,600,000","59,600,000","60,600,000","57,400,000"
	OperatingRevenue,"6,499,405,000","1,638,772,000","1,596,596,000","1,649,161,000","1,614,876,000","1,561,793,000","1,551,268,000","1,553,168,000","1,245,837,000","1,286,461,000","1,456,155,000","1,418,744,000","1,328,651,000","1,436,706,000","1,396,745,000","1,404,752,000","1,336,320,000","1,400,609,000","1,375,222,000","1,385,737,000","1,304,115,000","1,445,032,000","1,397,418,000","1,418,241,000","1,332,436,000","1,453,770,000","1,400,853,000","1,389,210,000","1,142,870,000","1,148,854,000","1,063,312,000","1,103,325,000","1,059,529,000","1,102,077,000","1,082,679,000","998,834,000","880,125,000","964,933,000","915,861,000","867,193,000","889,225,000","936,334,000","895,030,000","856,875,000","847,422,000","883,819,000","824,650,000","857,414,000","849,787,000","812,762,000","820,084,000","814,951,000","789,579,000","779,884,000","811,023,000","759,461,000","743,859,000","778,388,000","776,946,000","741,992,000","701,403,000","739,143,000","709,494,000","694,273,000","655,488,000","695,177,000","682,402,000","641,697,000","595,847,000","627,272,000","638,005,000","578,237,000","577,943,000","537,359,000","521,218,000","477,510,000","433,262,000","447,326,000","421,070,000","400,821,000","387,739,000","399,849,000","357,394,000","355,018,000","303,254,000","310,399,000","288,890,000","288,872,000","268,294,000","277,148,000","260,200,000","248,400,000","254,600,000","235,200,000","230,200,000","213,300,000","200,100,000","211,000,000","195,500,000","191,600,000","173,300,000","181,400,000","176,100,000","161,900,000","142,200,000","155,200,000","148,700,000","143,700,000","134,300,000","140,500,000","136,500,000","131,900,000","123,600,000","126,400,000","124,900,000","113,900,000","101,800,000","89,200,000","85,100,000","86,600,000","81,900,000","75,000,000","69,000,000","69,800,000","63,300,000","65,600,000","59,600,000","60,600,000","57,400,000"
CostOfRevenue,"5,210,318,000","1,290,533,000","1,259,985,000","1,322,726,000","1,337,074,000","1,257,388,000","1,226,727,000","1,232,800,000","992,021,000","992,429,000","1,144,325,000","1,117,250,000","1,038,597,000","1,124,179,000","1,097,236,000","1,109,676,000","1,052,657,000","1,110,770,000","1,080,486,000","1,069,994,000","1,005,067,000","1,109,534,000","1,067,657,000","1,099,281,000","1,015,258,000","1,090,029,000","1,060,989,000","1,058,311,000","854,626,000","815,254,000","760,753,000","797,503,000","763,304,000","786,209,000","771,218,000","709,403,000","598,607,000","640,756,000","615,568,000","586,594,000","603,525,000","622,613,000","605,496,000","575,892,000","569,146,000","579,870,000","543,775,000","578,213,000","569,587,000","524,651,000","544,015,000","548,414,000","530,895,000","510,774,000","541,914,000","505,886,000","492,129,000","505,234,000","507,808,000","489,693,000","464,269,000","478,580,000","459,228,000","458,644,000","433,074,000","448,175,000","441,433,000","422,483,000","388,603,000","400,685,000","410,677,000","373,610,000","373,974,000","336,791,000","330,345,000","311,189,000","288,680,000","291,454,000","273,305,000","263,047,000","254,564,000","259,547,000","231,786,000","233,815,000","196,187,000","213,122,000","177,721,000","180,156,000","168,531,000","171,912,000","161,500,000","155,100,000","158,800,000","145,200,000","142,100,000","132,400,000","124,400,000","128,700,000","120,200,000","118,900,000","108,300,000","113,000,000","110,800,000","103,400,000","91,600,000","98,100,000","96,300,000","92,300,000","86,300,000","87,500,000","87,600,000","85,000,000","79,500,000","78,500,000","81,200,000","73,700,000","65,900,000","57,200,000","55,400,000","56,500,000",,,,,,,,,
GrossProfit,"1,289,087,000","348,239,000","336,611,000","326,435,000","277,802,000","304,405,000","324,541,000","320,368,000","253,816,000","294,032,000","311,830,000","301,494,000","290,054,000","312,527,000","299,509,000","295,076,000","283,663,000","289,839,000","294,736,000","315,743,000","299,048,000","335,498,000","329,761,000","318,960,000","317,178,000","363,741,000","339,864,000","330,899,000","288,244,000","333,600,000","302,559,000","305,822,000","296,225,000","315,868,000","311,461,000","289,431,000","281,518,000","324,177,000","300,293,000","280,599,000","285,700,000","313,721,000","289,534,000","280,983,000","278,276,000","303,949,000","280,875,000","279,201,000","280,200,000","288,111,000","276,069,000","266,537,000","258,684,000","269,110,000","269,109,000","253,575,000","251,730,000","273,154,000","269,138,000","252,299,000","237,134,000","260,563,000","250,266,000","235,629,000","222,414,000","247,002,000","240,969,000","219,214,000","207,244,000","226,587,000","227,328,000","204,627,000","203,969,000","200,568,000","190,873,000","166,321,000","144,582,000","155,872,000","147,765,000","137,774,000","133,175,000","140,302,000","125,608,000","121,203,000","107,067,000","97,277,000","111,169,000","108,716,000","99,763,000","105,236,000","98,700,000","93,300,000","95,800,000","90,000,000","88,100,000","80,900,000","75,700,000","82,300,000","75,300,000","72,700,000","65,000,000","68,400,000","65,300,000","58,500,000","50,600,000","57,100,000","52,400,000","51,400,000","48,000,000","53,000,000","48,900,000","46,900,000","44,100,000","47,900,000","43,700,000","40,200,000","35,900,000","32,000,000","29,700,000","30,100,000",,,,,,,,,
OperatingExpense,"1,132,085,000","275,401,000","275,778,000","263,575,000","317,331,000","267,057,000","262,860,000","246,662,000","215,944,000","233,440,000","268,014,000","319,640,000","273,380,000","265,904,000","254,146,000","253,860,000","279,149,000","248,588,000","244,690,000","243,984,000","242,215,000","239,343,000","283,207,000","239,157,000","251,762,000","257,397,000","244,135,000","247,436,000","226,067,000","226,904,000","211,803,000","214,601,000","211,471,000","223,267,000","214,810,000","214,208,000","200,237,000","219,721,000","210,755,000","202,730,000","203,108,000","210,870,000","199,628,000","197,724,000","196,283,000","199,824,000","188,168,000","189,049,000","191,176,000","187,863,000","182,302,000","182,051,000","181,894,000","176,622,000","177,567,000","170,973,000","172,136,000","171,885,000","172,024,000","166,686,000","161,927,000","164,117,000","157,580,000","157,608,000","153,877,000","154,876,000","152,423,000","146,388,000","137,730,000","143,891,000","145,549,000","134,568,000","136,367,000","126,346,000","123,882,000","110,043,000","99,573,000","104,722,000","101,288,000","95,316,000","94,312,000","97,098,000","87,027,000","85,248,000","77,627,000","58,638,000","80,349,000","79,708,000","75,344,000","77,992,000","72,400,000","70,800,000","73,700,000","68,800,000","66,300,000","62,200,000","59,200,000","63,900,000","58,000,000","56,900,000","51,800,000","53,100,000","50,900,000","46,600,000","41,600,000","43,900,000","41,600,000","40,700,000","38,400,000","41,600,000","39,400,000","37,600,000","35,700,000","38,200,000","36,000,000","32,100,000","29,200,000","27,300,000","24,900,000","24,700,000",,,,,,,,,
	SellingGeneralAndAdministration,,,,,,,,,,,,,,,,,,,,,,,,,,,,,,,,,,,,,,,,,,,"199,628,000",,"196,283,000","199,824,000","188,168,000",,,,,,,,"177,567,000","170,973,000","172,136,000","171,885,000","172,024,000","166,686,000","161,927,000","164,117,000","157,580,000","157,608,000","153,877,000","154,876,000","152,423,000","146,388,000","137,730,000","143,891,000","145,549,000","134,568,000","136,367,000","126,346,000","123,882,000","110,043,000","99,573,000","104,722,000","101,288,000","95,316,000","94,312,000","97,098,000","87,027,000","85,248,000","77,627,000","66,198,000","77,913,000","77,114,000","72,814,000","75,287,000","70,400,000","68,500,000","71,400,000","66,500,000","64,300,000","60,200,000","57,300,000","61,700,000","56,200,000","55,100,000","50,100,000","51,400,000","49,300,000","45,300,000","40,900,000","43,000,000","41,400,000","39,600,000","37,800,000","40,900,000","38,400,000","37,000,000","35,200,000","37,900,000","35,700,000","31,800,000","28,900,000","26,400,000","24,700,000","24,700,000",,,,,,,,,
	DepreciationAmortizationDepletionIncomeStatement,,,,,,,,,,,,,,,,,,,,,,,,,,,,,,,,,,,,,,,,,,,,,,,,,,,,,,,,,,,,,,,,,,,,,,,,,,,,,,,,,,"-222,000","-221,000","-221,000","-221,000","211,000","2,436,000","2,594,000","2,530,000","2,705,000","2,000,000","2,300,000","2,300,000","2,300,000","2,000,000","2,000,000","1,900,000","2,200,000","1,800,000","1,800,000","1,700,000","1,700,000","1,600,000","1,300,000","700,000","900,000","200,000","1,100,000","600,000","700,000","1,000,000","600,000","500,000","300,000","300,000","300,000","300,000","900,000","200,000",,,,,,,,,,
		DepreciationAndAmortizationInIncomeStatement,,,,,,,,,,,,,,,,,,,,,,,,,,,,,,,,,,,,,,,,,,,,,,,,,,,,,,,,,,,,,,,,,,,,,,,,,,,,,,,,,,"-222,000","-221,000","-221,000","-221,000","211,000","2,436,000","2,594,000","2,530,000","2,705,000","2,000,000","2,300,000","2,300,000","2,300,000","2,000,000","2,000,000","1,900,000","2,200,000","1,800,000","1,800,000","1,700,000","1,700,000","1,600,000","1,300,000","700,000","900,000","200,000","1,100,000","600,000","700,000","1,000,000","600,000","500,000","300,000","300,000","300,000","300,000","900,000","200,000",,,,,,,,,,
			Amortization,,,,,,,,,,,,,,,,,,,,,,,,,,,,,,,,,,,,,,,,,,,,,,,,,,,,,,,,,,,,,,,,,,,,,,,,,,,,,,,,,,"-222,000","-221,000","-221,000","-221,000",,,,,,,,,,,,,,,,,,,,,,,,,,,,,,,,,,,,,,,,,,,,
				AmortizationOfIntangiblesIncomeStatement,,,,,,,,,,,,,,,,,,,,,,,,,,,,,,,,,,,,,,,,,,,,,,,,,,,,,,,,,,,,,,,,,,,,,,,,,,,,,,,,,,"-222,000","-221,000","-221,000","-221,000",,,,,,,,,,,,,,,,,,,,,,,,,,,,,,,,,,,,,,,,,,,,
	OtherOperatingExpenses,,,,,,,,,,,,,,,,,,,,,,,,,,,,,,,,,,,,,,,,,,,,,,,,,,,,,,,,,,,,,,,,,,,,,,,,,,,,,,,,,,"222,000","221,000","221,000","221,000",,,,,,,,,,,,,,,,,,,,,,,,,,,,,,,,,,,,,,,,,,,,
OperatingIncome,"157,002,000","72,838,000","60,833,000","62,860,000","-39,529,000","37,348,000","61,681,000","73,706,000","37,872,000","60,592,000","43,816,000","-18,146,000","16,674,000","46,623,000","45,363,000","41,216,000","4,514,000","41,251,000","50,046,000","71,759,000","56,833,000","96,155,000","46,554,000","79,803,000","65,416,000","106,344,000","95,729,000","83,463,000","62,177,000","106,696,000","90,756,000","91,221,000","84,754,000","92,601,000","96,651,000","75,223,000","81,281,000","104,456,000","89,538,000","77,869,000","82,592,000","102,851,000","89,906,000","83,259,000","81,993,000","104,125,000","92,707,000","90,152,000","89,024,000","100,248,000","93,767,000","84,486,000","76,790,000","92,488,000","91,542,000","82,602,000","79,594,000","101,269,000","97,114,000","85,613,000","75,207,000","96,446,000","92,686,000","78,021,000","68,537,000","92,126,000","88,546,000","72,826,000","69,514,000","82,696,000","81,779,000","70,059,000","67,602,000","74,222,000","66,991,000","56,278,000","45,009,000","51,150,000","46,477,000","42,458,000","38,863,000","43,204,000","38,581,000","35,955,000","29,440,000","38,639,000","30,820,000","29,008,000","24,419,000","27,244,000","26,300,000","22,500,000","22,100,000","21,200,000","21,800,000","18,700,000","16,500,000","18,400,000","17,300,000","15,800,000","13,200,000","15,300,000","14,400,000","11,900,000","9,000,000","13,200,000","10,800,000","10,700,000","9,600,000","11,400,000","9,500,000","9,300,000","8,400,000","9,700,000","7,700,000","8,100,000","6,700,000","4,700,000","4,800,000","5,400,000","81,900,000","-188,600,000","69,000,000","69,800,000","63,300,000","-166,200,000","59,600,000","60,600,000","57,400,000"
NetNonOperatingInterestIncomeExpense,"-20,288,000","-4,693,000","-4,879,000","-5,521,000","-5,195,000","-5,680,000","-5,532,000","-6,381,000","-6,691,000","-7,467,000","-16,584,000","-9,046,000","-8,690,000","-9,817,000","-9,172,000","-9,456,000","-11,221,000","-12,289,000","-11,783,000","-11,468,000","-11,203,000","-11,401,000","-11,400,000","-10,097,000","-10,162,000","-10,134,000","-10,634,000","-17,154,000","-12,143,000","-7,868,000","-8,513,000","-8,544,000","-8,768,000","-9,132,000","-9,237,000","-8,777,000","-8,567,000","-12,081,000","-7,962,000","-8,285,000","-8,069,000","-13,241,000","-7,306,000","-5,272,000","-4,524,000","-13,459,000","-4,803,000","-3,331,000","-4,247,000","-12,802,000","-4,284,000","-4,449,000","-4,159,000",,,,,,,,,,,,,,,,,,,,,,,,,,,,,,,,,,,,,,,,,,,,,,,,,,,,,,,,,,,,,,,,,,,,,,,,,,,,
	InterestIncomeNonOperating,,,,,,,,,,,,,,,,,,,,,,,,,"1,295,000","916,000","496,000","629,000","789,000","952,000","1,305,000","1,046,000","1,561,000","1,090,000","1,593,000","1,138,000","1,161,000","1,049,000","1,151,000","842,000","1,499,000","1,176,000","1,052,000","897,000","1,829,000",,"1,577,000","2,898,000","2,643,000",,"2,122,000","1,909,000","2,460,000",,,,,,,,,,,,,,,,,,,,,,,,,,,,,,,,,,,,,,,,,,,,,,,,,,,,,,,,,,,,,,,,,,,,,,,,,,,,
	InterestExpenseNonOperating,"20,288,000","4,693,000","4,879,000","5,521,000","5,195,000","5,680,000","5,532,000","6,381,000","6,691,000","7,467,000","16,584,000","9,046,000","8,690,000","9,817,000","9,172,000","9,456,000","11,221,000","12,289,000","11,783,000","11,468,000","11,203,000","11,401,000","11,400,000","10,097,000","10,162,000","10,134,000","10,634,000","17,154,000","12,143,000","7,868,000","8,513,000","8,544,000","8,768,000","9,132,000","9,237,000","8,777,000","8,567,000","8,589,000","9,113,000","9,127,000","9,568,000","9,463,000","8,358,000","6,169,000","6,353,000","6,341,000","6,380,000","6,229,000","6,890,000","6,311,000","6,406,000","6,358,000","6,619,000",,,,,,,,,,,,,,,,,,,,,,,,,,,,,,,,,,,,,,,,,,,,,,,,,,,,,,,,,,,,,,,,,,,,,,,,,,,,
OtherIncomeExpense,"129,540,000","14,208,000","19,278,000","6,804,000","89,250,000","4,028,000","4,323,000","3,223,000","2,034,000","-686,049,000","2,307,000","269,000","31,917,000","-443,000","1,427,000","5,941,000","1,253,000","1,349,000","2,096,000","1,160,000","1,512,000","1,033,000","994,000","1,622,000","2,364,000","1,591,000","830,000","954,000","670,000","357,000","318,000","760,000","1,502,000","1,654,000","527,000","1,245,000","-557,000","3,824,000","224,000","-167,000","-822,000","4,437,000","-737,000","-943,000","-611,000","7,816,000","-1,620,000","-1,467,000","990,000","8,964,000","-10,000","689,000","-199,000","5,350,000","-793,000","-1,201,000","218,000","9,647,000","-28,000","644,000","754,000","2,190,000","1,665,000","2,328,000","18,000","2,358,000","1,191,000","1,722,000","2,065,000","1,841,000","1,622,000","1,627,000","1,362,000","6,242,000","27,000","1,516,000","2,125,000","7,482,000","108,000","1,690,000","1,331,000","631,000","879,000","1,045,000","1,712,000","2,772,000","1,803,000","1,308,000","1,321,000","1,487,000","1,300,000","1,200,000","1,100,000","800,000","500,000","300,000","300,000","400,000","300,000","300,000","300,000","100,000","200,000","400,000","600,000","-200,000","700,000","600,000","500,000","300,000","200,000","400,000","100,000","-600,000","300,000","300,000","300,000","1,000,000","100,000","300,000",,,,,,,,,
	GainOnSaleOfSecurity,"129,540,000","14,208,000","19,278,000","6,804,000","86,640,000","-8,429,000","4,323,000","415,000","-1,195,000","-12,664,000","-485,000","-1,778,000","30,549,000",,,,,,,,,,,,,,,,,,,,,,,,,,,,,,,,,,,,,,,,,,,,,,,,,,,,,,,,,,,,,,,,,,,,,,,,,,,,,,,,,,,,,,,,,,,,,,,,,,,,,,,,,,,,,,,,,,,,
	SpecialIncomeCharges,"0",,,,,"0",,,,"-675,055,000",,,,,,,,,,,,,,,,,,,,,,,,,,,,,,,,,"-737,000","-943,000","-611,000","7,816,000","-1,620,000","-1,467,000","990,000","8,964,000","-10,000","689,000","-199,000","5,350,000","-793,000","-1,201,000","218,000","9,647,000","-28,000","644,000","754,000","2,190,000","1,665,000","2,328,000","18,000","2,358,000","1,191,000","1,722,000","2,065,000","1,841,000","1,622,000","1,627,000","1,362,000","6,242,000","27,000","1,516,000","2,125,000","7,482,000","108,000","1,690,000","1,331,000","631,000","879,000","1,045,000","1,712,000","2,772,000","1,803,000","1,308,000","1,321,000","1,487,000","1,300,000","1,200,000","1,100,000","800,000","500,000","300,000","300,000","400,000","300,000","300,000","300,000","100,000","200,000","400,000","600,000","-200,000","700,000","600,000","500,000","300,000","200,000","400,000","100,000","-600,000","300,000","300,000","300,000","1,000,000","100,000","300,000",,,,,,,,,
		ImpairmentOfCapitalAssets,"0",,,,,"0",,,,"675,055,000",,,,,,,,,,,,,,,,,,,,,,,,,,,,,,,,,,,,,,,,,,,,,,,,,,,,,,,,,,,,,,,,,,,,,,,,,,,,,,,,,,,,,,,,,,,,,,,,,,,,,,,,,,,,,,,,,,,,,,,
	OtherNonOperatingIncomeExpenses,"10,499,000","13,318,000",,,"2,610,000","4,028,000","4,323,000","2,808,000","3,229,000","1,670,000","2,792,000","2,047,000","1,368,000","-443,000","1,427,000","5,941,000","1,253,000","1,349,000","2,096,000","1,160,000","1,512,000","1,033,000","994,000","1,622,000","2,364,000","1,591,000","830,000","954,000","670,000","357,000","318,000","760,000","1,502,000","1,654,000","527,000","1,245,000","-557,000","3,824,000","224,000","-167,000","-822,000",,,,,,,,,,,,,,,,,,,,,,,,,,,,,,,,,,,,,,,,,,,,,,,,,,,,,,,,,,,,,,,,,,,,,,,,,,,,,,,,,,,,,,,,
PretaxIncome,"266,254,000","82,353,000","75,232,000","64,143,000","44,526,000","35,696,000","60,472,000","70,548,000","33,215,000","-632,924,000","29,539,000","-26,923,000","39,901,000","36,363,000","37,618,000","37,701,000","-5,454,000","30,311,000","40,359,000","61,451,000","47,142,000","85,787,000","36,148,000","71,328,000","57,618,000","97,801,000","85,925,000","67,263,000","50,704,000","99,185,000","82,561,000","83,437,000","77,488,000","85,123,000","87,941,000","67,691,000","72,157,000","96,199,000","81,800,000","69,417,000","73,701,000","94,047,000","81,863,000","77,044,000","76,858,000","98,482,000","86,284,000","85,354,000","85,767,000","96,410,000","89,473,000","80,726,000","72,432,000","86,084,000","84,797,000","75,088,000","73,682,000","97,732,000","97,516,000","86,368,000","75,812,000","95,408,000","90,985,000","76,519,000","66,696,000","90,765,000","86,267,000","71,439,000","68,502,000","80,248,000","80,098,000","67,895,000","65,206,000","72,312,000","64,201,000","55,905,000","47,102,000","53,839,000","48,232,000","44,146,000","40,185,000","44,031,000","39,669,000","37,187,000","31,336,000","33,615,000","32,582,000","30,289,000","25,710,000","28,699,000","27,500,000","23,600,000","23,200,000","21,900,000","22,000,000","19,100,000","16,600,000","18,800,000","17,500,000","16,000,000","13,400,000","15,200,000","14,600,000","12,300,000","9,700,000","13,000,000","11,300,000","11,100,000","10,200,000","11,600,000","9,600,000","9,500,000","8,400,000","9,000,000","7,800,000","8,200,000","7,000,000","5,600,000","4,900,000","5,100,000",,,,,,,,,
TaxProvision,"64,540,000","18,954,000","18,657,000","16,205,000","10,724,000","7,182,000","11,905,000","16,722,000","9,013,000","-24,127,000","6,567,000","6,426,000","10,094,000","8,678,000","6,564,000","9,055,000","-945,000","9,383,000","-68,596,000","21,207,000","16,295,000","24,430,000","8,379,000","25,572,000","18,712,000","32,181,000","28,735,000","24,700,000","30,393,000","34,667,000","27,885,000","29,659,000","27,199,000","29,452,000","30,920,000","25,663,000","26,265,000","32,637,000","28,170,000","23,875,000","26,163,000","31,904,000","28,755,000","28,090,000","28,248,000","35,775,000","30,888,000","31,997,000","31,842,000","34,605,000","33,424,000","31,383,000","27,375,000","32,123,000","31,990,000","28,185,000","27,718,000","34,523,000","37,152,000","32,627,000","28,268,000","35,484,000","32,394,000","28,282,000","25,112,000","33,946,000","32,263,000","26,719,000","25,620,000","30,006,000","29,961,000","25,391,000","24,391,000","27,187,000","24,140,000","21,019,000","17,709,000","20,242,000","18,130,000","16,601,000","15,109,000","16,468,000","14,837,000","13,905,000","11,723,000","12,589,000","12,196,000","11,320,000","9,616,000","10,727,000","10,300,000","8,800,000","8,700,000","7,900,000","8,300,000","7,200,000","6,400,000","7,200,000","6,700,000","5,900,000","5,100,000","5,900,000","5,600,000","4,500,000","3,500,000","4,600,000","4,300,000","4,100,000","3,900,000","4,600,000","3,600,000","3,600,000","3,200,000","3,700,000","3,200,000","3,200,000","2,600,000","2,000,000","1,700,000","1,800,000",,,,,,,,,
NetIncomeCommonStockholders,"203,210,000","63,878,000","57,006,000","48,330,000","33,996,000","28,755,000","48,759,000","54,060,000","24,407,000","-608,586,000","23,227,000","-33,129,000","30,042,000","27,990,000","31,225,000","28,869,000","-4,456,000","20,928,000","108,955,000","40,244,000","30,847,000","61,691,000","24,540,000","45,756,000","38,906,000","65,620,000","56,440,000","35,421,000","29,703,000","64,518,000","54,676,000","53,778,000","50,289,000","55,671,000","57,021,000","42,028,000","45,892,000","63,562,000","53,630,000","45,542,000","47,538,000","62,143,000","53,108,000","48,954,000","48,610,000","62,707,000","55,396,000","53,357,000","53,925,000","61,805,000","56,049,000","49,343,000","45,057,000","53,961,000","52,807,000","46,903,000","45,964,000","63,209,000","60,364,000","53,741,000","47,544,000","59,924,000","58,591,000","48,237,000","41,584,000","56,819,000","54,004,000","44,720,000","42,882,000","50,242,000","50,137,000","42,504,000","40,815,000","45,125,000","40,061,000","34,886,000","29,393,000","33,597,000","30,102,000","27,545,000","28,448,000","27,563,000","24,832,000","23,282,000","19,613,000","21,026,000","20,386,000","18,969,000","16,094,000","17,972,000","17,200,000","14,800,000","14,500,000","14,000,000","13,700,000","11,900,000","10,200,000","11,600,000","10,800,000","10,100,000","8,300,000","9,300,000","9,000,000","7,800,000","6,200,000","7,800,000","7,000,000","7,000,000","6,300,000","6,100,000","6,000,000","5,900,000","5,200,000","4,900,000","4,400,000","5,000,000","4,200,000","3,600,000","3,200,000","2,800,000","3,100,000","2,300,000","2,000,000","2,400,000","1,800,000","2,500,000","1,600,000","1,700,000","1,500,000"
	NetIncome,"203,210,000","63,878,000","57,006,000","48,330,000","33,996,000","28,755,000","48,759,000","54,060,000","24,407,000","-608,586,000","23,227,000","-33,129,000","30,042,000","27,990,000","31,225,000","28,869,000","-4,456,000","20,928,000","108,955,000","40,244,000","30,847,000","61,691,000","24,540,000","45,756,000","38,906,000","65,620,000","56,440,000","35,421,000","29,703,000","64,518,000","54,676,000","53,778,000","50,289,000","55,671,000","57,021,000","42,028,000","45,892,000","63,562,000","53,630,000","45,542,000","47,538,000","62,143,000","53,108,000","48,954,000","48,610,000","62,707,000","55,396,000","53,357,000","53,925,000","61,805,000","56,049,000","49,343,000","45,057,000","53,961,000","52,807,000","46,903,000","45,964,000","63,209,000","60,364,000","53,741,000","47,544,000","59,924,000","58,591,000","48,237,000","41,584,000","56,819,000","54,004,000","44,720,000","42,882,000","50,242,000","50,137,000","42,504,000","40,815,000","45,125,000","40,061,000","34,886,000","29,393,000","33,597,000","30,102,000","27,545,000","28,448,000","27,563,000","24,832,000","23,282,000","19,613,000","21,026,000","20,386,000","18,969,000","16,094,000","17,972,000","17,200,000","14,800,000","14,500,000","14,000,000","13,700,000","11,900,000","10,200,000","11,600,000","10,800,000","10,100,000","8,300,000","9,300,000","9,000,000","7,800,000","6,200,000","8,400,000","7,000,000","7,000,000","6,300,000","7,000,000","6,000,000","5,900,000","5,200,000","5,300,000","4,600,000","5,000,000","4,400,000","3,600,000","3,200,000","2,800,000","3,100,000","2,300,000","2,000,000","2,400,000","1,800,000","2,500,000","1,600,000","1,700,000","1,500,000"
		NetIncomeIncludingNoncontrollingInterests,"201,714,000","63,399,000","56,575,000","47,938,000","33,802,000","28,514,000","48,567,000","53,826,000","24,202,000","-608,797,000","22,972,000","-33,349,000","29,807,000","27,685,000","31,054,000","28,646,000","-4,509,000","20,928,000","108,955,000","40,244,000","30,847,000","61,691,000","24,540,000","45,756,000","38,906,000","65,620,000","56,440,000","35,421,000","29,703,000","64,518,000","54,676,000","53,778,000","50,289,000","55,671,000","57,021,000","42,028,000","45,892,000","63,562,000","53,630,000","45,542,000","47,538,000","62,143,000","53,108,000","48,954,000","48,610,000","62,707,000","55,396,000","53,357,000","53,925,000","61,805,000","56,049,000","49,343,000","45,057,000","53,961,000","52,807,000","46,903,000","45,964,000","63,209,000","60,364,000","53,741,000","47,544,000","59,924,000","58,591,000","48,237,000","41,584,000","56,819,000","54,004,000","44,720,000","42,882,000","50,242,000","50,137,000","42,504,000","40,815,000","45,125,000","40,061,000","34,886,000","29,393,000","33,597,000","30,102,000","27,545,000","28,448,000","27,563,000","24,832,000","23,282,000","19,613,000","21,026,000","20,386,000","18,969,000","16,094,000","17,972,000","17,200,000","14,800,000","14,500,000","14,000,000","13,700,000","11,900,000","10,200,000","11,600,000","10,800,000","10,100,000","8,300,000","9,300,000","9,000,000","7,800,000","6,200,000","8,400,000","7,000,000","7,000,000","6,300,000","7,000,000","6,000,000","5,900,000","5,200,000","5,300,000","4,600,000","5,000,000","4,400,000","3,600,000","3,200,000","2,800,000","3,100,000","2,300,000","2,000,000","2,400,000","1,800,000","2,500,000","1,600,000","1,700,000","1,500,000"
			NetIncomeContinuousOperations,"201,714,000","63,399,000","56,575,000","47,938,000","33,802,000","28,514,000","48,567,000","53,826,000","24,202,000","-608,797,000","22,972,000","-33,349,000","29,807,000","27,685,000","31,054,000","28,646,000","-4,509,000","20,928,000","108,955,000","40,244,000","30,847,000","61,357,000","27,769,000","45,756,000","38,906,000","65,620,000","57,190,000","42,563,000","20,311,000","64,518,000","54,676,000","53,778,000","50,289,000","55,671,000","57,021,000","42,028,000","45,892,000","63,562,000","53,630,000","45,542,000","47,538,000","62,143,000","53,108,000","48,954,000","48,610,000","62,707,000","55,396,000","53,357,000","53,925,000","61,805,000","56,049,000","49,343,000","45,057,000","53,961,000","52,807,000","46,903,000","45,964,000","63,209,000","60,364,000","53,741,000","47,544,000","59,924,000","58,591,000","48,237,000","41,584,000","56,819,000","54,004,000","44,720,000","42,882,000","50,242,000","50,137,000","42,504,000","40,815,000","45,125,000","40,061,000","34,886,000","29,393,000","33,597,000","30,102,000","27,545,000","25,076,000","27,563,000","24,832,000","23,282,000","19,613,000","21,026,000","20,386,000","18,969,000","16,094,000","17,972,000","17,200,000","14,800,000","14,500,000","14,000,000","13,700,000","11,900,000","10,200,000","11,600,000","10,800,000","10,100,000","8,300,000","9,300,000","9,000,000","7,800,000","6,200,000","8,400,000","7,000,000","7,000,000","6,300,000","7,000,000","6,000,000","5,900,000","5,200,000","5,300,000","4,600,000","5,000,000","4,400,000","3,600,000","3,200,000","3,300,000","3,100,000","2,300,000","2,000,000","2,400,000","1,800,000","2,500,000","1,600,000","1,700,000","1,500,000"
			NetIncomeDiscontinuousOperations,,,,,,,,,,,,,,,,,,"0","0",,,"334,000","-3,229,000","0","0","0","-750,000","-7,142,000","9,392,000",,,,,,,,,,,,,,,,,,,,,,,,,,,,,,,,,,,,,,,,,,,,,,,,,,,,,,,,,,,,,,,,,,,,,,,,,,,,,,,,,,,,,,,,,,,,,,,,,,,,
			NetIncomeExtraordinary,,,,,,,,,,,,,,,,,,,,,,,,,,,,,,,,,,,,,,,,,,,,,,,,,,,,,,,,,,,,,,,,,,,,,,,,,,,,,,"0",,,"3,372,000",,,,,,,,,,,,,,,,,,,,,,,,,,,,,,,,,,,,,,,,,,,,,,,,
			NetIncomeFromTaxLossCarryforward,,,,,,,,,,,,,,,,,,,,,,,,,,,,,,,,,,,,,,,,,,,,,,,,,,,,,,,,,,,,,,,,,,,,,,,,,,,,,,,,,,,,,,,,,,,,,,,,,,,,,,,,,,,,,,,,,,,,,,"0",,"-500,000",,,,,,,,,
		MinorityInterests,"1,496,000","479,000","431,000","392,000","194,000","241,000","192,000","234,000","205,000","211,000","255,000","220,000","235,000","305,000","171,000","223,000","53,000",,,,,,,,,,,,,,,,,,,,,,,,,,,,,,,,,,,,,,,,,,,,,,,,,,,,,,,,,,,,,,,,,,,,,,,,,,,,,,,,,,,,,,,,,,,,,,,,,,,,,,,,,,,,,,,,
	PreferredStockDividends,,,,,,,,,,,,,,,,,,,,,,,,,,,,,,,,,,,,,,,,,,,,,,,,,,,,,,,,,,,,,,,,,,,,,,,,,,,,,,,,,,,,,,,,,,,,,,,,,,,,,,,,,,,,,,,,,,"400,000","200,000",,"200,000",,,,,,,,,,,,
DilutedNIAvailtoComStockholders,"203,210,000","63,878,000","57,006,000","48,330,000","33,996,000","28,755,000","48,759,000","54,060,000","24,407,000","-608,586,000","23,227,000","-33,129,000","30,042,000","27,990,000","31,225,000","28,869,000","-4,456,000","20,928,000","108,955,000","40,244,000","30,847,000","61,691,000","24,540,000","45,756,000","38,906,000","65,620,000","56,440,000","35,421,000","29,703,000","64,518,000","54,676,000","53,778,000","50,289,000","55,671,000","57,021,000","42,028,000","45,892,000","63,562,000","53,630,000","45,542,000","47,538,000","62,143,000","53,108,000","48,954,000","48,610,000","62,707,000","55,396,000","53,357,000","53,925,000","61,805,000","56,049,000","49,343,000","45,057,000","53,961,000","52,807,000","46,903,000","45,964,000","63,209,000","60,364,000","53,741,000","47,544,000","59,924,000","58,591,000","48,237,000","41,584,000","56,819,000","54,004,000","44,720,000","42,882,000","50,242,000","50,137,000","42,504,000","40,815,000","45,125,000","40,061,000","34,886,000","29,393,000","33,597,000","30,102,000","27,545,000","28,448,000","27,563,000","24,832,000","23,282,000","19,613,000","21,026,000","20,386,000","18,969,000","16,094,000","17,972,000","17,200,000","14,800,000","14,500,000","14,000,000","13,700,000","11,900,000","10,200,000","11,600,000","10,800,000","10,100,000","8,300,000","9,300,000","9,000,000","7,800,000","6,200,000","7,800,000","7,000,000","7,000,000","6,300,000","6,100,000","6,000,000","5,900,000","5,200,000","4,900,000","4,400,000","5,000,000","4,200,000","3,600,000","3,200,000","2,800,000","3,100,000","2,300,000","2,000,000","2,400,000","1,800,000","2,500,000","1,600,000","1,700,000","1,500,000"
BasicEPS,,,"0.58","0.5","0.35","0.3","0.51","0.57","0.26","-6.44","0.25","-0.35","0.32","0.3","0.34","0.31","-0.05","0.23","1.18","0.43","0.33","0.66","0.26","0.48","0.41","0.69","0.59","0.36","0.3","0.65","0.55","0.54","0.51","0.56","0.56","0.42","0.45","0.63","0.53","0.44","0.45","0.59","0.5","0.43","0.42","0.53","0.47","0.45","0.45",,"0.47","0.42","0.38",,"0.45","0.4","0.39",,"0.45","0.4","0.35",,"0.43","0.35","0.3",,"0.39","0.33","0.31",,"0.37","0.31","0.3",,"0.295","0.255","0.215",,"0.22","0.205","0.21",,"0.185","0.17","0.145",,"0.15","0.14","0.12",,"0.13","0.11","0.11",,"0.105","0.09","0.08",,"0.085","0.075","0.065",,"0.07","0.065","0.05",,"0.055","0.055","0.05",,"0.045","0.045","0.04",,"0.035","0.04","0.035",,"0.025","0.025","0.025",,"0.015","0.02","0.015",,"0.015","0.015","0.01"
DilutedEPS,,,"0.58","0.49","0.35","0.3","0.5","0.56","0.25","-6.44","0.24","-0.35","0.32","0.3","0.33","0.31","-0.05","0.23","1.18","0.43","0.33","0.65","0.26","0.48","0.4","0.68","0.59","0.36","0.3","0.65","0.55","0.54","0.5","0.55","0.56","0.41","0.45","0.62","0.52","0.44","0.45","0.58","0.5","0.43","0.42","0.53","0.47","0.45","0.45",,"0.47","0.41","0.38",,"0.45","0.4","0.39",,"0.45","0.39","0.35",,"0.43","0.35","0.3",,"0.39","0.32","0.31",,"0.36","0.31","0.295",,"0.29","0.255","0.215",,"0.22","0.2","0.21",,"0.18","0.17","0.145",,"0.15","0.14","0.12",,"0.13","0.11","0.11",,"0.105","0.09","0.08",,"0.085","0.075","0.065",,"0.07","0.065","0.05",,"0.055","0.055","0.05",,"0.045","0.045","0.04",,"0.035","0.04","0.035",,"0.025","0.025","0.025",,"0.015","0.02","0.015",,"0.015","0.015","0.01"
BasicAverageShares,,,"97,471,000","97,321,000","96,864,000","95,977,000","95,734,000","95,518,000","95,189,000","94,462,000","94,267,000","94,093,000","93,795,000","92,990,000","92,818,000","92,683,000","92,529,000","91,846,000","91,949,000","92,722,000","93,350,000","93,830,000","94,737,000","95,290,000","95,461,000","95,460,000","95,335,000","98,525,000","99,436,000","98,981,000","98,842,000","98,802,000","99,329,000","99,707,000","101,105,000","101,069,000","101,027,000","101,249,000","102,130,000","103,706,000","105,035,000","105,865,000","106,504,000","112,538,000","115,576,000","117,529,000","117,994,000","118,616,000","119,022,000",,"118,518,000","118,336,000","118,119,000",,"117,624,000","117,421,000","117,890,000",,"134,050,000","135,907,000","135,785,000",,"135,601,000","137,757,000","138,208,000",,"137,804,000","137,554,000","137,309,000",,"136,924,000","136,737,000","136,522,000",,"135,988,000","135,812,000","135,676,000",,"135,594,000","135,804,000","137,012,000",,"135,374,000","136,506,000","136,024,000",,"135,726,000","135,348,000","135,294,000",,"132,307,692","134,545,455","131,818,182",,"130,476,190","132,222,222","127,500,000",,"127,058,824","134,666,667","127,692,308",,"128,571,429","120,000,000","124,000,000",,"127,272,727","127,272,727","126,000,000",,"133,333,333","131,111,111","130,000,000",,"125,714,286","125,000,000","120,000,000",,"128,000,000","112,000,000","124,000,000",,"133,333,333","120,000,000","120,000,000",,"106,666,667","113,333,333","150,000,000"
DilutedAverageShares,,,"98,554,000","98,363,000","98,255,000","97,393,000","96,953,000","96,415,000","95,843,000","94,462,000","95,021,000","94,093,000","94,623,000","93,899,000","93,653,000","93,289,000","92,529,000","92,446,000","92,609,000","93,351,000","94,019,000","94,503,000","95,359,000","95,904,000","96,090,000","96,121,000","95,930,000","99,185,000","100,162,000","99,677,000","99,540,000","99,376,000","100,182,000","100,684,000","101,999,000","101,968,000","101,919,000","102,134,000","102,896,000","104,415,000","105,783,000","106,708,000","107,206,000","113,186,000","116,285,000","118,269,000","118,837,000","119,373,000","119,784,000",,"119,434,000","119,216,000","118,643,000",,"118,134,000","118,328,000","118,712,000",,"134,935,000","136,923,000","136,745,000",,"136,567,000","138,728,000","139,168,000",,"139,275,000","139,249,000","139,117,000",,"138,960,000","138,795,000","138,608,000",,"138,170,000","137,698,000","136,860,000",,"136,812,000","137,208,000","137,012,000",,"136,450,000","136,506,000","136,024,000",,"135,726,000","135,348,000","135,294,000",,"132,307,692","134,545,455","131,818,182",,"130,476,190","132,222,222","127,500,000",,"127,058,824","134,666,667","127,692,308",,"128,571,429","120,000,000","124,000,000",,"127,272,727","127,272,727","126,000,000",,"133,333,333","131,111,111","130,000,000",,"125,714,286","125,000,000","120,000,000",,"128,000,000","112,000,000","124,000,000",,"133,333,333","120,000,000","120,000,000",,"106,666,667","113,333,333","150,000,000"
TotalOperatingIncomeAsReported,"157,002,000","72,838,000","60,833,000","62,860,000","-39,529,000","37,348,000","61,681,000","73,706,000","37,872,000","-614,463,000","43,816,000","-18,146,000","16,674,000","46,623,000","45,363,000","41,216,000","4,514,000","41,251,000","50,046,000","71,759,000","56,833,000","96,155,000","46,554,000","79,803,000","65,416,000","106,344,000","95,729,000","83,463,000","62,177,000","106,696,000","90,756,000","91,221,000","84,754,000","92,601,000","96,651,000","75,223,000","81,281,000","104,456,000","89,538,000","77,869,000","82,592,000","102,851,000","89,906,000","83,259,000","81,993,000","104,125,000","92,707,000","90,152,000","89,024,000","100,248,000","93,767,000","84,486,000","76,790,000","92,488,000","91,542,000","82,602,000","79,594,000","101,269,000","97,114,000","85,613,000","75,207,000","96,446,000","92,686,000","78,021,000","68,537,000","92,126,000","88,546,000","72,826,000","69,514,000","82,696,000","81,779,000","70,059,000","67,602,000","74,222,000","66,991,000","56,278,000","45,009,000","51,150,000","46,477,000","42,458,000","38,863,000","43,204,000","38,581,000","35,955,000","29,440,000","30,868,000","30,820,000","29,008,000","24,419,000","27,244,000","26,300,000","22,500,000","22,100,000","21,200,000","21,800,000","18,700,000","16,500,000","18,400,000","17,300,000","15,800,000","13,200,000","15,300,000","14,400,000","11,900,000","9,000,000","13,200,000","10,800,000","10,700,000","9,600,000","11,400,000","9,500,000","9,300,000","8,400,000","9,700,000","7,700,000","8,100,000","6,700,000","4,700,000","4,800,000","5,400,000",,,,,,,,,
TotalExpenses,"6,342,403,000","1,565,934,000","1,535,763,000","1,586,301,000","1,654,405,000","1,524,445,000","1,489,587,000","1,479,462,000","1,207,965,000","1,225,869,000","1,412,339,000","1,436,890,000","1,311,977,000","1,390,083,000","1,351,382,000","1,363,536,000","1,331,806,000","1,359,358,000","1,325,176,000","1,313,978,000","1,247,282,000","1,348,877,000","1,350,864,000","1,338,438,000","1,267,020,000","1,347,426,000","1,305,124,000","1,305,747,000","1,080,693,000","1,042,158,000","972,556,000","1,012,104,000","974,775,000","1,009,476,000","986,028,000","923,611,000","798,844,000","860,477,000","826,323,000","789,324,000","806,633,000","833,483,000","805,124,000","773,616,000","765,429,000","779,694,000","731,943,000","767,262,000","760,763,000","712,514,000","726,317,000","730,465,000","712,789,000","687,396,000","719,481,000","676,859,000","664,265,000","677,119,000","679,832,000","656,379,000","626,196,000","642,697,000","616,808,000","616,252,000","586,951,000","603,051,000","593,856,000","568,871,000","526,333,000","544,576,000","556,226,000","508,178,000","510,341,000","463,137,000","454,227,000","421,232,000","388,253,000","396,176,000","374,593,000","358,363,000","348,876,000","356,645,000","318,813,000","319,063,000","273,814,000","271,760,000","258,070,000","259,864,000","243,875,000","249,904,000","233,900,000","225,900,000","232,500,000","214,000,000","208,400,000","194,600,000","183,600,000","192,600,000","178,200,000","175,800,000","160,100,000","166,100,000","161,700,000","150,000,000","133,200,000","142,000,000","137,900,000","133,000,000","124,700,000","129,100,000","127,000,000","122,600,000","115,200,000","116,700,000","117,200,000","105,800,000","95,100,000","84,500,000","80,300,000","81,200,000",,,,,,,,,
NetIncomeFromContinuingAndDiscontinuedOperation,"203,210,000","63,878,000","57,006,000","48,330,000","33,996,000","28,755,000","48,759,000","54,060,000","24,407,000","-608,586,000","23,227,000","-33,129,000","30,042,000","27,990,000","31,225,000","28,869,000","-4,456,000","20,928,000","108,955,000","40,244,000","30,847,000","61,691,000","24,540,000","45,756,000","38,906,000","65,620,000","56,440,000","35,421,000","29,703,000","64,518,000","54,676,000","53,778,000","50,289,000","55,671,000","57,021,000","42,028,000","45,892,000","63,562,000","53,630,000","45,542,000","47,538,000","62,143,000","53,108,000","48,954,000","48,610,000","62,707,000","55,396,000","53,357,000","53,925,000","61,805,000","56,049,000","49,343,000","45,057,000","53,961,000","52,807,000","46,903,000","45,964,000","63,209,000","60,364,000","53,741,000","47,544,000","59,924,000","58,591,000","48,237,000","41,584,000","56,819,000","54,004,000","44,720,000","42,882,000","50,242,000","50,137,000","42,504,000","40,815,000","45,125,000","40,061,000","34,886,000","29,393,000","33,597,000","30,102,000","27,545,000","25,076,000","27,563,000","24,832,000","23,282,000","19,613,000","21,026,000","20,386,000","18,969,000","16,094,000","17,972,000","17,200,000","14,800,000","14,500,000","14,000,000","13,700,000","11,900,000","10,200,000","11,600,000","10,800,000","10,100,000","8,300,000","9,300,000","9,000,000","7,800,000","6,200,000","8,400,000","7,000,000","7,000,000","6,300,000","7,000,000","6,000,000","5,900,000","5,200,000","5,300,000","4,600,000","5,000,000","4,400,000","3,600,000","3,200,000","3,300,000","3,100,000","2,300,000","2,000,000","2,400,000","1,800,000","2,500,000","1,600,000","1,700,000","1,500,000"
NormalizedIncome,"105,018,680","52,940,050.053","42,508,944","43,247,412","-31,763,760","35,488,093.512","45,287,631","53,743,355","25,278,155","52,917,220.044","23,604,330","-31,831,060","7,221,897","27,990,000","31,225,000","28,869,000","-4,456,000","20,928,000","108,955,000","40,244,000","30,847,000","61,357,000","27,769,000","45,756,000","38,906,000","65,620,000","57,190,000","42,563,000","20,311,000","64,518,000","54,676,000","53,778,000","50,289,000","55,671,000","57,021,000","42,028,000","45,892,000","63,562,000","53,630,000","45,542,000","47,538,000","62,143,000","53,586,123.157","49,553,185.167","48,996,436.155","57,730,274.182","56,436,071.392","54,274,059.763","53,302,549.057","56,058,500.467","56,055,264.348","48,921,855.301","45,180,789.803","50,607,399.447","53,300,837.648","47,653,193.147","45,828,008.143","56,969,720.92","60,381,332.458","53,340,282.095","47,071,143.777","58,548,501.509","57,518,801.121","46,769,446.373","41,572,777.258","55,342,889.142","53,258,422.154","43,642,047.621","41,589,317.597","49,089,379.1","49,121,716.048","41,485,456.543","39,962,470.632","41,229,792.427","40,044,152.178","33,939,981.29","28,066,939.005","28,928,028.548","30,034,596.285","26,490,520.545","24,245,437.452","27,167,999.818","24,281,763.594","22,627,747.439","18,541,470.258","19,292,129.05","19,257,893.745","18,149,842.814","15,267,077.635","17,040,805.045","16,386,909.091","14,047,457.627","13,812,500","13,488,584.475","13,388,636.364","11,713,089.005","10,015,662.651","11,353,191.489","10,614,857.143","9,910,625","8,114,179.104","9,238,815.789","8,876,712.329","7,546,341.463","5,816,494.845","8,529,230.769","6,566,371.681","6,621,621.622","5,991,176.471","6,818,965.517","5,875,000","5,651,578.947","5,138,095.238","5,660,000","4,420,000","4,817,073.171","4,211,428.571","2,957,142.857","3,134,693.878","3,105,882.353","3,100,000","2,300,000","2,000,000","2,400,000","1,800,000","2,500,000","1,600,000","1,700,000","1,500,000"
InterestIncome,,,,,,,,,,,,,,,,,,,,,,,,,"1,295,000","916,000","496,000","629,000","789,000","952,000","1,305,000","1,046,000","1,561,000","1,090,000","1,593,000","1,138,000","1,161,000","1,049,000","1,151,000","842,000","1,499,000","1,176,000","1,052,000","897,000","1,829,000",,"1,577,000","2,898,000","2,643,000",,"2,122,000","1,909,000","2,460,000",,,,,,,,,,,,,,,,,,,,,,,,,,,,,,,,,,,,,,,,,,,,,,,,,,,,,,,,,,,,,,,,,,,,,,,,,,,,
InterestExpense,"20,288,000","4,693,000","4,879,000","5,521,000","5,195,000","5,680,000","5,532,000","6,381,000","6,691,000","7,467,000","16,584,000","9,046,000","8,690,000","9,817,000","9,172,000","9,456,000","11,221,000","12,289,000","11,783,000","11,468,000","11,203,000","11,401,000","11,400,000","10,097,000","10,162,000","10,134,000","10,634,000","17,154,000","12,143,000","7,868,000","8,513,000","8,544,000","8,768,000","9,132,000","9,237,000","8,777,000","8,567,000","8,589,000","9,113,000","9,127,000","9,568,000","9,463,000","8,358,000","6,169,000","6,353,000","6,341,000","6,380,000","6,229,000","6,890,000","6,311,000","6,406,000","6,358,000","6,619,000",,,,,,,,,,,,,,,,,,,,,,,,,,,,,,,,,,,,,,,,,,,,,,,,,,,,,,,,,,,,,,,,,,,,,,,,,,,,
NetInterestIncome,"-20,288,000","-4,693,000","-4,879,000","-5,521,000","-5,195,000","-5,680,000","-5,532,000","-6,381,000","-6,691,000","-7,467,000","-16,584,000","-9,046,000","-8,690,000","-9,817,000","-9,172,000","-9,456,000","-11,221,000","-12,289,000","-11,783,000","-11,468,000","-11,203,000","-11,401,000","-11,400,000","-10,097,000","-10,162,000","-10,134,000","-10,634,000","-17,154,000","-12,143,000","-7,868,000","-8,513,000","-8,544,000","-8,768,000","-9,132,000","-9,237,000","-8,777,000","-8,567,000","-12,081,000","-7,962,000","-8,285,000","-8,069,000","-13,241,000","-7,306,000","-5,272,000","-4,524,000","-13,459,000","-4,803,000","-3,331,000","-4,247,000","-12,802,000","-4,284,000","-4,449,000","-4,159,000",,,,,,,,,,,,,,,,,,,,,,,,,,,,,,,,,,,,,,,,,,,,,,,,,,,,,,,,,,,,,,,,,,,,,,,,,,,,
EBIT,"286,542,000","87,046,000","80,111,000","69,664,000","49,721,000","41,376,000","66,004,000","76,929,000","39,906,000","-625,457,000","46,123,000","-17,877,000","48,591,000","46,180,000","46,790,000","47,157,000","5,767,000","42,600,000","52,142,000","72,919,000","58,345,000","97,188,000","47,548,000","81,425,000","67,780,000","107,935,000","96,559,000","84,417,000","62,847,000","107,053,000","91,074,000","91,981,000","86,256,000","94,255,000","97,178,000","76,468,000","80,724,000","104,788,000","90,913,000","78,544,000","83,269,000","103,510,000","90,221,000","83,213,000","83,211,000","104,823,000","92,664,000","91,583,000","92,657,000","102,721,000","95,879,000","87,084,000","79,051,000","96,062,000","91,542,000","82,602,000","79,594,000","101,269,000","97,114,000","85,613,000","75,207,000","96,446,000","92,686,000","78,021,000","68,537,000","92,126,000","88,546,000","72,826,000","69,514,000","82,696,000","81,779,000","70,059,000","67,602,000","74,222,000","66,991,000","56,278,000","45,009,000","51,150,000","46,477,000","42,458,000","38,863,000","43,204,000","38,581,000","35,955,000","29,440,000","38,639,000","30,820,000","29,008,000","24,419,000","27,244,000","26,300,000","22,500,000","22,100,000","21,200,000","21,800,000","18,700,000","16,500,000","18,400,000","17,300,000","15,800,000","13,200,000","15,300,000","14,400,000","11,900,000","9,000,000","13,200,000","10,800,000","10,700,000","9,600,000","11,400,000","9,500,000","9,300,000","8,400,000","9,700,000","7,700,000","8,100,000","6,700,000","4,700,000","4,800,000","5,400,000","81,900,000","-188,600,000","69,000,000","69,800,000","63,300,000","-166,200,000","59,600,000","60,600,000","57,400,000"
EBITDA,"368,534,000"
ReconciledCostOfRevenue,"5,210,318,000","1,290,533,000","1,259,985,000","1,322,726,000","1,337,074,000","1,257,388,000","1,226,727,000","1,232,800,000","992,021,000","992,429,000","1,144,325,000","1,117,250,000","1,038,597,000","1,124,179,000","1,097,236,000","1,109,676,000","1,052,657,000","1,110,770,000","1,080,486,000","1,069,994,000","1,005,067,000","1,109,534,000","1,067,657,000","1,099,281,000","1,015,258,000","1,090,029,000","1,060,989,000","1,058,311,000","854,626,000","815,254,000","760,753,000","797,503,000","763,304,000","786,209,000","771,218,000","709,403,000","598,607,000","640,756,000","615,568,000","586,594,000","603,525,000","622,613,000","605,496,000","575,892,000","569,146,000","579,870,000","543,775,000","578,213,000","569,587,000","524,651,000","544,015,000","548,414,000","530,895,000","510,774,000","541,914,000","505,886,000","492,129,000","505,234,000","507,808,000","489,693,000","464,269,000","478,580,000","459,228,000","458,644,000","433,074,000","448,175,000","441,433,000","422,483,000","388,603,000","400,685,000","410,677,000","373,610,000","373,974,000","336,791,000","330,345,000","311,189,000","288,680,000","291,454,000","273,305,000","263,047,000","254,564,000","255,856,000","228,129,000","229,831,000","193,236,000","210,701,000","177,721,000","180,156,000","168,531,000","171,912,000","161,500,000","155,100,000","158,800,000","145,200,000","142,100,000","132,400,000","124,400,000","128,700,000","120,200,000","118,900,000","108,300,000","113,000,000","110,800,000","103,400,000","91,600,000","98,100,000","96,300,000","92,300,000","86,300,000","87,500,000","88,000,000","85,000,000","79,500,000","78,500,000","80,800,000","73,700,000","65,900,000","57,200,000","55,400,000","56,500,000",,,,,,,,,
ReconciledDepreciation,"81,992,000","20,587,000","20,425,000","20,462,000","20,518,000","20,541,000","19,474,000","19,014,000","19,867,000","20,290,000","20,617,000","20,643,000","20,632,000","20,348,000","20,499,000","21,069,000","20,857,000","21,029,000","20,954,000","20,729,000","21,104,000","20,762,000","21,049,000","21,648,000","20,359,000","23,566,000","20,417,000","23,153,000","15,247,000","14,433,000","12,213,000","13,193,000","11,491,000","13,303,000","13,642,000","12,065,000","10,976,000","12,695,000","11,401,000","10,421,000","11,485,000","11,777,000","10,893,000","10,457,000","9,082,000","10,504,000","9,782,000","11,530,000","9,523,000","11,240,000","9,565,000","9,812,000","8,857,000","8,831,000","7,651,000","7,481,000","6,383,000","6,783,000","7,173,000","6,241,000","6,083,000","6,164,000","6,481,000","6,612,000","6,244,000","6,709,000","6,039,000","5,649,000","5,279,000","6,623,000","7,005,000","6,785,000","6,449,000","6,127,000","5,998,000","3,825,000","3,491,000","2,907,000","3,269,000","3,335,000","3,265,000","3,469,000","3,436,000","3,763,000","2,730,000","2,632,000","2,436,000","2,594,000","2,530,000","2,705,000","2,000,000","2,300,000","2,300,000","2,300,000","2,000,000","2,000,000","1,900,000","2,200,000","1,800,000","1,800,000","1,700,000","1,700,000","1,600,000","1,300,000","700,000","900,000","200,000","1,100,000","600,000","700,000","600,000","600,000","500,000","300,000","700,000","300,000","300,000","900,000","200,000",,,,,,,,,,
NetIncomeFromContinuingOperationNetMinorityInterest,"203,210,000","63,878,000","57,006,000","48,330,000","33,996,000","28,755,000","48,759,000","54,060,000","24,407,000","-608,586,000","23,227,000","-33,129,000","30,042,000","27,990,000","31,225,000","28,869,000","-4,456,000","20,928,000","108,955,000","40,244,000","30,847,000","61,357,000","27,769,000","45,756,000","38,906,000","65,620,000","57,190,000","42,563,000","20,311,000","64,518,000","54,676,000","53,778,000","50,289,000","55,671,000","57,021,000","42,028,000","45,892,000","63,562,000","53,630,000","45,542,000","47,538,000","62,143,000","53,108,000","48,954,000","48,610,000","62,707,000","55,396,000","53,357,000","53,925,000","61,805,000","56,049,000","49,343,000","45,057,000","53,961,000","52,807,000","46,903,000","45,964,000","63,209,000","60,364,000","53,741,000","47,544,000","59,924,000","58,591,000","48,237,000","41,584,000","56,819,000","54,004,000","44,720,000","42,882,000","50,242,000","50,137,000","42,504,000","40,815,000","45,125,000","40,061,000","34,886,000","29,393,000","33,597,000","30,102,000","27,545,000","25,076,000","27,563,000","24,832,000","23,282,000","19,613,000","21,026,000","20,386,000","18,969,000","16,094,000","17,972,000","17,200,000","14,800,000","14,500,000","14,000,000","13,700,000","11,900,000","10,200,000","11,600,000","10,800,000","10,100,000","8,300,000","9,300,000","9,000,000","7,800,000","6,200,000","8,400,000","7,000,000","7,000,000","6,300,000","7,000,000","6,000,000","5,900,000","5,200,000","5,300,000","4,600,000","5,000,000","4,400,000","3,600,000","3,200,000","3,300,000","3,100,000","2,300,000","2,000,000","2,400,000","1,800,000","2,500,000","1,600,000","1,700,000","1,500,000"
TotalUnusualItemsExcludingGoodwill,"129,540,000","14,208,000","19,278,000","6,804,000","86,640,000","-8,429,000","4,323,000","415,000","-1,195,000","-687,719,000","-485,000","-1,778,000","30,549,000",,,,,,,,,,,,,,,,,,,,,,,,,,,,,,"-737,000","-943,000","-611,000","7,816,000","-1,620,000","-1,467,000","990,000","8,964,000","-10,000","689,000","-199,000","5,350,000","-793,000","-1,201,000","218,000","9,647,000","-28,000","644,000","754,000","2,190,000","1,665,000","2,328,000","18,000","2,358,000","1,191,000","1,722,000","2,065,000","1,841,000","1,622,000","1,627,000","1,362,000","6,242,000","27,000","1,516,000","2,125,000","7,482,000","108,000","1,690,000","1,331,000","631,000","879,000","1,045,000","1,712,000","2,772,000","1,803,000","1,308,000","1,321,000","1,487,000","1,300,000","1,200,000","1,100,000","800,000","500,000","300,000","300,000","400,000","300,000","300,000","300,000","100,000","200,000","400,000","600,000","-200,000","700,000","600,000","500,000","300,000","200,000","400,000","100,000","-600,000","300,000","300,000","300,000","1,000,000","100,000","300,000",,,,,,,,,
TotalUnusualItems,"129,540,000","14,208,000","19,278,000","6,804,000","86,640,000","-8,429,000","4,323,000","415,000","-1,195,000","-687,719,000","-485,000","-1,778,000","30,549,000",,,,,,,,,,,,,,,,,,,,,,,,,,,,,,"-737,000","-943,000","-611,000","7,816,000","-1,620,000","-1,467,000","990,000","8,964,000","-10,000","689,000","-199,000","5,350,000","-793,000","-1,201,000","218,000","9,647,000","-28,000","644,000","754,000","2,190,000","1,665,000","2,328,000","18,000","2,358,000","1,191,000","1,722,000","2,065,000","1,841,000","1,622,000","1,627,000","1,362,000","6,242,000","27,000","1,516,000","2,125,000","7,482,000","108,000","1,690,000","1,331,000","631,000","879,000","1,045,000","1,712,000","2,772,000","1,803,000","1,308,000","1,321,000","1,487,000","1,300,000","1,200,000","1,100,000","800,000","500,000","300,000","300,000","400,000","300,000","300,000","300,000","100,000","200,000","400,000","600,000","-200,000","700,000","600,000","500,000","300,000","200,000","400,000","100,000","-600,000","300,000","300,000","300,000","1,000,000","100,000","300,000",,,,,,,,,
NormalizedEBITDA,"238,994,000","93,425,000","81,258,000","83,322,000","-16,401,000","70,346,000","81,155,000","95,528,000","60,968,000","82,552,000","67,225,000","4,544,000","38,674,000","66,528,000","67,289,000","68,226,000","26,624,000","63,629,000","73,096,000","93,648,000","79,449,000","117,950,000","68,597,000","103,073,000","88,139,000","131,501,000","116,976,000","107,570,000","78,094,000","121,486,000","103,287,000","105,174,000","97,747,000","107,558,000","110,820,000","88,533,000","91,700,000","117,483,000","102,314,000","88,965,000","94,754,000","115,287,000","101,851,000","94,613,000","92,904,000","107,511,000","104,066,000","104,580,000","101,190,000","104,997,000","105,454,000","96,207,000","88,107,000","99,543,000","99,986,000","91,284,000","85,759,000","98,405,000","104,315,000","91,210,000","80,536,000","100,420,000","97,502,000","82,305,000","74,763,000","96,477,000","93,394,000","76,753,000","72,728,000","87,478,000","87,162,000","75,217,000","72,689,000","74,107,000","72,962,000","58,587,000","46,375,000","46,575,000","49,638,000","44,103,000","40,797,000","46,042,000","41,138,000","38,673,000","30,458,000","38,499,000","31,453,000","30,294,000","25,628,000","28,462,000","27,000,000","23,600,000","23,300,000","22,700,000","23,300,000","20,400,000","18,100,000","20,200,000","18,800,000","17,300,000","14,600,000","16,900,000","15,800,000","12,800,000","9,100,000","14,300,000","10,300,000","11,200,000","9,700,000","11,800,000","10,300,000","9,500,000","8,800,000","10,600,000","8,100,000","8,100,000","6,700,000","4,600,000","4,900,000","5,100,000","81,900,000","-188,600,000","69,000,000","69,800,000","63,300,000","-166,200,000","59,600,000","60,600,000","57,400,000"
TaxRateForCalcs,"0.242","0.23","0.248","0.253","0.241","0.201","0.197","0.237","0.271","0.038","0.222","0.27","0.253","0.239","0.174","0.24","0.173","0.31","0.27","0.345","0.346","0.285","0.232","0.359","0.325","0.329","0.334","0.367","0.4","0.35","0.338","0.355","0.351","0.346","0.352","0.379","0.364","0.339","0.344","0.344","0.355","0.339","0.351","0.365","0.368","0.363","0.358","0.375","0.371","0.359","0.374","0.389","0.378","0.373","0.377","0.375","0.376","0.353","0.381","0.378","0.373","0.372","0.356","0.37","0.377","0.374","0.374","0.374","0.374","0.374","0.374","0.374","0.374","0.376","0.376","0.376","0.376","0.376","0.376","0.376","0.376","0.374","0.374","0.374","0.374","0.375","0.374","0.374","0.374","0.374","0.375","0.373","0.375","0.361","0.377","0.377","0.386","0.383","0.383","0.369","0.381","0.388","0.384","0.366","0.361","0.354","0.381","0.369","0.382","0.397","0.375","0.379","0.381","0.4","0.4","0.39","0.371","0.357","0.347","0.353","0.4","0.4","0.4","0.4","0.4","0.4","0.4","0.4","0.4"
TaxEffectOfUnusualItems,"31,348,680","3,270,050.053","4,780,944","1,721,412","20,880,240","-1,695,906.488","851,631","98,355","-323,845","-26,215,779.956","-107,670","-480,060","7,728,897","0","0","0","0","0","0","0","0","0","0","0","0","0","0","0","0","0","0","0","0","0","0","0","0","0","0","0","0","0","-258,876.843","-343,814.833","-224,563.845","2,839,274.182","-579,928.608","-549,940.237","367,549.057","3,217,500.467","-3,735.652","267,855.301","-75,210.197","1,996,399.447","-299,162.352","-450,806.853","82,008.143","3,407,720.92","-10,667.542","243,282.095","281,143.777","814,501.509","592,801.121","860,446.373","6,777.258","881,889.142","445,422.154","644,047.621","772,317.597","688,379.1","606,716.048","608,456.543","509,470.632","2,346,792.427","10,152.178","569,981.29","798,939.005","2,813,028.548","40,596.285","635,520.545","500,437.452","235,999.818","328,763.594","390,747.439","640,470.258","1,038,129.05","674,893.745","488,842.814","494,077.635","555,805.045","486,909.091","447,457.627","412,500","288,584.475","188,636.364","113,089.005","115,662.651","153,191.489","114,857.143","110,625","114,179.104","38,815.789","76,712.329","146,341.463","216,494.845","-70,769.231","266,371.681","221,621.622","191,176.471","118,965.517","75,000","151,578.947","38,095.238","-240,000","120,000","117,073.171","111,428.571","357,142.857","34,693.878","105,882.353","0","0","0","0","0","0","0","0","0"