name,ttm,03/31/2022,12/31/2021,09/30/2021,06/30/2021,03/31/2021,12/31/2020,09/30/2020,06/30/2020,03/31/2020,12/31/2019,09/30/2019,06/30/2019,03/31/2019,12/31/2018,09/30/2018,06/30/2018,03/31/2018,12/31/2017,09/30/2017,06/30/2017,03/31/2017,12/31/2016,09/30/2016,06/30/2016,03/31/2016,12/31/2015,09/30/2015,06/30/2015,03/31/2015,12/31/2014,09/30/2014,06/30/2014,03/31/2014,12/31/2013,09/30/2013,06/30/2013,03/31/2013,12/31/2012,09/30/2012,06/30/2012,03/31/2012,12/31/2011,09/30/2011,06/30/2011,03/31/2011,12/31/2010,09/30/2010,06/30/2010,03/31/2010,12/31/2009,09/30/2009,06/30/2009,03/31/2009,12/31/2008,09/30/2008,06/30/2008,03/31/2008,12/31/2007,09/30/2007,06/30/2007,03/31/2007,12/31/2006,09/30/2006,06/30/2006,03/31/2006,12/31/2005,09/30/2005,06/30/2005,03/31/2005,12/31/2004,09/30/2004,06/30/2004,03/31/2004,12/31/2003,09/30/2003,06/30/2003,03/31/2003,12/31/2002,09/30/2002,06/30/2002,03/31/2002,12/31/2001,09/30/2001,06/30/2001,03/31/2001
TotalRevenue,"120,358,000","33,498,000","29,886,000","29,555,000","27,419,000","24,200,000","22,368,000","23,112,000","21,409,000","21,158,000","22,562,000","21,914,000","20,568,000","20,541,000","19,725,000","20,213,000","21,119,000","24,737,000","26,777,000","26,517,000","24,289,000","24,289,000","28,433,000","27,259,000","26,688,000","25,081,000","24,072,000","23,878,000","23,210,000","26,817,000","26,061,000","22,406,000","24,610,000","27,086,000","27,078,000","25,489,000","24,776,000","24,110,000","23,815,000","22,551,000","22,531,000","20,643,000","17,596,000","16,939,000","17,160,000","15,017,000","16,218,000","14,828,000","15,352,000","15,252,000","14,787,000","13,878,000","9,583,000","10,190,000","13,811,000","18,765,000","21,114,000","20,347,000","24,555,000","24,068,000","23,698,000","22,142,000","18,953,000","19,364,000","18,010,000","19,857,000","19,022,000","18,457,000","18,356,000","18,093,000","18,051,000","16,450,000","15,169,000","12,676,000","12,069,000","11,300,000","10,090,000","9,067,000","8,994,000","11,037,000","12,236,000","11,457,000","10,366,000","9,226,000","8,346,000","7,533,972"
	OperatingRevenue,"120,358,000","33,498,000","29,886,000","29,555,000","27,419,000","24,200,000","22,368,000","23,112,000","21,409,000","21,158,000","22,562,000","21,914,000","20,568,000","20,541,000","19,725,000","20,213,000","21,119,000","24,737,000","26,777,000","26,517,000","24,289,000","24,289,000","28,433,000","27,259,000","26,688,000","25,081,000","24,072,000","23,878,000","23,210,000","26,817,000","26,061,000","22,406,000","24,610,000","27,086,000","27,078,000","25,489,000","24,776,000","24,110,000","23,815,000","22,551,000","22,531,000","20,643,000","17,596,000","16,939,000","17,160,000","15,017,000","16,218,000","14,828,000","15,352,000","15,252,000","14,787,000","13,878,000","9,583,000","10,190,000","13,811,000","18,765,000","21,114,000","20,347,000","24,555,000","24,068,000","23,698,000","22,142,000","18,953,000","19,364,000","18,010,000","19,857,000","19,022,000","18,457,000","18,356,000","18,093,000","18,051,000","16,450,000","15,169,000","12,676,000","12,069,000","11,300,000","10,090,000","9,067,000","8,994,000","11,037,000","12,236,000","11,457,000","10,366,000","9,226,000","8,346,000","7,533,972"
CostOfRevenue,"45,059,000","11,529,000","11,675,000","11,070,000","10,785,000","10,663,000","9,839,000","9,493,000","8,946,000","8,487,000","9,059,000","8,715,000","7,832,000","7,867,000","9,721,000","10,683,000","10,917,000","11,482,000","12,281,000","12,431,000","11,379,000","11,431,000","12,136,000","11,452,000","10,654,000","10,206,000","10,080,000","10,252,000","9,888,000","8,804,000","9,549,000","11,614,000","8,847,000","9,705,000","9,565,000","10,507,000","9,741,000","9,657,000","9,406,000","9,457,000","8,906,000","8,728,000","8,224,000","7,806,000","7,419,000","5,949,000","6,555,000","6,150,000","6,288,000","6,681,000","6,716,000","5,630,000","5,223,000","6,649,000","11,045,000","7,783,000","7,898,000","8,397,000","10,126,000","9,431,000","8,719,000","7,767,000","12,991,000","6,792,000","6,674,000","6,440,000","6,441,000","6,397,000","5,867,000","5,907,000","6,245,000","5,887,000","5,369,000","5,704,000","3,686,000","3,768,000","3,514,000","3,444,000","3,362,000","3,650,000","4,333,000","3,864,000","3,339,000","3,011,000","2,937,000","2,555,935"
GrossProfit,"75,299,000","21,969,000","18,211,000","18,485,000","16,634,000","13,537,000","12,529,000","13,619,000","12,463,000","12,671,000","13,503,000","13,199,000","12,736,000","12,674,000","10,004,000","9,530,000","10,202,000","13,255,000","14,496,000","14,086,000","12,910,000","12,858,000","16,297,000","15,807,000","16,034,000","14,875,000","13,992,000","13,626,000","13,322,000","18,013,000","16,512,000","10,792,000","15,763,000","17,381,000","17,513,000","14,982,000","15,035,000","14,453,000","14,409,000","13,094,000","13,625,000","11,915,000","9,372,000","9,133,000","9,741,000","9,068,000","9,663,000","8,678,000","9,064,000","8,571,000","8,071,000","8,248,000","4,360,000","3,541,000","2,766,000","10,982,000","13,216,000","11,950,000","14,429,000","14,637,000","14,979,000","14,375,000","5,962,000","12,572,000","11,336,000","13,417,000","12,581,000","12,060,000","12,489,000","12,186,000","11,806,000","10,563,000","9,800,000","6,972,000","8,383,000","7,532,000","6,576,000","5,623,000","5,632,000","7,387,000","7,903,000","7,593,000","7,027,000","6,215,000","5,409,000","4,978,037"
OperatingExpense,"87,307,000","25,242,000","20,698,000","20,580,000","20,787,000","20,619,000","18,827,000","16,922,000","15,665,000","16,658,000","15,286,000","14,599,000","14,406,000","15,365,000","13,140,000","12,370,000","13,127,000","13,729,000","13,662,000","13,662,000","13,563,000","13,273,000","13,553,000","12,671,000","12,271,000","11,552,000","10,590,000","10,927,000","9,653,000","8,544,000","8,752,000","7,847,000","8,010,000","7,943,000","7,403,000","7,227,000","7,607,000","8,176,000","8,098,000","7,752,000","8,061,000","8,113,000","7,230,000","7,575,000","9,010,000","9,145,000","8,346,000","7,589,000","8,909,000","8,627,000","8,034,000","9,096,000","9,264,000","10,289,000","12,691,000","13,430,000","14,975,000","15,569,000","16,905,000","15,782,000","16,473,000","21,802,000","10,790,000","12,945,000","13,238,000","12,713,000","11,119,000","10,965,000","11,477,000","10,793,000","10,900,000","10,492,000","10,473,000","9,680,000","11,228,000","8,682,000","7,776,000","7,684,000","7,130,000","7,300,000","7,125,000","6,532,000","45,354,000","-4,396,000","7,611,000","7,668,321"
	SellingGeneralAndAdministration,"39,024,000","10,839,000","9,167,000","9,609,000","9,410,000","9,464,000","8,625,000","8,420,000","7,737,000","7,895,000","6,359,000","5,990,000","6,940,000","7,011,000","6,133,000","5,507,000","5,919,000","6,375,000","5,909,000","5,680,000","6,195,000","5,899,000","6,290,000","5,548,000","5,094,000","5,124,000","5,085,000","5,665,000","5,216,000","4,456,000","4,970,000","4,498,000","4,661,000","4,329,000","4,015,000","3,812,000","4,404,000","4,794,000","4,477,000","4,498,000","4,719,000","4,905,000","4,119,000","4,158,000","5,242,000","4,745,000","3,690,000","3,228,000","4,492,000","4,579,000","3,719,000","4,321,000","4,108,000","4,413,000","4,432,000","5,401,000","5,646,000","6,299,000","6,613,000","5,789,000","6,645,000","5,844,000","4,964,000","5,028,000","4,866,000","4,956,000","4,070,000","3,971,000","4,321,000","3,956,000","4,048,000","3,935,000","3,914,000","4,052,000","4,563,000","3,472,000","3,323,000","3,352,000","2,513,000","2,671,000","2,795,000","2,554,000","10,303,000","3,017,000","2,603,000","2,454,384"
	ResearchAndDevelopment,"47,028,000","14,089,000","11,218,000","10,657,000","11,064,000","10,841,000","9,982,000","8,328,000","7,754,000","8,590,000","8,754,000","8,435,000","7,312,000","8,246,000","6,898,000","6,755,000","7,100,000","7,245,000","7,646,000","7,875,000","7,276,000","7,282,000","7,171,000","7,017,000","7,060,000","6,311,000","5,398,000","5,173,000","4,437,000","4,088,000","3,782,000","3,349,000","3,337,000","3,596,000","3,370,000","3,396,000","3,184,000","3,364,000","3,600,000","3,203,000","3,291,000","3,157,000","3,060,000","3,366,000","3,717,000","4,349,000","4,599,000","4,291,000","4,335,000","3,962,000","4,226,000","4,689,000","5,069,000","5,789,000","7,949,000","7,835,000","9,134,000","9,076,000","9,899,000","9,008,000","8,797,000","8,370,000","8,070,000","6,416,000","6,871,000","6,256,000","5,641,000","5,474,000","5,655,000","5,336,000","5,352,000","4,940,000","4,822,000","5,218,000","5,318,000","4,421,000","4,453,000","4,332,000","4,104,000","3,989,000","4,330,000","3,190,000","3,427,000","3,225,000","2,887,000","2,657,071"
	DepreciationAmortizationDepletionIncomeStatement,"1,255,000","314,000","313,000","314,000","313,000","314,000","220,000","174,000","174,000","173,000","173,000","174,000","154,000","108,000","109,000","108,000","108,000","109,000","107,000","107,000","92,000","92,000","92,000","106,000","117,000","117,000","107,000","89,000","0","0","0","0","12,000","18,000","18,000","19,000","19,000","18,000","21,000","51,000","51,000","51,000","51,000","51,000","51,000","51,000","57,000","70,000","82,000","86,000","89,000","86,000","87,000","87,000","310,000","194,000","195,000","194,000","393,000","985,000","1,031,000","2,588,000","-3,044,000","1,501,000","1,501,000","1,501,000","1,408,000","1,520,000","1,501,000","1,501,000","1,501,000","1,617,000","1,737,000","410,000","1,347,000","789,000",,,"513,000","640,000",,"788,000",,"1,358,000","2,121,000","2,556,866"
		DepreciationAndAmortizationInIncomeStatement,"1,255,000","314,000","313,000","314,000","313,000","314,000","220,000","174,000","174,000","173,000","173,000","174,000","154,000","108,000","109,000","108,000","108,000","109,000","107,000","107,000","92,000","92,000","92,000","106,000","117,000","117,000","107,000","89,000","0","0","0","0","12,000","18,000","18,000","19,000","19,000","18,000","21,000","51,000","51,000","51,000","51,000","51,000","51,000","51,000","57,000","70,000","82,000","86,000","89,000","86,000","87,000","87,000","310,000","194,000","195,000","194,000","393,000","985,000","1,031,000","2,588,000","-3,044,000","1,501,000","1,501,000","1,501,000","1,408,000","1,520,000","1,501,000","1,501,000","1,501,000","1,617,000","1,737,000","410,000","1,347,000","789,000",,,"513,000","640,000",,"788,000",,"1,358,000","2,121,000","2,556,866"
			Amortization,"1,255,000","314,000","313,000","314,000","313,000","314,000","220,000","174,000","174,000","173,000","173,000","174,000","154,000","108,000","109,000","108,000","108,000","109,000","107,000","107,000","92,000","92,000","92,000","106,000","117,000","117,000","107,000","89,000","0","0","0","0","12,000","18,000","18,000","19,000","19,000","18,000","21,000","51,000","51,000",,,,,,,,,,,,,"87,000",,"194,000","195,000","194,000","393,000","985,000","1,031,000","2,588,000","-3,044,000","1,501,000","1,501,000","1,501,000","1,408,000","1,520,000","1,501,000","1,501,000","1,501,000","1,617,000","1,737,000","410,000","1,347,000","789,000",,,"513,000","640,000",,"788,000",,"1,358,000","2,121,000","2,556,866"
				AmortizationOfIntangiblesIncomeStatement,"1,255,000","314,000","313,000","314,000","313,000","314,000","220,000","174,000","174,000","173,000","173,000","174,000","154,000","108,000","109,000","108,000","108,000","109,000","107,000","107,000","92,000","92,000","92,000","106,000","117,000","117,000","107,000","89,000","0","0","0","0","12,000","18,000","18,000","19,000","19,000","18,000","21,000","51,000","51,000",,,,,,,,,,,,,"87,000",,"194,000","195,000","194,000","393,000","985,000","1,031,000","2,588,000","-3,044,000","1,501,000","1,501,000","1,501,000","1,408,000","1,520,000","1,501,000","1,501,000","1,501,000","1,617,000","1,737,000","410,000","1,347,000","789,000",,,"513,000","640,000",,"788,000",,"1,358,000","2,121,000","2,556,866"
	OtherOperatingExpenses,,,,,,,,,,,,,,,,,,,,,,,,,,,,,,,,,,,,,,,,,,,,,,,,,,,,,,,,,,,,,,"5,000,000",,,,,,,,,,,,,,,,,,,,,,"-11,996,000",,
OperatingIncome,"-12,008,000","-3,273,000","-2,487,000","-2,095,000","-4,153,000","-7,082,000","-6,298,000","-3,303,000","-3,202,000","-3,987,000","-1,783,000","-1,400,000","-1,670,000","-2,691,000","-3,136,000","-2,840,000","-2,925,000","-474,000","834,000","424,000","-653,000","-415,000","2,744,000","3,136,000","3,763,000","3,323,000","3,402,000","2,699,000","3,669,000","9,469,000","7,760,000","2,945,000","7,753,000","9,438,000","10,110,000","7,755,000","7,428,000","6,277,000","6,311,000","5,342,000","5,564,000","3,802,000","2,142,000","1,558,000","731,000","-77,000","1,317,000","1,089,000","155,000","-56,000","37,000","-848,000","-4,904,000","-6,748,000","-9,925,000","-2,448,000","-1,759,000","-3,619,000","-2,476,000","-1,145,000","-1,494,000","-7,427,000","-4,828,000","-373,000","-1,902,000","704,000","1,462,000","1,095,000","1,012,000","1,393,000","906,000","71,000","-673,000","-2,708,000","-2,845,000","-1,150,000","-1,200,000","-2,061,000","-1,498,000","87,000","778,000","1,061,000","-38,327,000","10,611,000","-2,202,000","-2,690,284"
NetNonOperatingInterestIncomeExpense,"552,000","310,000","292,000","194,000","-243,000","441,000","-739,000","-361,000","-150,000","-20,000","-31,000","202,000","111,000","-6,000","210,000","223,000","390,000","-331,000","41,000","-104,000","27,000","-230,000","378,000","-101,000","-51,000","-236,000","15,000","64,000","52,000","51,000","201,000","33,000","-27,000","-87,000","45,000","-283,000","-76,000","250,000","-82,000","-179,000","155,000",,,,,,,,,"262,000",,,,,,,,,,,,,,,,,,,,,,,,,,,,,,,,,,,,
	InterestIncomeNonOperating,,,"292,000",,,,,,,,,,,,,,,,,,,,,,,,,,,,,,,,,,,,,,,,,,,,,,,"262,000",,,,,,,,,,,,,,,,,,,,,,,,,,,,,,,,,,,,
	InterestExpenseNonOperating,,,,,,,"738,000",,"150,000",,,,,,,,,,,,,,,,,,,,,,,,,,,,,,,,,,,,,,,,,,,,,,,,,,,,,,,,,,,,,,,,,,,,,,,,,,,,,
	TotalOtherFinanceCost,,"-310,000",,"-194,000","243,000","-441,000","739,000","361,000",,"20,000","31,000","-202,000","-111,000","6,000","-210,000","-223,000","-390,000","331,000","-41,000","104,000","-27,000","230,000","-378,000","101,000","51,000","236,000","-15,000","-64,000","-52,000","-51,000","-201,000","-33,000","27,000","87,000","-45,000","283,000","76,000","-250,000","82,000","179,000","-155,000",,,,,,,,,,,,,,,,,,,,,,,,,,,,,,,,,,,,,,,,,,,,,
OtherIncomeExpense,,,"-3,183,000",,,,,,,,"0",,,"-92,000","-576,000",,,,,,,,,,,,,,,,"0",,,"-57,000","-232,000","-8,000","-9,000","52,000","-1,806,000",,"-91,000","-134,000","263,000","197,000","90,000","-348,000","-572,000","-1,011,000","437,000","261,000","-818,000","-1,736,000","-1,412,000","-309,000","-68,407,000",,"-1,471,000",,,,,,,,,,,,,,,,,,"0","-800,000",,,,,,"359,000",,,,
	SpecialIncomeCharges,,,"-3,183,000",,,,"0","0","0","0","0","0","0","-92,000","-576,000",,,,,,,,,,,,"0","0","0","0","0","0","0","-57,000","-232,000","-8,000","-9,000","52,000","-1,806,000","0","-91,000","-134,000","263,000","197,000","90,000","-348,000","-572,000","-1,011,000","437,000","261,000","-818,000","-1,736,000","-1,412,000","-309,000","-68,407,000",,"-1,471,000",,,,,,,,,,,,,,,,,,"0","-800,000",,,,,,"359,000",,,,
		RestructuringAndMergernAcquisition,,,,,,,"0","0","0","0","0","0","0","92,000","576,000",,,,,,,,,,,,"0","0","0","0","0","0","0","57,000","232,000","8,000","9,000","-52,000","1,806,000","0","91,000","-8,000","19,000","4,000","-122,000","-11,000","542,000","375,000","-33,000","1,000","934,000","1,743,000","1,202,000","633,000","1,930,000",,"1,471,000",,,,,,,,,,,,,,,,,,,,,,,,,,,,,
		ImpairmentOfCapitalAssets,,,"3,183,000",,,,,,,,,,,,,,,,,,,,,,,,,,,,,,,,,,,,,,,,,,,,,,,,,,,,,,,,,,,,,,,,,,,,,,,,,,,,,,,,,,,
		OtherSpecialCharges,,,,,,,,,,,,,,,,,,,,,,,,,,,,,,,,,,,,,,,,,,"142,000","-282,000","-201,000","32,000","359,000",,"636,000","-404,000","-262,000","-116,000","-7,000","210,000","-324,000",,,,,,,,,,,,,,,,,,,,,,,,,,,,,,,,
PretaxIncome,"-14,639,000","-2,963,000","-5,378,000","-1,901,000","-4,396,000","-6,641,000","-7,037,000","-3,664,000","-3,352,000","-4,007,000","-1,814,000","-1,198,000","-1,559,000","-2,789,000","-3,502,000","-2,617,000","-2,535,000","-805,000","875,000","320,000","-626,000","-645,000","3,122,000","3,035,000","3,712,000","3,087,000","3,417,000","2,763,000","3,721,000","9,520,000","7,961,000","2,978,000","7,726,000","9,294,000","9,923,000","7,464,000","7,343,000","6,579,000","4,423,000","5,163,000","5,628,000","3,668,000","2,405,000","1,755,000","821,000","-425,000","745,000","78,000","592,000","205,000","-781,000","-2,584,000","-6,316,000","-7,057,000","-78,729,000","-2,791,000","-2,979,000","-3,130,000","-1,932,000","-823,000","-965,000","-1,931,000","-4,339,000","519,000","-1,091,000","1,339,000","2,035,000","1,558,000","1,362,000","1,665,000","1,140,000","221,000","-535,000","-2,555,000","-2,648,000","-1,672,000","-855,000","-1,686,000","-1,089,000","530,000","1,116,000","1,420,000","-209,000","-890,000","-2,055,000","-2,558,378"
TaxProvision,"3,402,000","1,187,000","1,622,000","506,000","88,000","956,000","26,412,000","-930,000","300,000","-3,479,000","-484,000","-511,000","-849,000","-98,000","-388,000","-535,000","-439,000","-381,000","3,509,000","-270,000","-815,000","-1,162,000","185,000","1,145,000","1,498,000","1,025,000","620,000","1,269,000","1,572,000","3,553,000","2,210,000","1,217,000","3,030,000","3,039,000","3,101,000","2,640,000","2,791,000","1,848,000","-19,476,000","170,000","808,000","169,000","292,000","1,129,000","878,000","152,000","589,000","28,000","275,000","501,000","-80,000","247,000","322,000","264,000","322,000","9,433,000","-1,039,000","-617,000","-3,000,000","116,000","-264,000","424,000","-3,909,000","-51,000","-244,000","1,071,000","-217,000","22,000","20,000","271,000","-414,000","86,000","-75,000","-713,000","-1,373,000","-441,000","-179,000","-352,000","-283,000","345,000","551,000","840,000","-2,070,000","-52,000","97,000","185,180"
NetIncomeCommonStockholders,"-18,041,000","-4,150,000","-7,000,000","-2,407,000","-4,484,000","-7,597,000","-33,449,000","-2,734,000","-3,652,000","-528,000","-1,330,000","-687,000","-710,000","-2,691,000","-3,114,000","-2,082,000","-2,096,000","-424,000","-2,634,000","590,000","189,000","517,000","2,937,000","1,890,000","2,214,000","2,062,000","2,797,000","1,494,000","2,149,000","5,967,000","5,751,000","1,761,000","4,696,000","6,255,000","6,822,000","4,824,000","4,552,000","4,731,000","23,899,000","4,993,000","4,820,000","3,499,000","2,113,000","626,000","-57,000","-577,000","156,000","50,000","317,000","-296,000","-701,000","-2,831,000","-6,638,000","-7,321,000","-79,051,000","-12,224,000","-1,940,000","-2,513,000","1,068,000","-939,000","-701,000","-2,355,000","-430,000","570,000","-847,000","268,000","2,252,000","1,536,000","1,342,000","1,394,000","1,554,000","135,000","-460,000","-1,842,000","-1,275,000","-1,231,000","-676,000","-1,334,000","-806,000","185,000","565,000","580,000","1,861,000","-838,000","-2,152,000","-2,743,558"
	NetIncome,"-18,041,000","-4,150,000","-7,000,000","-2,407,000","-4,484,000","-7,597,000","-33,449,000","-2,734,000","-3,652,000","-528,000","-1,330,000","-687,000","-710,000","-2,691,000","-3,114,000","-2,082,000","-2,096,000","-424,000","-2,634,000","590,000","189,000","517,000","2,937,000","1,890,000","2,214,000","2,062,000","2,797,000","1,494,000","2,149,000","5,967,000","5,751,000","1,761,000","4,696,000","6,255,000","6,822,000","4,824,000","4,552,000","4,731,000","23,899,000","4,993,000","4,820,000","3,499,000","2,113,000","626,000","-57,000","-577,000","156,000","50,000","317,000","-296,000","-701,000","-2,831,000","-6,638,000","-7,321,000","-79,051,000","-12,224,000","-1,940,000","-2,513,000","1,068,000","-939,000","-701,000","-2,355,000","-430,000","570,000","-847,000","268,000","2,252,000","1,536,000","1,342,000","1,394,000","1,554,000","135,000","-460,000","-1,842,000","-1,275,000","-1,231,000","-676,000","-1,334,000","-806,000","185,000","565,000","580,000","1,861,000","-838,000","-2,152,000","-2,743,558"
		NetIncomeIncludingNoncontrollingInterests,"-18,041,000","-4,150,000","-7,000,000","-2,407,000","-4,484,000","-7,597,000","-33,449,000","-2,734,000","-3,652,000","-528,000","-1,330,000","-687,000","-710,000","-2,691,000","-3,114,000","-2,082,000","-2,096,000","-424,000","-2,634,000","590,000","189,000","517,000","2,937,000","1,890,000","2,214,000","2,062,000","2,797,000","1,494,000","2,149,000","5,967,000","5,751,000","1,761,000","4,696,000","6,255,000","6,822,000","4,824,000","4,552,000","4,731,000","23,899,000","4,993,000","4,820,000","3,499,000","2,113,000","626,000","-57,000","-577,000","156,000","50,000","317,000","-296,000","-701,000","-2,831,000","-6,638,000","-7,321,000","-79,051,000","-12,224,000","-1,940,000","-2,513,000","1,068,000","-939,000","-701,000","-2,355,000","-430,000","570,000","-847,000","268,000","2,252,000","1,536,000","1,342,000","1,394,000","1,554,000","135,000","-460,000","-1,842,000","-1,275,000","-1,231,000","-676,000","-1,334,000","-806,000","185,000","565,000","580,000","1,861,000","-838,000","-2,152,000","-2,743,558"
			NetIncomeContinuousOperations,"-18,041,000","-4,150,000","-7,000,000","-2,407,000","-4,484,000","-7,597,000","-33,449,000","-2,734,000","-3,652,000","-528,000","-1,330,000","-687,000","-710,000","-2,691,000","-3,114,000","-2,082,000","-2,096,000","-424,000","-2,634,000","590,000","189,000","517,000","2,937,000","1,890,000","2,214,000","2,062,000","2,797,000","1,494,000","2,149,000","5,967,000","5,751,000","1,761,000","4,696,000","6,255,000","6,822,000","4,824,000","4,552,000","4,731,000","23,899,000","4,993,000","4,820,000","3,499,000","2,113,000","626,000","-57,000","-577,000","156,000","50,000","317,000","-296,000","-701,000","-2,831,000","-6,638,000","-7,321,000","-79,051,000","-12,224,000","-1,940,000","-2,513,000","1,068,000","-939,000","-701,000","-2,355,000","-430,000","570,000","-847,000","268,000","2,252,000","1,536,000","1,342,000","1,394,000","1,554,000","135,000","-460,000","-1,842,000","-1,275,000","-1,231,000","-676,000","-1,334,000","-806,000","185,000","565,000","580,000","1,861,000","-838,000","-2,152,000","-2,743,558"
DilutedNIAvailtoComStockholders,"-18,041,000","-4,150,000","-7,000,000","-2,407,000","-4,484,000","-7,597,000","-33,449,000","-2,734,000","-3,652,000","-528,000","-1,330,000","-687,000","-710,000","-2,691,000","-3,114,000","-2,082,000","-2,096,000","-424,000","-2,634,000","590,000","189,000","517,000","2,937,000","1,890,000","2,214,000","2,062,000","2,797,000","1,494,000","2,149,000","5,967,000","5,751,000","1,761,000","4,696,000","6,255,000","6,822,000","4,824,000","4,552,000","4,731,000","23,899,000","4,993,000","4,820,000","3,499,000","2,113,000","626,000","-57,000","-577,000","156,000","50,000","317,000","-296,000","-701,000","-2,831,000","-6,638,000","-7,321,000","-79,051,000","-12,224,000","-1,940,000","-2,513,000","1,068,000","-939,000","-701,000","-2,355,000","-430,000","570,000","-847,000","268,000","2,252,000","1,536,000","1,342,000","1,394,000","1,554,000","135,000","-460,000","-1,842,000","-1,275,000","-1,231,000","-676,000","-1,334,000","-806,000","185,000","565,000","580,000","1,861,000","-838,000","-2,152,000","-2,743,558"
BasicEPS,,"-0.11","-0.19","-0.06","-0.12","-0.21","-0.91","-0.08","-0.11","-0.02","-0.04","-0.02","-0.02","-0.08","-0.1","-0.06","-0.07","-0.01","-0.08","0.02","0.01","0.02","0.09","0.06","0.07","0.07","0.09","0.05","0.07","0.19","0.19","0.06","0.15","0.21","0.23","0.16","0.15","0.16","0.14","0.17","0.17","0.12",,"0.02","0","-0.02",,"0","0.01","-0.01",,"-0.11","-0.25","-0.28",,"-0.44","-0.07","-0.09",,"-0.03","-0.02","-0.08",,"0.02","-0.03","0.01",,"0.06","0.05","0.05",,"0.01","-0.02","-0.07",,"-0.05","-0.03","-0.06",,"0.01","0.03","0.03",,"-0.12","-0.25","-0.19"
DilutedEPS,,"-0.11","-0.19","-0.06","-0.12","-0.21","-0.91","-0.08","-0.11","-0.02","-0.04","-0.02","-0.02","-0.08","-0.1","-0.06","-0.07","-0.01","-0.08","0.02","0.01","0.02","0.09","0.06","0.07","0.07","0.09","0.05","0.07","0.18","0.18","0.05","0.15","0.2","0.21","0.15","0.15","0.15","0.13","0.17","0.16","0.12",,"0.02","0","-0.02",,"0","0.01","-0.01",,"-0.11","-0.25","-0.28",,"-0.44","-0.07","-0.09",,"-0.03","-0.02","-0.08",,"0.02","-0.03","0.01",,"0.06","0.05","0.05",,"0.01","-0.02","-0.07",,"-0.05","-0.03","-0.06",,"0.008","0.02","0.02",,"-0.12","-0.25","-0.19"
BasicAverageShares,,"37,606,000","37,348,000","37,221,000","37,004,000","36,974,000","36,727,000","35,479,000","32,886,000","32,703,000","32,429,000","32,392,000","32,339,000","32,485,000","32,306,000","32,184,000","31,962,000","32,168,000","31,971,000","32,078,000","32,191,000","31,991,000","31,636,000","31,413,000","31,276,000","31,168,000","31,323,000","31,516,000","31,522,000","31,336,000","31,028,000","30,876,000","30,590,000","30,477,000","30,303,000","30,000,000","29,650,000","29,353,000","29,134,000","28,720,000","28,560,000","28,384,000",,"28,124,000","28,110,000","27,810,000",,"27,413,000","27,118,000","26,929,000",,"26,499,000","26,328,000","26,092,000",,"27,540,000","27,608,000","27,840,000",,"28,223,000","28,155,000","27,980,000",,"26,860,000","26,680,000","26,542,000",,"26,101,000","25,862,000","25,696,000",,"25,293,000","25,337,000","25,301,000",,"23,002,000","22,614,000","22,488,000",,"22,127,000","21,814,000","21,638,000",,"19,834,000","8,521,000","14,397,693"
DilutedAverageShares,,"37,606,000","37,348,000","37,221,000","37,004,000","36,974,000","36,727,000","35,479,000","32,886,000","32,703,000","32,429,000","32,392,000","32,339,000","32,485,000","32,306,000","32,184,000","31,962,000","32,168,000","31,971,000","32,969,000","33,461,000","33,594,000","33,293,000","32,373,000","32,023,000","31,722,000","31,858,000","32,106,000","32,400,000","32,291,000","31,831,000","32,079,000","31,882,000","31,965,000","31,954,000","31,623,000","31,154,000","30,815,000","30,905,000","30,180,000","29,560,000","29,046,000",,"28,348,000","28,110,000","27,810,000",,"27,581,000","27,357,000","26,929,000",,"26,499,000","26,328,000","26,092,000",,"27,540,000","27,608,000","27,840,000",,"28,223,000","28,155,000","27,980,000",,"27,621,000","26,680,000","28,223,000",,"27,779,000","26,986,000","27,129,000",,"25,983,000","25,337,000","25,301,000",,"23,002,000","22,614,000","22,488,000",,"23,133,000","22,943,000","23,441,000",,"19,834,000","14,397,693","14,397,693"
TotalOperatingIncomeAsReported,,,,,,,,,,,,"-1,400,000","-1,670,000","-2,783,000","-3,712,000","-2,840,000","-2,925,000","-474,000","834,000","424,000","-653,000","-415,000","2,744,000","3,136,000","3,763,000","3,323,000","3,402,000","2,699,000","3,669,000","9,469,000","7,760,000","2,945,000","7,753,000","9,381,000","9,878,000","7,747,000","7,419,000","6,329,000","4,505,000","5,342,000","5,473,000","3,810,000","2,123,000","1,554,000","853,000","-66,000","775,000","714,000","188,000","-57,000","-897,000","-2,591,000","-6,106,000","-7,381,000","-78,685,000","-2,448,000","-3,230,000","-3,619,000","-2,476,000","-1,145,000","-1,494,000","-7,427,000","-4,828,000","-373,000","-1,902,000","704,000","1,462,000","1,095,000","1,012,000","1,393,000","906,000","71,000","-673,000","-2,708,000","-2,845,000","-1,950,000","-1,200,000","-2,061,000","-1,498,000","87,000","778,000","1,061,000","-38,327,000","10,611,000","-2,202,000","-2,690,284"
TotalExpenses,"132,366,000","36,771,000","32,373,000","31,650,000","31,572,000","31,282,000","28,666,000","26,415,000","24,611,000","25,145,000","24,345,000","23,314,000","22,238,000","23,232,000","22,861,000","23,053,000","24,044,000","25,211,000","25,943,000","26,093,000","24,942,000","24,704,000","25,689,000","24,123,000","22,925,000","21,758,000","20,670,000","21,179,000","19,541,000","17,348,000","18,301,000","19,461,000","16,857,000","17,648,000","16,968,000","17,734,000","17,348,000","17,833,000","17,504,000","17,209,000","16,967,000","16,841,000","15,454,000","15,381,000","16,429,000","15,094,000","14,901,000","13,739,000","15,197,000","15,308,000","14,750,000","14,726,000","14,487,000","16,938,000","23,736,000","21,213,000","22,873,000","23,966,000","27,031,000","25,213,000","25,192,000","29,569,000","23,781,000","19,737,000","19,912,000","19,153,000","17,560,000","17,362,000","17,344,000","16,700,000","17,145,000","16,379,000","15,842,000","15,384,000","14,914,000","12,450,000","11,290,000","11,128,000","10,492,000","10,950,000","11,458,000","10,396,000","48,693,000","-1,385,000","10,548,000","10,224,256"
NetIncomeFromContinuingAndDiscontinuedOperation,"-18,041,000","-4,150,000","-7,000,000","-2,407,000","-4,484,000","-7,597,000","-33,449,000","-2,734,000","-3,652,000","-528,000","-1,330,000","-687,000","-710,000","-2,691,000","-3,114,000","-2,082,000","-2,096,000","-424,000","-2,634,000","590,000","189,000","517,000","2,937,000","1,890,000","2,214,000","2,062,000","2,797,000","1,494,000","2,149,000","5,967,000","5,751,000","1,761,000","4,696,000","6,255,000","6,822,000","4,824,000","4,552,000","4,731,000","23,899,000","4,993,000","4,820,000","3,499,000","2,113,000","626,000","-57,000","-577,000","156,000","50,000","317,000","-296,000","-701,000","-2,831,000","-6,638,000","-7,321,000","-79,051,000","-12,224,000","-1,940,000","-2,513,000","1,068,000","-939,000","-701,000","-2,355,000","-430,000","570,000","-847,000","268,000","2,252,000","1,536,000","1,342,000","1,394,000","1,554,000","135,000","-460,000","-1,842,000","-1,275,000","-1,231,000","-676,000","-1,334,000","-806,000","185,000","565,000","580,000","1,861,000","-838,000","-2,152,000","-2,743,558"
NormalizedIncome,"-16,131,200","-4,150,000","-7,000,000","-2,407,000","-4,484,000","-7,597,000","-33,449,000","-2,734,000","-3,652,000","-528,000","-1,330,000","-687,000","-710,000","-2,602,680","-3,114,000","-2,082,000","-2,096,000","-424,000","-2,634,000","590,000","189,000","517,000","2,937,000","1,890,000","2,214,000","2,062,000","2,797,000","1,494,000","2,149,000","5,967,000","5,751,000","1,761,000","4,696,000","6,293,361","6,981,498.539","4,829,170.418","4,557,579.191","4,693,606.8","25,072,900","4,993,000","4,897,935.323","3,626,826.063","1,881,931.809","497,950","-115,500","-350,800","527,800","698,076.923","32,950","-465,650","33,209.987","-1,702,600","-5,720,200","-7,120,150","-34,586,450","-12,224,000","-982,047.667","-2,513,000","1,068,000","-939,000","-701,000","-2,355,000","-430,000","570,000","-847,000","268,000","2,252,000","1,536,000","1,342,000","1,394,000","1,554,000","135,000","-460,000","-1,842,000","-1,275,000","-642,004.785","-676,000","-1,334,000","-806,000","185,000","565,000","364,600","1,861,000","-838,000","-2,152,000","-2,743,558"
InterestIncome,,,"292,000",,,,,,,,,,,,,,,,,,,,,,,,,,,,,,,,,,,,,,,,,,,,,,,"262,000",,,,,,,,,,,,,,,,,,,,,,,,,,,,,,,,,,,,
InterestExpense,,,,,,,"738,000",,"150,000",,,,,,,,,,,,,,,,,,,,,,,,,,,,,,,,,,,,,,,,,,,,,,,,,,,,,,,,,,,,,,,,,,,,,,,,,,,,,
NetInterestIncome,"552,000","310,000","292,000","194,000","-243,000","441,000","-739,000","-361,000","-150,000","-20,000","-31,000","202,000","111,000","-6,000","210,000","223,000","390,000","-331,000","41,000","-104,000","27,000","-230,000","378,000","-101,000","-51,000","-236,000","15,000","64,000","52,000","51,000","201,000","33,000","-27,000","-87,000","45,000","-283,000","-76,000","250,000","-82,000","-179,000","155,000",,,,,,,,,"262,000",,,,,,,,,,,,,,,,,,,,,,,,,,,,,,,,,,,,
EBIT,"-12,008,000","-3,273,000","-2,487,000","-2,095,000","-4,153,000","-7,082,000","-6,298,000","-3,303,000","-3,202,000","-3,987,000","-1,783,000","-1,400,000","-1,670,000","-2,691,000","-3,136,000","-2,840,000","-2,925,000","-474,000","834,000","424,000","-653,000","-415,000","2,744,000","3,136,000","3,763,000","3,323,000","3,402,000","2,699,000","3,669,000","9,469,000","7,760,000","2,945,000","7,753,000","9,438,000","10,110,000","7,755,000","7,428,000","6,277,000","6,311,000","5,342,000","5,564,000","3,802,000","2,142,000","1,558,000","731,000","-77,000","1,317,000","1,089,000","155,000","-56,000","37,000","-848,000","-4,904,000","-6,748,000","-9,925,000","-2,448,000","-1,759,000","-3,619,000","-2,476,000","-1,145,000","-1,494,000","-7,427,000","-4,828,000","-373,000","-1,902,000","704,000","1,462,000","1,095,000","1,012,000","1,393,000","906,000","71,000","-673,000","-2,708,000","-2,845,000","-1,150,000","-1,200,000","-2,061,000","-1,498,000","87,000","778,000","1,061,000","-38,327,000","10,611,000","-2,202,000","-2,690,284"
EBITDA,"-2,776,000"
ReconciledCostOfRevenue,"37,082,000","9,596,000","9,709,000","9,154,000","8,622,000","8,410,000","7,870,000","7,695,000","7,094,000","6,676,000","7,193,000","6,899,000","6,347,000","6,431,000","8,299,000","9,381,000","9,503,000","10,077,000","10,897,000","11,033,000","10,088,000","10,244,000","11,040,000","10,406,000","9,700,000","9,345,000","9,257,000","9,490,000","9,256,000","8,199,000","8,998,000","11,094,000","8,365,000","9,247,000","9,141,000","10,121,000","9,424,000","9,399,000","9,207,000","9,333,000","8,700,000","8,482,000","7,962,000","7,539,000","7,150,000","5,662,000","6,210,000","5,600,000","5,694,000","6,051,000","6,032,000","4,959,000","4,491,000","5,876,000","9,935,000","6,719,000","6,777,000","7,242,000","8,919,000","7,555,000","6,601,000","7,258,000","7,150,000","6,420,000","6,084,000","5,870,000","5,803,000","5,842,000","5,328,000","5,330,000","5,647,000","5,262,000","4,743,000","3,700,000","2,655,000","3,230,000","3,514,000","3,444,000","5,574,000","1,656,000","4,333,000","3,534,000","3,339,000","2,637,000","2,617,610","2,246,191"
ReconciledDepreciation,"9,232,000","2,247,000","2,279,000","2,230,000","2,476,000","2,567,000","2,189,000","1,972,000","2,026,000","1,984,000","2,039,000","1,990,000","1,639,000","1,544,000","1,531,000","1,410,000","1,522,000","1,514,000","1,491,000","1,505,000","1,383,000","1,279,000","1,188,000","1,152,000","1,071,000","978,000","930,000","851,000","632,000","605,000","551,000","520,000","494,000","476,000","442,000","405,000","336,000","276,000","220,000","175,000","257,000","297,000","313,000","318,000","320,000","338,000","402,000","620,000","676,000","716,000","773,000","757,000","819,000","860,000","1,420,000","1,258,000","1,316,000","1,349,000","1,600,000","2,861,000","3,149,000","3,097,000","2,797,000","1,873,000","2,091,000","2,071,000","2,046,000","2,075,000","2,040,000","2,078,000","2,099,000","2,242,000","2,363,000","2,414,000","2,378,000","1,327,000","623,000","525,000","-1,699,000","2,634,000","-331,000","1,118,000","-5,633,000","1,732,000","2,440,390","2,866,610"
NetIncomeFromContinuingOperationNetMinorityInterest,"-18,041,000","-4,150,000","-7,000,000","-2,407,000","-4,484,000","-7,597,000","-33,449,000","-2,734,000","-3,652,000","-528,000","-1,330,000","-687,000","-710,000","-2,691,000","-3,114,000","-2,082,000","-2,096,000","-424,000","-2,634,000","590,000","189,000","517,000","2,937,000","1,890,000","2,214,000","2,062,000","2,797,000","1,494,000","2,149,000","5,967,000","5,751,000","1,761,000","4,696,000","6,255,000","6,822,000","4,824,000","4,552,000","4,731,000","23,899,000","4,993,000","4,820,000","3,499,000","2,113,000","626,000","-57,000","-577,000","156,000","50,000","317,000","-296,000","-701,000","-2,831,000","-6,638,000","-7,321,000","-79,051,000","-12,224,000","-1,940,000","-2,513,000","1,068,000","-939,000","-701,000","-2,355,000","-430,000","570,000","-847,000","268,000","2,252,000","1,536,000","1,342,000","1,394,000","1,554,000","135,000","-460,000","-1,842,000","-1,275,000","-1,231,000","-676,000","-1,334,000","-806,000","185,000","565,000","580,000","1,861,000","-838,000","-2,152,000","-2,743,558"
TotalUnusualItemsExcludingGoodwill,"-3,183,000",,"-3,183,000",,,,"0","0","0","0","0","0","0","-92,000","-576,000",,,,,,,,,,,,"0","0","0","0","0","0","0","-57,000","-232,000","-8,000","-9,000","52,000","-1,806,000","0","-91,000","-134,000","263,000","197,000","90,000","-348,000","-572,000","-1,011,000","437,000","261,000","-818,000","-1,736,000","-1,412,000","-309,000","-68,407,000",,"-1,471,000",,,,,,,,,,,,,,,,,,"0","-800,000",,,,,,"359,000",,,,
TotalUnusualItems,"-3,183,000",,"-3,183,000",,,,"0","0","0","0","0","0","0","-92,000","-576,000",,,,,,,,,,,,"0","0","0","0","0","0","0","-57,000","-232,000","-8,000","-9,000","52,000","-1,806,000","0","-91,000","-134,000","263,000","197,000","90,000","-348,000","-572,000","-1,011,000","437,000","261,000","-818,000","-1,736,000","-1,412,000","-309,000","-68,407,000",,"-1,471,000",,,,,,,,,,,,,,,,,,"0","-800,000",,,,,,"359,000",,,,
NormalizedEBITDA,"407,000","-1,026,000","-208,000","135,000","-1,677,000","-4,515,000","-4,109,000","-1,331,000","-1,176,000","-2,003,000","256,000","590,000","-31,000","-1,055,000","-1,605,000","-1,430,000","-1,403,000","1,040,000","2,325,000","1,929,000","730,000","864,000","3,932,000","4,288,000","4,834,000","4,301,000","4,332,000","3,550,000","4,301,000","10,074,000","8,311,000","3,465,000","8,247,000","9,971,000","10,784,000","8,168,000","7,773,000","6,501,000","8,337,000","5,517,000","5,912,000","4,233,000","2,192,000","1,679,000","961,000","609,000","2,291,000","2,720,000","394,000","399,000","1,628,000","1,645,000","-2,673,000","-5,579,000","59,902,000","-1,190,000","1,028,000","-2,270,000","-876,000","1,716,000","1,655,000","-4,330,000","-2,031,000","1,500,000","189,000","2,775,000","3,508,000","3,170,000","3,052,000","3,471,000","3,005,000","2,313,000","1,690,000","-294,000","-467,000","977,000","-577,000","-1,536,000","-985,000","2,721,000","778,000","1,820,000","-38,327,000","12,343,000","238,390","176,326"
TaxRateForCalcs,"0.4","0.4","0.27","0.27","0.27","0.27","0.27","0.254","0.27","0.27","0.267","0.27","0.27","0.04","0.111","0.204","0.173","0.27","0.4","0.4","0.4","0.4","0.059","0.377","0.4","0.332","0.181","0.4","0.4","0.373","0.278","0.35","0.392","0.327","0.313","0.354","0.38","0.281","0.35","0.033","0.144","0.046","0.121","0.35","0.35","0.35","0.35","0.359","0.35","0.35","0.102","0.35","0.35","0.35","0.35","0.35","0.349","0.197","0.35","0.35","0.274","0.35","0.4","0.4","0.224","0.4","0.4","0.014","0.015","0.163","0.4","0.389","0.14","0.279","0.4","0.264","0.209","0.209","0.26","0.4","0.4","0.4","0.4","0.058","0.4","0.4"
TaxEffectOfUnusualItems,"-1,273,200","0","0","0","0","0","0","0","0","0","0","0","0","-3,680","0","0","0","0","0","0","0","0","0","0","0","0","0","0","0","0","0","0","0","-18,639","-72,501.461","-2,829.582","-3,420.809","14,606.8","-632,100","0","-13,064.677","-6,173.937","31,931.809","68,950","31,500","-121,800","-200,200","-362,923.077","152,950","91,350","-83,790.013","-607,600","-494,200","-108,150","-23,942,450","0","-513,047.667","0","0","0","0","0","0","0","0","0","0","0","0","0","0","0","0","0","0","-211,004.785","0","0","0","0","0","143,600","0","0","0","0"