name,ttm,03/31/2022,12/31/2021,09/30/2021,06/30/2021,03/31/2021,12/31/2020,09/30/2020,06/30/2020,03/31/2020,12/31/2019,09/30/2019,06/30/2019,03/31/2019,12/31/2018,09/30/2018,06/30/2018,03/31/2018,12/31/2017,09/30/2017,06/30/2017,03/31/2017,12/31/2016,09/30/2016,06/30/2016,03/31/2016,12/31/2015,09/30/2015,06/30/2015,03/31/2015,12/31/2014,09/30/2014,06/30/2014,03/31/2014,12/31/2013,09/30/2013,06/30/2013,03/31/2013,12/31/2012,09/30/2012,06/30/2012,03/31/2012,12/31/2011,09/30/2011,06/30/2011,03/31/2011,12/31/2010,09/30/2010,06/30/2010,03/31/2010,12/31/2009,09/30/2009,06/30/2009,03/31/2009,12/31/2008,09/30/2008,06/30/2008,03/31/2008,12/31/2007,09/30/2007,06/30/2007,03/31/2007,12/31/2006,09/30/2006,06/30/2006,03/31/2006,12/31/2005,09/30/2005
TotalRevenue,"535,602,000","136,149,000","138,164,000","131,071,000","130,218,000","129,257,000","131,529,000","131,693,000","134,631,000","137,171,000","134,153,000","135,421,000","130,668,000","132,936,000","137,185,000","129,708,000","129,174,000","129,900,000","139,444,000","137,587,000","148,679,000","148,463,000","143,911,000","138,485,000","135,307,000","138,012,000","139,461,000","148,815,000","146,734,000","149,759,000","146,711,000","144,641,000","138,580,000","136,320,000","141,448,000","145,118,000","134,793,000","134,304,000","136,079,000","134,891,000","133,716,000","133,197,000","137,493,000","134,414,000","150,544,000","146,554,000","151,311,000","145,502,000","145,181,000","148,436,000","151,016,000","150,540,000","149,579,000","153,748,000","155,416,000","155,295,000","152,161,000","159,093,000","149,010,000","149,861,000","146,164,000","148,216,000","139,507,000","154,614,000","141,107,000","139,049,000","136,648,000","140,555,000"
	OperatingRevenue,"535,602,000","136,149,000","138,164,000","131,071,000","130,218,000","129,257,000","131,529,000","131,693,000","134,631,000","137,171,000","134,153,000","135,421,000","130,668,000","132,936,000","112,653,000","106,538,000","107,127,000","106,906,000","115,073,000","113,791,000","124,635,000","123,963,000","119,950,000","114,322,000","112,221,000","115,261,000","116,056,000","118,542,000","117,921,000","118,369,000","116,416,000","115,062,000","113,835,000","111,391,000","114,049,000","117,700,000","110,518,000","108,652,000","28,246,000","134,891,000","133,716,000","133,197,000","137,493,000","134,414,000","150,544,000","146,554,000","151,311,000","145,502,000","145,181,000","148,436,000","151,016,000","150,540,000","149,579,000","153,748,000","155,416,000","155,295,000","152,161,000","159,093,000","149,010,000","149,861,000","146,164,000","148,216,000","139,507,000","154,614,000","141,107,000","139,049,000","136,648,000","140,555,000"
CostOfRevenue,"213,130,000","53,622,000","56,083,000","51,767,000","51,658,000","51,424,000","55,302,000","53,293,000","53,148,000","53,190,000","52,582,000","54,613,000","52,380,000","51,805,000","55,163,000","49,679,000","52,637,000","51,859,000","55,377,000","54,090,000","55,779,000","55,384,000","57,496,000","54,867,000","52,280,000","54,188,000","54,608,000","61,677,000","61,479,000","64,236,000","62,002,000","62,027,000","57,136,000","58,271,000","58,559,000","58,767,000","53,009,000","52,892,000","55,097,000","51,645,000","53,699,000","52,782,000","55,453,000","51,062,000","58,740,000","54,957,000","60,401,000","46,612,000","55,497,000","55,369,000","59,390,000","56,675,000","54,552,000","59,194,000","54,862,000","53,726,000","55,401,000","57,290,000","51,456,000","55,678,000","52,782,000","52,263,000","80,926,000","50,460,000","48,217,000","47,416,000","77,372,000","47,430,000"
GrossProfit,"322,472,000","82,527,000","82,081,000","79,304,000","78,560,000","77,833,000","76,227,000","78,400,000","81,483,000","83,981,000","81,571,000","80,808,000","78,288,000","81,131,000","82,022,000","80,029,000","76,537,000","78,041,000","84,067,000","83,497,000","92,900,000","93,079,000","86,415,000","83,618,000","83,027,000","83,824,000","84,853,000","87,138,000","85,255,000","85,523,000","84,709,000","82,614,000","81,444,000","78,049,000","82,889,000","86,351,000","81,784,000","81,412,000","80,982,000","83,246,000","80,017,000","80,415,000","82,040,000","83,352,000","91,804,000","91,597,000","90,910,000","98,890,000","89,684,000","93,067,000","91,626,000","93,865,000","95,027,000","94,554,000","100,554,000","101,569,000","96,760,000","101,803,000","97,554,000","94,183,000","93,382,000","95,953,000","58,581,000","104,154,000","92,890,000","91,633,000","59,276,000","93,125,000"
OperatingExpense,"239,955,000","61,362,000","61,801,000","57,890,000","58,902,000","58,266,000","56,975,000","56,714,000","57,486,000","60,158,000","55,170,000","54,586,000","57,227,000","53,593,000","51,547,000","48,369,000","50,618,000","50,430,000","53,856,000","54,741,000","57,409,000","59,779,000","59,782,000","57,679,000","57,286,000","57,452,000","55,915,000","53,456,000","59,077,000","57,309,000","55,920,000","55,415,000","54,888,000","52,772,000","48,486,000","50,504,000","48,359,000","43,086,000","45,317,000","49,299,000","44,141,000","45,502,000","48,769,000","45,955,000","51,241,000","45,922,000","46,031,000","43,835,000","44,540,000","44,097,000","47,251,000","47,427,000","49,585,000","47,380,000","50,153,000","48,778,000","49,649,000","48,250,000","56,237,000","50,448,000","52,024,000","53,954,000","26,581,000","55,130,000","53,538,000","49,314,000","21,330,000","48,353,000"
	SellingGeneralAndAdministration,"30,596,000","7,595,000","7,835,000","6,955,000","8,211,000","7,251,000","7,415,000","5,469,000","5,937,000","8,643,000","8,159,000","7,950,000","12,418,000","9,368,000","8,226,000","6,677,000","8,258,000","6,552,000","7,880,000","6,618,000","8,036,000","8,596,000","5,726,000","7,429,000","8,328,000","7,864,000","7,642,000","8,236,000","8,083,000","6,407,000","6,306,000","5,814,000","7,145,000","4,555,000","5,205,000","5,841,000","6,288,000","4,549,000","5,137,000","5,508,000","4,865,000","5,257,000","6,207,000","4,673,000","7,697,000","6,824,000","7,823,000","6,806,000","7,952,000","6,630,000","3,989,000","6,644,000","9,329,000","8,308,000","9,253,000","8,511,000","9,623,000","7,648,000","8,461,000","8,891,000","11,093,000","13,347,000","-14,770,000","12,387,000","14,178,000","10,133,000","-14,386,000","10,020,000"
		GeneralAndAdministrativeExpense,"30,596,000","7,595,000","7,835,000","6,955,000","8,211,000","7,251,000","7,415,000","5,469,000","5,937,000","8,643,000","8,159,000","7,950,000","12,418,000","9,368,000","8,226,000","6,677,000","8,258,000","6,552,000","7,880,000","6,618,000","8,036,000","8,596,000","5,726,000","7,429,000","8,328,000","7,864,000","7,642,000","8,236,000","8,083,000","6,407,000","6,306,000","5,814,000","7,145,000","4,555,000","5,205,000","5,841,000","6,288,000","4,549,000","5,136,000",,,,,,,,,,,,,,,,,,,,,,,,,,,,,
			OtherGandA,"30,596,000","7,595,000","7,835,000","6,955,000","8,211,000","7,251,000","7,415,000","5,469,000","5,937,000","8,643,000","8,159,000","7,950,000","12,418,000","9,368,000","8,226,000","6,677,000","8,258,000","6,552,000","7,880,000","6,618,000","8,036,000","8,596,000","5,726,000","7,429,000","8,328,000","7,864,000","7,642,000","8,236,000","8,083,000","6,407,000","6,306,000","5,814,000","7,145,000","4,555,000","5,205,000","5,841,000","6,288,000","4,549,000","5,136,000",,,,,,,,,,,,,,,,,,,,,,,,,,,,,
	DepreciationAmortizationDepletionIncomeStatement,"209,359,000","53,767,000","53,966,000","50,935,000","50,691,000","51,015,000","49,560,000","51,245,000","51,549,000","51,515,000","47,011,000","46,636,000","44,809,000","44,225,000","43,321,000","41,692,000","42,360,000","43,878,000","45,976,000","48,123,000","49,373,000","51,183,000","54,056,000","50,250,000","48,958,000","49,588,000","48,273,000","45,220,000","50,994,000","50,902,000","49,614,000","49,601,000","47,743,000","48,217,000","43,281,000","44,663,000","42,071,000","38,537,000","40,180,000","43,791,000","39,276,000","40,245,000","42,562,000","41,282,000","43,544,000","39,098,000","38,208,000","37,029,000","36,588,000","37,467,000","43,262,000","40,783,000","40,256,000","39,072,000","40,900,000","40,267,000","40,026,000","40,602,000","47,776,000","41,557,000","40,931,000","40,607,000","44,971,000","39,998,000","39,360,000","39,181,000","36,952,000","38,269,000"
		DepreciationAndAmortizationInIncomeStatement,"209,359,000","53,767,000","53,966,000","50,935,000","50,691,000","51,015,000","49,560,000","51,245,000","51,549,000","51,515,000","47,011,000","46,636,000","44,809,000","44,225,000","43,321,000","41,692,000","42,360,000","43,878,000","45,976,000","48,123,000","49,373,000","51,183,000","54,056,000","50,250,000","48,958,000","49,588,000","48,273,000","45,220,000","50,994,000","50,902,000","49,614,000","49,601,000","47,743,000","48,217,000","43,281,000","44,663,000","42,071,000","38,537,000","40,180,000","43,791,000","39,276,000","40,245,000","42,562,000","41,282,000","43,544,000","39,098,000","38,208,000","37,029,000","36,588,000","37,467,000","43,262,000","40,783,000","40,256,000","39,072,000","40,900,000","40,267,000","40,026,000","40,602,000","47,776,000","41,557,000","40,931,000","40,607,000","44,971,000","39,998,000","39,360,000","39,181,000","36,952,000","38,269,000"
			DepreciationIncomeStatement,"124,027,000","31,515,000","31,952,000","30,562,000","29,998,000","28,103,000","27,236,000","28,255,000","27,200,000","27,884,000","26,011,000","27,131,000","26,348,000","26,525,000","26,844,000","26,852,000","27,115,000","27,145,000","28,461,000","30,000,000","30,059,000","30,768,000","32,785,000","31,610,000","31,556,000","31,782,000","31,033,000","31,199,000","36,039,000","36,232,000","35,442,000","35,366,000","34,144,000","33,644,000","31,874,000","30,785,000","30,766,000","29,420,000","29,549,000","28,489,000","27,798,000","27,453,000","27,070,000","26,375,000","27,723,000","27,022,000","26,686,000","26,011,000","25,584,000","26,080,000","27,090,000","26,792,000","26,561,000","25,630,000","25,998,000","25,248,000","24,431,000","24,069,000","23,855,000","24,026,000","23,488,000","23,400,000","24,820,000","23,311,000","22,207,000","22,232,000","21,428,000","22,046,000"
			Amortization,"85,332,000","22,252,000","22,014,000","20,373,000","20,693,000","22,912,000","22,324,000","22,990,000","24,349,000","23,631,000","21,000,000","19,505,000","18,461,000","17,700,000","16,477,000","14,840,000","15,245,000","16,733,000","17,515,000","18,123,000","19,314,000","20,415,000","21,271,000","18,640,000","17,402,000","17,806,000","17,240,000","14,021,000","14,955,000","14,670,000","14,172,000","14,235,000","13,599,000","14,573,000","11,407,000","13,878,000","11,305,000","9,117,000","10,631,000","15,302,000","11,478,000","12,792,000","15,492,000","14,907,000","15,821,000","12,076,000","11,522,000","11,018,000","11,004,000","11,387,000","16,172,000","13,991,000","13,695,000","13,442,000","14,902,000","15,019,000","15,595,000","16,533,000","23,921,000","17,531,000","17,443,000","17,207,000","20,151,000","16,687,000","17,153,000","16,949,000","15,524,000","16,223,000"
				AmortizationOfIntangiblesIncomeStatement,"85,332,000","22,252,000","22,014,000","20,373,000","20,693,000","22,912,000","22,324,000","22,990,000","24,349,000","23,631,000","21,000,000","19,505,000","18,461,000","17,700,000","16,477,000","14,840,000","15,245,000","16,733,000","17,515,000","18,123,000","19,314,000","20,415,000","21,271,000","18,640,000","17,402,000","17,806,000","17,240,000","14,021,000","14,955,000","14,670,000","14,172,000","14,235,000","13,599,000","14,573,000","11,407,000","13,878,000","11,305,000","9,117,000","10,631,000","15,302,000","11,478,000","12,792,000","15,492,000","14,907,000","15,821,000","12,076,000","11,522,000","11,018,000","11,004,000","11,387,000","16,172,000","13,991,000","13,695,000","13,442,000","14,902,000","15,019,000","15,595,000","16,533,000","23,921,000","17,531,000","17,443,000","17,207,000","20,151,000","16,687,000","17,153,000","16,949,000","15,524,000","16,223,000"
	OtherOperatingExpenses,,,,,,,,,,,,,,,,,,,,,,,,,,,,,,,,,,,,,,,,,,,,,,,,,,,,,,,,,,,,,,,"-3,620,000","2,745,000",,,,"64,000"
OperatingIncome,"82,517,000","21,165,000","20,280,000","21,414,000","19,658,000","19,567,000","19,252,000","21,686,000","23,997,000","23,823,000","26,401,000","26,222,000","21,061,000","27,538,000","30,475,000","31,660,000","25,919,000","27,611,000","30,211,000","28,756,000","35,491,000","33,300,000","26,633,000","25,939,000","25,741,000","26,372,000","28,938,000","33,682,000","26,178,000","28,214,000","28,789,000","27,199,000","26,556,000","25,277,000","34,403,000","35,847,000","33,425,000","38,326,000","35,665,000","33,947,000","35,876,000","34,913,000","33,271,000","37,397,000","40,563,000","45,675,000","44,879,000","55,055,000","45,144,000","48,970,000","44,375,000","46,438,000","45,442,000","47,174,000","50,401,000","52,791,000","47,111,000","53,553,000","41,317,000","43,735,000","41,358,000","41,999,000","32,000,000","49,024,000","39,352,000","42,319,000","37,946,000","44,772,000"
NetNonOperatingInterestIncomeExpense,"-52,610,000","-13,898,000","-13,917,000","-12,450,000","-12,345,000","-12,580,000","-13,048,000","-12,725,000","-13,953,000","-15,264,000","-14,844,000","-16,145,000","-15,112,000","-15,493,000","-15,729,000","-15,849,000","-15,687,000","-13,758,000","-15,463,000","-16,183,000","-18,421,000","-18,057,000","-16,566,000","-15,496,000","-16,413,000","-16,385,000","-17,978,000","-18,832,000","-18,172,000","-19,016,000","-18,854,000","-18,654,000","-18,012,000","-18,926,000","-20,043,000","-19,942,000","-18,299,000","-17,650,000","-16,228,000","-15,864,000","-15,658,000","-16,440,000","-16,535,000","-16,327,000","-19,566,000","-13,714,000","-16,887,000","-16,366,000","-17,897,000","-18,122,000","-18,982,000","-17,529,000","-16,171,000","-16,797,000","-18,817,000","-18,722,000","-16,937,000","-16,647,000","-15,648,000","-14,810,000","-14,875,000","-13,941,000","-15,598,000","-14,633,000","-14,864,000","-13,694,000","-12,515,000","-12,454,000"
	InterestIncomeNonOperating,,,,,,,,,,,,,,,,,,,,,,,,,,,,,,,,,,,"-392,000","-611,000","-71,000","-1,277,000","68,000","383,000","285,000","97,000","-356,000","0","0","3,460,000","491,000","993,000","1,036,000","969,000","506,000","1,989,000","1,294,000","662,000","873,000","1,076,000","1,119,000","658,000","942,000","806,000","763,000","2,088,000","611,000","949,000","470,000","511,000","677,000","604,000"
	InterestExpenseNonOperating,"52,610,000","13,898,000","13,917,000","12,450,000","12,345,000","12,580,000","13,048,000","12,725,000","13,953,000","15,264,000","14,844,000","16,145,000","15,112,000","15,493,000","15,729,000","15,849,000","15,687,000","13,758,000","15,463,000","16,183,000","18,421,000","18,057,000","16,566,000","15,496,000","16,413,000","16,385,000","17,978,000","18,832,000","18,172,000","19,016,000","18,854,000","18,654,000","18,012,000","18,926,000","20,043,000","19,942,000","18,299,000","17,650,000","16,296,000","16,247,000","15,943,000","16,537,000","16,179,000","16,327,000","19,566,000","17,174,000","17,378,000","17,359,000","18,933,000","19,091,000","19,488,000","19,518,000","17,465,000","17,459,000","19,690,000","19,798,000","18,056,000","17,305,000","16,590,000","15,616,000","15,638,000","16,029,000","16,209,000","15,582,000","15,334,000","14,205,000","13,192,000","13,058,000"
OtherIncomeExpense,"19,547,000","52,697,000","-38,118,000","2,337,000","2,631,000","2,356,000","16,404,000","-21,000","182,382,000","152,000","150,919,000","-1,658,000","2,203,000","38,164,000","-45,028,000","303,000","731,000","-1,234,000","-46,059,000","4,044,000","145,000","-89,000","462,000","-23,148,000","-8,238,000","409,000","204,000","-33,877,000","-4,634,000","-22,000","2,632,000","605,000","781,000","2,686,000","-1,022,000","3,067,000","3,716,000","234,000","-4,986,000","-7,178,000","246,000","170,000","1,626,000","485,000","-50,000","2,129,000","630,000","619,000","647,000","737,000","672,000","-37,048,000","-1,175,000","-1,221,000","126,000","-2,058,000","437,000","611,000","633,000","381,000","1,889,000","733,000","-7,091,000","461,000","480,000","581,000","411,000","538,000"
	GainOnSaleOfSecurity,,"50,673,000",,,,,"14,634,000","-340,000","191,369,000","3,000","157,640,000","32,000","1,451,000","37,887,000",,,,,,,,,,,,,,,,,,,,,,,,,,,,,,,,,,,,,,,,,,,,,,,,,,,,,,
	EarningsFromEquityInterest,,,,,,,,,,,,,,,"0","0",,"0","-27,000","3,754,000","107,000","11,000","8,000","128,000","111,000","115,000","135,000","135,000","124,000","159,000","160,000","89,000","-333,000","-266,000","-4,280,000","46,000","163,000","395,000","184,000","322,000","246,000","170,000","587,000","485,000","338,000","209,000","630,000","619,000","647,000","737,000","672,000","-1,985,000","753,000","663,000","618,000","-1,438,000","464,000","611,000","633,000","485,000","1,889,000","794,000","574,000","461,000","580,000","581,000","411,000","538,000"
	SpecialIncomeCharges,,,"-41,000,000","0","0",,"0","0","-9,336,000","3,000","-7,000,000","-1,953,000","0","0","0","0",,"-1,680,000","-46,461,000","0","0","-58,000","0","-22,556,000","-8,308,000",,"-278,000","-34,815,000","-5,354,000","0","2,478,000","-8,000","1,480,000","3,042,000","3,258,000","3,021,000","3,553,000",,"0","-7,500,000","0","0","1,039,000","0","-388,000","1,920,000","0","0",,,"0","-35,063,000","-1,928,000","-1,884,000","-492,000","-620,000","-27,000",,"0","-104,000","0","-61,000","-7,665,000","0","-100,000",,"0","0"
		RestructuringAndMergernAcquisition,,,,,,,,,,,,,,,,,,,,,,,,,,,,,,,"0","0",,,"0","898,000",,,"0",,,,,,,,,,,,,,,,,,,,,,,,,,,,,
		ImpairmentOfCapitalAssets,,,"41,000,000",,,,"0","0",,,"7,000,000","1,953,000",,,"0",,,,"46,461,000","0","0",,"0","22,590,000","8,308,000",,"0","34,815,000","5,354,000",,,,,,"1,242,000",,,,,,,,,,,,"0","0",,,"0","35,063,000",,,,,,,"0","0","0",,"7,665,000","0","100,000",,"0","0"
		WriteOff,,,,,,,,,,,,,,,,,,,,,,,,,,,,,,,,,,,"0",,,,,,,,,,,,,,,,,,,,,,,,,,,,,,,,,
		OtherSpecialCharges,,,,,,,"0",,"9,336,000",,,,,,"0",,,"1,680,000",,,,"58,000","0","-34,000",,,"278,000",,,,"-2,478,000","8,000","-1,480,000","-3,042,000","-4,500,000","-3,919,000","-3,553,000",,"0","7,500,000",,,"-1,039,000",,,,,,,,,,,,,,,,"0","104,000",,,,,,,,
		GainOnSaleOfPPE,"349,044,000",,,,,,,,"191,369,000","3,000","157,640,000","32,000","1,451,000","37,887,000",,"0",,,,,,,,,,,,,,,,,,,,,,,,,,,,,,,,,,,,,,,,,,,,,,,,,,,,
	OtherNonOperatingIncomeExpenses,"9,874,000","2,024,000","2,882,000","2,337,000","2,631,000","2,356,000","1,770,000","319,000","349,000","149,000","279,000","263,000","752,000","277,000","158,000","303,000","731,000","446,000","429,000","290,000","38,000","-42,000","454,000","-720,000","-41,000","294,000","347,000","803,000","596,000","-181,000","-6,000","524,000","-366,000","-90,000",,,,"-161,000",,,,,,,,,,,,,,,,,,,,,,,,,,,,,,
PretaxIncome,"49,454,000","59,964,000","-31,755,000","11,301,000","9,944,000","9,343,000","22,608,000","8,940,000","192,426,000","8,711,000","162,476,000","8,419,000","8,152,000","50,209,000","-30,282,000","16,114,000","10,963,000","12,619,000","-31,311,000","16,617,000","17,215,000","15,154,000","10,529,000","-12,705,000","1,090,000","10,396,000","11,164,000","-19,027,000","3,372,000","9,176,000","12,567,000","9,150,000","9,325,000","9,037,000","13,338,000","18,972,000","18,842,000","20,910,000","14,451,000","10,905,000","20,464,000","18,643,000","18,362,000","21,555,000","20,947,000","34,090,000",,,,,,,,,,,,,,,,,,,,,,
NetIncomeCommonStockholders,"49,467,000","59,964,000","-31,750,000","11,306,000","9,947,000","9,344,000","22,609,000","8,943,000","192,427,000","8,709,000","162,478,000","8,422,000","8,153,000","50,208,000","45,410,000","16,114,000","10,942,000","57,830,000","-31,383,000","126,133,000","23,710,000","15,104,000","30,189,000","-12,746,000","80,072,000","10,372,000","125,644,000","-1,875,000","29,976,000","19,245,000","12,514,000","9,162,000","12,279,000","9,393,000","29,623,000","19,096,000","35,358,000","14,651,000","14,438,000","10,831,000","30,708,000","37,227,000","119,021,000","51,026,000","21,027,000","33,967,000","28,700,000","40,584,000","19,636,000","31,460,000","25,946,000","-8,260,000","27,976,000","29,038,000","31,594,000","31,888,000","30,470,000","37,361,000","26,128,000","29,159,000","28,196,000","50,127,000","25,335,000","48,248,000","28,394,000","31,347,000","28,710,000","33,550,000"
	NetIncome,"49,467,000","59,964,000","-31,750,000","11,306,000","9,947,000","9,344,000","22,609,000","8,943,000","192,427,000","8,709,000","162,478,000","8,422,000","8,153,000","50,208,000","45,410,000","16,114,000","10,942,000","57,830,000","-31,383,000","126,133,000","23,710,000","15,104,000","30,189,000","-12,746,000","80,072,000","10,372,000","125,644,000","-1,875,000","29,976,000","19,245,000","12,514,000","9,162,000","12,279,000","9,393,000","29,623,000","19,096,000","35,358,000","14,651,000","14,438,000","10,831,000","30,708,000","37,227,000","119,021,000","51,026,000","21,027,000","33,967,000","28,700,000","40,584,000","19,636,000","31,460,000","25,946,000","-8,260,000","27,976,000","29,038,000","31,594,000","31,888,000","30,470,000","37,361,000","26,128,000","29,159,000","28,196,000","50,127,000","25,335,000","48,248,000","28,394,000","31,347,000","28,710,000","33,550,000"
		NetIncomeIncludingNoncontrollingInterests,"49,454,000","59,964,000","-31,755,000","11,301,000","9,944,000","9,343,000","22,608,000","8,940,000","192,426,000","8,711,000","162,476,000","8,419,000","8,152,000","50,209,000","45,409,000","16,114,000","10,940,000","57,828,000","-31,388,000","126,129,000","23,707,000","15,101,000","30,181,000","-12,761,000","80,076,000","10,376,000","125,647,000","-1,871,000","29,980,000","19,249,000","12,517,000","9,166,000","12,283,000","9,397,000","29,626,000","19,100,000","35,362,000","14,655,000","14,441,000","10,835,000","30,712,000","37,231,000","119,024,000","51,030,000","21,148,000","34,090,000","28,822,000","40,742,000","19,761,000","31,585,000","26,065,000","-8,139,000","28,096,000","29,156,000","31,594,000","31,888,000","30,470,000","37,361,000","26,128,000","29,159,000","28,196,000","50,127,000","25,335,000","48,248,000","28,394,000","31,347,000","28,710,000","33,550,000"
			NetIncomeContinuousOperations,"49,454,000","59,964,000","-31,755,000","11,301,000","9,944,000","9,343,000","22,608,000","8,940,000","192,426,000","8,711,000","162,476,000","8,419,000","8,152,000","50,209,000","-30,282,000","16,114,000","10,963,000","12,619,000","-31,311,000","16,617,000","17,215,000","15,154,000","10,529,000","-12,705,000","1,090,000","10,396,000","11,164,000","-19,027,000","3,372,000","9,176,000","12,567,000","9,150,000","9,325,000","9,037,000","13,338,000","18,972,000","18,842,000","20,910,000","14,451,000","10,905,000","20,464,000","18,643,000","18,362,000","21,555,000","20,947,000","34,090,000","28,622,000","39,308,000","27,894,000","31,585,000","26,065,000","-8,139,000","28,096,000","29,156,000","31,594,000","31,888,000","30,470,000","37,352,000","26,121,000","29,143,000","28,186,000","28,611,000","9,146,000","34,694,000","24,798,000","29,043,000","25,673,000","32,702,000"
			NetIncomeDiscontinuousOperations,,,,,,,,,,,,,,,"0",,,,"0","0","0",,"0","1,000","-1,000",,"72,000","14,000","-3,000","0","-42,000","16,000","1,818,000","360,000","16,288,000","128,000","16,520,000","-6,255,000","-10,000","-70,000","10,248,000","18,588,000","100,662,000","29,475,000","201,000","0","200,000","1,434,000","-8,133,000",,"0","0","0","0","0","0","0","9,000","7,000","16,000","10,000","21,516,000","16,189,000","13,554,000","3,596,000","2,304,000","3,037,000","848,000"
			NetIncomeExtraordinary,,,,,,,,,,,,,,,"30,505,000",,"-23,000","45,209,000","-77,000","109,512,000","6,492,000","-53,000","19,652,000","-57,000","78,987,000","-20,000","114,411,000","17,142,000","26,611,000","10,073,000","-8,000","0","1,140,000",,,,,,,,,,,,,,,,,,,,,,,,,,,,,,,,,,,
		MinorityInterests,"13,000","0","5,000","5,000","3,000","1,000","1,000","3,000","1,000","-2,000","2,000","3,000","1,000","-1,000","1,000","0","2,000","2,000","5,000","4,000","3,000","3,000","8,000","15,000","-4,000","-4,000","-3,000","-4,000","-4,000","-4,000","-3,000","-4,000","-4,000","-4,000","-3,000","-4,000","-4,000","-4,000","-3,000","-4,000","-4,000","-4,000","-3,000","-4,000","-121,000","-123,000","-122,000","-158,000","-125,000","-125,000","-119,000","-121,000","-120,000","-118,000",,,,,,,,,,,,,,
DilutedNIAvailtoComStockholders,"49,467,000","59,964,000","-31,750,000","11,306,000","9,947,000","9,344,000","22,609,000","8,943,000","192,427,000","8,709,000","162,478,000","8,422,000","8,153,000","50,208,000","45,410,000","16,114,000","10,942,000","57,830,000","-31,383,000","126,133,000","23,710,000","15,104,000","30,189,000","-12,746,000","80,072,000","10,372,000","125,644,000","-1,875,000","29,976,000","19,245,000","12,514,000","9,162,000","12,279,000","9,393,000","29,623,000","19,096,000","35,358,000","14,651,000","14,438,000","10,831,000","30,708,000","37,227,000","119,021,000","51,026,000","21,027,000","33,967,000","28,700,000","40,584,000","19,636,000","31,460,000","25,946,000","-8,260,000","27,976,000","29,038,000","31,594,000","31,888,000","30,470,000","37,361,000","26,128,000","29,159,000","28,196,000","50,127,000","25,335,000","48,248,000","28,394,000","31,347,000","28,710,000","33,550,000"
BasicEPS,,"0.49","-0.258","0.09","0.08","0.08","0.183","0.07","1.53","0.07","1.292","0.07","0.06","0.4","0.36","0.13","0.09","0.43","-0.22","0.87","0.16","0.1","0.208","-0.09","0.55","0.07","0.863","-0.01","0.2","0.12","0.081","0.06","0.08","0.06","0.188","0.12","0.21","0.09","0.086","0.06","0.18","0.22",,"0.3","0.12","0.2",,"0.24","0.11","0.19",,"-0.02","0.06","0.06",,"0.07","0.06","0.08",,"0.06","0.06","0.11",,"0.1","0.06","0.07",,"0.07"
DilutedEPS,,"0.49","-0.26","0.09","0.08","0.08","0.18","0.07","1.52","0.07","1.29","0.07","0.06","0.4","0.35","0.13","0.09","0.42","-0.22","0.87","0.16","0.1","0.208","-0.09","0.55","0.07","0.84","-0.01","0.2","0.12","0.08","0.059","0.08","0.06","0.18","0.12","0.21","0.09","0.086","0.06","0.18","0.22",,"0.29","0.12","0.2",,"0.23","0.11","0.19",,"-0.02","0.06","0.06",,"0.07","0.06","0.08",,"0.06","0.06","0.11",,"0.1","0.06","0.07",,"0.07"
BasicAverageShares,,"123,225,145","123,076,695","124,135,556","124,087,113","123,945,972","123,839,419","126,028,762","125,974,762","125,862,086","125,783,408","125,783,408","125,693,365","125,573,528","126,218,554","128,371,062","128,346,433","135,876,652","142,358,940","145,415,678","145,412,524","145,286,930","145,235,313","145,231,160","145,178,601","145,276,476","145,511,644","148,855,336","153,559,076","154,339,029","154,324,089","154,325,073","154,318,592","154,849,378","157,460,903","164,683,173","167,585,712","167,555,407","167,556,001","168,805,589","172,077,405","172,629,748",,"172,826,869","172,780,207","172,658,488",,"172,658,489","172,595,439","164,992,477",,"472,808,175","474,566,162","479,115,826",,"473,964,303","479,400,829","485,897,575",,"488,623,792","480,921,286","466,256,255",,"459,656,000","461,064,156","463,990,336",,"461,657,000"
DilutedAverageShares,,"123,509,990","123,742,000","124,627,409","124,703,911","124,449,731","125,544,000","126,385,035","126,500,254","126,360,003","126,359,000","126,239,744","126,490,507","126,180,558","128,811,000","128,818,658","128,700,743","136,182,728","144,503,000","145,719,431","145,813,130","145,833,488","145,764,000","145,669,237","145,698,723","145,791,365","146,014,000","149,176,207","153,757,404","154,580,335","154,520,000","154,561,362","154,444,508","155,024,545","160,450,000","164,796,275","167,714,206","167,810,319","167,951,000","168,929,039","172,209,331","172,873,930",,"173,045,192","172,985,847","172,954,754",,"172,885,438","172,718,117","165,200,184",,"473,280,767","474,911,608","479,634,801",,"474,357,292","479,687,981","486,256,371",,"488,831,780","480,983,312","466,256,255",,"459,656,000","461,064,156","463,990,336",,"461,657,000"
TotalOperatingIncomeAsReported,,,,,,"19,567,000",,,,,"19,401,000","24,269,000",,,"30,475,000","31,660,000","25,919,000","27,611,000","-16,250,000","28,756,000","35,491,000","33,300,000","26,633,000","3,349,000","17,433,000","26,372,000","28,938,000","-1,133,000","20,824,000","28,214,000","28,789,000","27,199,000","26,556,000","25,277,000","33,161,000","35,847,000","33,425,000","38,326,000","35,665,000",,,,,,,,,,,,,,,,,,,,,,,,,,,,,
TotalExpenses,"453,085,000","114,984,000","117,884,000","109,657,000","110,560,000","109,690,000","112,277,000","110,007,000","110,634,000","113,348,000","107,752,000","109,199,000","109,607,000","105,398,000","106,710,000","98,048,000","103,255,000","102,289,000","109,233,000","108,831,000","113,188,000","115,163,000","117,278,000","112,546,000","109,566,000","111,640,000","110,523,000","115,133,000","120,556,000","121,545,000","117,922,000","117,442,000","112,024,000","111,043,000","107,045,000","109,271,000","101,368,000","95,978,000","100,414,000","100,944,000","97,840,000","98,284,000","104,222,000","97,017,000","109,981,000","100,879,000","106,432,000","90,447,000","100,037,000","99,466,000","106,641,000","104,102,000","104,137,000","106,574,000","105,015,000","102,504,000","105,050,000","105,540,000","107,693,000","106,126,000","104,806,000","106,217,000","107,507,000","105,590,000","101,755,000","96,730,000","98,702,000","95,783,000"
NetIncomeFromContinuingAndDiscontinuedOperation,"49,467,000","59,964,000","-31,750,000","11,306,000","9,947,000","9,344,000","22,609,000","8,943,000","192,427,000","8,709,000","162,478,000","8,422,000","8,153,000","50,208,000","-30,281,000","16,114,000","10,965,000","12,621,000","-31,306,000","16,621,000","17,218,000","15,157,000","10,537,000","-12,689,000","1,085,000","10,392,000","11,233,000","-19,017,000","3,365,000","9,172,000","12,522,000","9,162,000","11,139,000","9,393,000","29,623,000","19,096,000","35,358,000","14,651,000","14,438,000","10,831,000","30,708,000","37,227,000","119,021,000","51,026,000","21,027,000","33,967,000","28,700,000","40,584,000","19,636,000","31,460,000","25,946,000","-8,260,000","27,976,000","29,038,000","31,594,000","31,888,000","30,470,000","37,361,000","26,128,000","29,159,000","28,196,000","50,127,000","25,335,000","48,248,000","28,394,000","31,347,000","28,710,000","33,550,000"
NormalizedIncome,"43,663,200","29,560,200","9,250,000","11,306,000","9,947,000","9,344,000","11,926,180","9,191,200","59,542,910","8,706,810","52,510,800","9,824,330","7,093,770","22,550,490","14,905,000","16,114,000","10,965,000","13,847,400","15,155,000","16,621,000","17,218,000","15,191,800","10,537,000","9,866,000","6,070,800","10,392,000","11,327,800","15,784,000","6,580,400","9,172,000","10,953,300","9,151,200","8,359,000","7,055,700","11,217,300","17,004,350","16,528,550","20,906,000","14,448,000","15,776,000","20,460,000","18,639,000","17,683,650","21,551,000","21,078,200","32,719,000","28,500,000","39,150,000","27,769,000","31,460,000","25,946,000","14,530,950","29,229,200","30,262,600","31,913,800","32,291,000","30,487,550","37,352,000","26,121,000","29,210,600","28,186,000","28,650,650","13,745,000","34,694,000","24,858,000","29,043,000","25,673,000","32,702,000"
InterestIncome,,,,,,,,,,,,,,,,,,,,,,,,,,,,,,,,,,,"-392,000","-611,000","-71,000","-1,277,000","68,000","383,000","285,000","97,000","-356,000","0","0","3,460,000","491,000","993,000","1,036,000","969,000","506,000","1,989,000","1,294,000","662,000","873,000","1,076,000","1,119,000","658,000","942,000","806,000","763,000","2,088,000","611,000","949,000","470,000","511,000","677,000","604,000"
InterestExpense,"52,610,000","13,898,000","13,917,000","12,450,000","12,345,000","12,580,000","13,048,000","12,725,000","13,953,000","15,264,000","14,844,000","16,145,000","15,112,000","15,493,000","15,729,000","15,849,000","15,687,000","13,758,000","15,463,000","16,183,000","18,421,000","18,057,000","16,566,000","15,496,000","16,413,000","16,385,000","17,978,000","18,832,000","18,172,000","19,016,000","18,854,000","18,654,000","18,012,000","18,926,000","20,043,000","19,942,000","18,299,000","17,650,000","16,296,000","16,247,000","15,943,000","16,537,000","16,179,000","16,327,000","19,566,000","17,174,000","17,378,000","17,359,000","18,933,000","19,091,000","19,488,000","19,518,000","17,465,000","17,459,000","19,690,000","19,798,000","18,056,000","17,305,000","16,590,000","15,616,000","15,638,000","16,029,000","16,209,000","15,582,000","15,334,000","14,205,000","13,192,000","13,058,000"
NetInterestIncome,"-52,610,000","-13,898,000","-13,917,000","-12,450,000","-12,345,000","-12,580,000","-13,048,000","-12,725,000","-13,953,000","-15,264,000","-14,844,000","-16,145,000","-15,112,000","-15,493,000","-15,729,000","-15,849,000","-15,687,000","-13,758,000","-15,463,000","-16,183,000","-18,421,000","-18,057,000","-16,566,000","-15,496,000","-16,413,000","-16,385,000","-17,978,000","-18,832,000","-18,172,000","-19,016,000","-18,854,000","-18,654,000","-18,012,000","-18,926,000","-20,043,000","-19,942,000","-18,299,000","-17,650,000","-16,228,000","-15,864,000","-15,658,000","-16,440,000","-16,535,000","-16,327,000","-19,566,000","-13,714,000","-16,887,000","-16,366,000","-17,897,000","-18,122,000","-18,982,000","-17,529,000","-16,171,000","-16,797,000","-18,817,000","-18,722,000","-16,937,000","-16,647,000","-15,648,000","-14,810,000","-14,875,000","-13,941,000","-15,598,000","-14,633,000","-14,864,000","-13,694,000","-12,515,000","-12,454,000"
EBIT,"102,064,000","73,862,000","-17,838,000","23,751,000","22,289,000","21,923,000","35,656,000","21,665,000","206,379,000","23,975,000","177,320,000","24,564,000","23,264,000","65,702,000","-14,553,000","31,963,000","26,650,000","26,377,000","-15,848,000","32,800,000","35,636,000","33,211,000","27,095,000","2,791,000","17,503,000","26,781,000","29,142,000","-195,000","21,544,000","28,192,000","31,421,000","27,804,000","27,337,000","27,963,000","33,381,000","38,914,000","37,141,000","38,560,000","30,747,000","27,152,000","36,407,000","35,180,000","34,541,000","37,882,000","40,513,000","51,264,000","51,001,000","55,055,000","45,144,000","48,970,000","44,375,000","46,438,000","45,442,000","47,174,000","50,401,000","52,791,000","47,111,000","53,553,000","41,317,000","43,735,000","41,358,000","41,999,000","32,000,000","49,024,000","39,352,000","42,319,000","37,946,000","44,772,000"
EBITDA,"311,423,000"
ReconciledCostOfRevenue,"220,826,000","55,763,000","58,183,000","53,517,000","53,363,000","53,204,000","57,168,000","55,642,000","55,580,000","55,303,000","54,030,000","55,711,000","53,618,000","53,078,000","56,192,000","50,698,000","54,805,000","52,608,000","56,094,000","54,101,000","56,188,000","55,670,000","57,719,000","55,094,000","52,455,000","54,309,000","54,718,000","61,497,000","61,350,000","64,100,000","61,854,000","61,904,000","57,432,000","58,415,000","60,095,000","58,984,000","52,966,000","52,229,000","55,783,000","51,466,000","54,041,000","52,936,000","56,292,000","48,486,000","59,126,000","55,095,000","60,529,000","47,516,000","55,632,000","55,646,000","59,914,000","56,922,000","54,701,000","59,462,000","54,890,000","53,765,000","55,403,000","57,233,000","48,595,000","55,571,000","52,549,000","51,998,000","78,215,000","51,104,000","47,042,000","46,647,000","75,110,000","47,430,000"
ReconciledDepreciation,"201,663,000","51,626,000","51,866,000","49,185,000","48,986,000","49,235,000","47,694,000","48,896,000","49,117,000","49,402,000","45,563,000","45,538,000","43,571,000","42,952,000","42,292,000","40,673,000","40,192,000","43,129,000","45,259,000","48,112,000","48,964,000","50,897,000","53,833,000","50,023,000","48,783,000","49,467,000","48,163,000","45,400,000","51,123,000","51,038,000","49,762,000","49,724,000","47,447,000","48,073,000","41,745,000","44,446,000","42,114,000","39,200,000","39,494,000","43,970,000","38,934,000","40,091,000","41,723,000","43,858,000","43,158,000","38,960,000","38,080,000","36,125,000","36,453,000","37,190,000","42,738,000","40,536,000","40,107,000","38,804,000","40,872,000","40,228,000","40,024,000","40,659,000","50,637,000","41,664,000","41,164,000","40,872,000","47,682,000","39,354,000","40,535,000","39,950,000","39,214,000","38,269,000"
NetIncomeFromContinuingOperationNetMinorityInterest,"49,467,000","59,964,000","-31,750,000","11,306,000","9,947,000","9,344,000","22,609,000","8,943,000","192,427,000","8,709,000","162,478,000","8,422,000","8,153,000","50,208,000","-30,281,000","16,114,000","10,965,000","12,621,000","-31,306,000","16,621,000","17,218,000","15,157,000","10,537,000","-12,690,000","1,086,000","10,392,000","11,161,000","-19,031,000","3,368,000","9,172,000","12,564,000","9,146,000","9,321,000","9,033,000","13,335,000","18,968,000","18,838,000","20,906,000","14,448,000","10,901,000","20,460,000","18,639,000","18,359,000","21,551,000","20,826,000","33,967,000","28,500,000","39,150,000","27,769,000","31,460,000","25,946,000","-8,260,000","27,976,000","29,038,000","31,594,000","31,888,000","30,470,000","37,352,000","26,121,000","29,143,000","28,186,000","28,611,000","9,146,000","34,694,000","24,798,000","29,043,000","25,673,000","32,702,000"
TotalUnusualItemsExcludingGoodwill,"9,673,000","50,673,000","-41,000,000","0","0",,"14,634,000","-340,000","182,033,000","3,000","150,640,000","-1,921,000","1,451,000","37,887,000","-45,186,000","0",,"-1,680,000","-46,461,000","0","0","-58,000","0","-22,556,000","-8,308,000",,"-278,000","-34,815,000","-5,354,000","0","2,478,000","-8,000","1,480,000","3,042,000","3,258,000","3,021,000","3,553,000",,"0","-7,500,000","0","0","1,039,000","0","-388,000","1,920,000","0","0",,,"0","-35,063,000","-1,928,000","-1,884,000","-492,000","-620,000","-27,000",,"0","-104,000","0","-61,000","-7,665,000","0","-100,000",,"0","0"
TotalUnusualItems,"9,673,000","50,673,000","-41,000,000","0","0",,"14,634,000","-340,000","182,033,000","3,000","150,640,000","-1,921,000","1,451,000","37,887,000","-45,186,000","0",,"-1,680,000","-46,461,000","0","0","-58,000","0","-22,556,000","-8,308,000",,"-278,000","-34,815,000","-5,354,000","0","2,478,000","-8,000","1,480,000","3,042,000","3,258,000","3,021,000","3,553,000",,"0","-7,500,000","0","0","1,039,000","0","-388,000","1,920,000","0","0",,,"0","-35,063,000","-1,928,000","-1,884,000","-492,000","-620,000","-27,000",,"0","-104,000","0","-61,000","-7,665,000","0","-100,000",,"0","0"
NormalizedEBITDA,"301,750,000","76,956,000","77,128,000","74,686,000","72,980,000","72,938,000","70,582,000","73,250,000","75,895,000","75,487,000","73,691,000","73,121,000","66,622,000","72,040,000","73,954,000","73,655,000","69,010,000","71,935,000","76,589,000","80,923,000","85,009,000","84,452,000","81,151,000","75,597,000","74,769,000","76,369,000","77,693,000","80,020,000","78,021,000","79,230,000","78,705,000","77,536,000","73,600,000","73,138,000","73,404,000","80,556,000","75,702,000","77,760,000","70,927,000","78,622,000","75,683,000","75,425,000","76,064,000","81,740,000","84,445,000","88,442,000","89,209,000","92,084,000","81,732,000","86,437,000","87,637,000","122,284,000","87,626,000","88,130,000","91,793,000","93,678,000","87,164,000","94,212,000","91,954,000","85,503,000","82,522,000","82,932,000","87,347,000","89,022,000","79,987,000","82,269,000","77,160,000","83,041,000"
TaxRateForCalcs,"0.4","0.4","0","0.27","0.27","0.27","0.27","0.27","0.27","0.27","0.27","0.27","0.27","0.27","0","0.27","0.27","0.27","0","0.4","0.4","0.4","0.4","0","0.4","0.4","0.4","0","0.4","0.4","0.35","0.35","0.35","0.35","0.35","0.35","0.35","0.35","0.35","0.35","0.35","0.35","0.35","0.35","0.35","0.35","0.35","0.35","0.35","0.35","0.35","0.35","0.35","0.35","0.35","0.35","0.35","0.35","0.35","0.35","0.35","0.35","0.4","0.4","0.4","0.4","0.4","0.4"
TaxEffectOfUnusualItems,"3,869,200","20,269,200","0","0","0","0","3,951,180","-91,800","49,148,910","810","40,672,800","-518,670","391,770","10,229,490","0","0","0","-453,600","0","0","0","-23,200","0","0","-3,323,200","0","-111,200","0","-2,141,600","0","867,300","-2,800","518,000","1,064,700","1,140,300","1,057,350","1,243,550","0","0","-2,625,000","0","0","363,650","0","-135,800","672,000","0","0","0","0","0","-12,272,050","-674,800","-659,400","-172,200","-217,000","-9,450","0","0","-36,400","0","-21,350","-3,066,000","0","-40,000","0","0","0"