name,ttm,03/31/2022,12/31/2021,09/30/2021,06/30/2021,03/31/2021,12/31/2020,09/30/2020,06/30/2020,03/31/2020,12/31/2019,09/30/2019,06/30/2019,03/31/2019,12/31/2018,09/30/2018,06/30/2018,03/31/2018,12/31/2017,09/30/2017,06/30/2017,03/31/2017,12/31/2016,09/30/2016,06/30/2016,03/31/2016,12/31/2015,09/30/2015,06/30/2015,03/31/2015,12/31/2014,09/30/2014,06/30/2014,03/31/2014,12/31/2013,09/30/2013,06/30/2013,03/31/2013,12/31/2012,09/30/2012,06/30/2012,03/31/2012,12/31/2011,09/30/2011,06/30/2011,03/31/2011,12/31/2010,09/30/2010,06/30/2010,03/31/2010,12/31/2009,09/30/2009,06/30/2009,03/31/2009,12/31/2008,09/30/2008,06/30/2008,03/31/2008,12/31/2007,09/30/2007,06/30/2007,03/31/2007,12/31/2006,09/30/2006,06/30/2006,03/31/2006,12/31/2005,09/30/2005,06/30/2005,03/31/2005,12/31/2004,09/30/2004,06/30/2004,03/31/2004,12/31/2003,09/30/2003,06/30/2003,03/31/2003,12/31/2002,09/30/2002,06/30/2002,03/31/2002,12/31/2001,09/30/2001,06/30/2001,03/31/2001,12/31/2000,09/30/2000,06/30/2000,03/31/2000,12/31/1999,09/30/1999,06/30/1999,03/31/1999,12/31/1998,09/30/1998,06/30/1998,03/31/1998,12/31/1997,09/30/1997,06/30/1997,03/31/1997,12/31/1996,09/30/1996,06/30/1996,03/31/1996,12/31/1995,09/30/1995,06/30/1995,03/31/1995,12/31/1994,09/30/1994,06/30/1994,03/31/1994,12/31/1993,09/30/1993,06/30/1993,03/31/1993
TotalRevenue,"298,589,000","74,765,000","74,312,000","75,349,000","74,164,000","82,788,000","73,088,000","78,271,000","77,319,000","59,462,000","40,915,000","40,734,000","39,475,000","39,083,000","36,482,000","37,451,000","36,761,000","36,390,000","34,925,000","34,502,000","34,772,000","32,194,000","28,529,000","28,346,000","27,971,000","27,824,000","26,363,000","26,515,000","26,174,000","26,471,000","25,048,000","27,019,000","24,746,000","24,122,000","22,904,000","24,445,000","24,766,000","25,489,000","26,623,000","24,955,000","25,240,000","25,618,000","25,392,000","24,504,000","24,354,000","23,147,000","25,309,000","25,431,000","23,423,000","23,921,000","24,508,000","24,123,000","25,413,000","23,513,000","18,757,000","20,506,000","22,396,000","19,606,000","17,797,000","17,611,000","17,792,000","17,591,000","17,167,000","17,269,000","17,386,000","16,825,000","16,368,000","16,233,000","16,058,000","14,818,000","13,220,000","12,131,000","12,260,000","11,441,000","11,811,000","12,669,000","12,179,000","11,225,000","11,083,000","9,520,000","8,462,000","7,953,000","27,850,000","23,622,000","21,378,000","20,559,000","19,391,000","19,255,000","18,252,000","18,031,000","16,800,000","15,700,000","15,300,000","14,700,000","13,200,000","13,900,000","6,300,000","6,300,000","6,100,000","6,100,000","6,000,000","5,900,000","5,800,000","5,900,000","5,800,000","5,600,000","5,500,000","4,600,000","4,500,000","4,600,000","4,800,000","4,800,000","4,700,000","4,900,000",,,,
	OperatingRevenue,"298,589,000","74,765,000","74,312,000","75,349,000","74,164,000","82,788,000","73,088,000","78,271,000","77,319,000","59,462,000","40,915,000","40,734,000","39,475,000","39,083,000","36,482,000","37,451,000","36,761,000","36,390,000","34,925,000","34,502,000","34,772,000","32,194,000","28,529,000","28,346,000","27,971,000","27,824,000","26,363,000","26,515,000","26,174,000","26,471,000","25,048,000","27,019,000","24,746,000","24,122,000","22,904,000","24,445,000","24,766,000","25,489,000","26,623,000","24,955,000","25,240,000","25,618,000","25,392,000","24,504,000","24,354,000","23,147,000","25,309,000","25,431,000","23,423,000","23,921,000","24,508,000","24,123,000","25,413,000","23,513,000","18,757,000","20,506,000","22,396,000","19,606,000","17,797,000","17,611,000","17,792,000","17,591,000","17,167,000","17,269,000","17,386,000","16,825,000","16,368,000","16,233,000","16,058,000","14,818,000","13,220,000","12,131,000","12,260,000","11,441,000","11,811,000","12,669,000","12,179,000","11,225,000","11,083,000","9,520,000","8,462,000","7,953,000","27,850,000","23,622,000","21,378,000","20,559,000","19,391,000","19,255,000","18,252,000","18,031,000","16,800,000","15,700,000","15,300,000","14,700,000","13,200,000","13,900,000","6,300,000","6,300,000","6,100,000","6,100,000","6,000,000","5,900,000","5,800,000","5,900,000","5,800,000","5,600,000","5,500,000","4,600,000","4,500,000","4,600,000","4,800,000","4,800,000","4,700,000","4,900,000",,,,
PretaxIncome,"138,002,000","32,527,000","31,285,000","34,484,000","39,708,000","50,948,000","39,088,000","31,914,000","36,360,000","-28,092,000","15,470,000","16,204,000","14,958,000","14,005,000","15,179,000","13,789,000","13,673,000","14,234,000","13,830,000","13,600,000","12,024,000","8,997,000","10,801,000","10,039,000","10,571,000","10,186,000","9,307,000","9,694,000","9,378,000","9,454,000","8,312,000","9,842,000","7,943,000","7,358,000","7,079,000","7,924,000","8,644,000","7,865,000","7,409,000","7,800,000","5,611,000","5,856,000","5,704,000","5,945,000","6,863,000","3,688,000","3,172,000","2,943,000","2,867,000","2,130,000","30,000","292,000","4,440,000","5,099,000","1,363,000","366,000","4,084,000","5,072,000","5,032,000","4,644,000","5,335,000","5,363,000","5,639,000","5,805,000","5,908,000","5,700,000","5,308,000","5,369,000","2,866,000","4,280,000","5,078,000","2,286,000","4,636,000","3,598,000","4,391,000","5,396,000","4,125,000","3,875,000","4,084,000","1,950,000","1,993,000","1,378,000","7,910,000","4,546,000","4,064,000","4,679,000","4,874,000","4,772,000","3,857,000","3,374,000","3,300,000","3,200,000","3,600,000","3,100,000","-2,300,000","2,600,000","2,300,000","2,300,000","1,600,000","2,200,000","2,200,000","2,400,000","1,800,000","-300,000","2,500,000","2,300,000","2,800,000","1,700,000","1,800,000","2,000,000","1,900,000","2,300,000","2,400,000","2,400,000",,,,
TaxProvision,"26,590,000","6,170,000","5,975,000","6,124,000","8,323,000","9,952,000","8,241,000","6,259,000","7,303,000","-5,610,000","2,952,000","3,033,000","2,759,000","2,523,000","3,082,000","2,483,000","2,564,000","2,497,000","4,431,000","4,219,000","3,677,000","3,857,000","3,436,000","2,994,000","3,307,000","3,116,000","2,744,000","2,998,000","2,815,000","2,853,000","1,957,000","2,773,000","2,254,000","2,179,000","1,992,000","2,445,000","2,535,000","2,306,000","2,253,000","2,366,000","1,690,000","1,703,000","1,641,000","1,884,000","2,113,000","1,028,000","905,000","668,000","808,000","624,000","-526,000","-37,000","1,539,000","1,691,000","482,000","44,000","1,349,000","1,653,000","1,474,000","1,515,000","1,724,000","1,757,000","1,666,000","1,982,000","1,955,000","1,848,000","1,864,000","1,742,000","838,000","1,409,000","1,599,000","606,000","1,492,000","1,105,000","1,572,000","1,715,000","1,246,000","1,157,000","1,319,000","568,000","607,000","491,000","2,905,000","1,576,000","1,478,000","1,624,000","1,738,000","1,604,000","1,399,000","1,173,000","1,100,000","1,100,000","1,200,000","1,100,000","-700,000","900,000","800,000","800,000","700,000","800,000","700,000","800,000","600,000","-100,000","800,000","800,000","1,000,000","600,000","600,000","700,000","600,000","800,000","800,000","800,000",,,,
NetIncomeCommonStockholders,"111,297,000","26,322,000","25,285,000","28,333,000","31,346,000","40,953,000","30,804,000","25,619,000","29,013,000","-22,443,000","12,485,000","13,170,000","12,198,000","11,473,000","12,081,000","11,306,000","11,109,000","11,737,000","9,394,000","9,381,000","8,347,000","5,140,000","7,326,000","7,045,000","7,264,000","7,070,000","6,563,000","6,696,000","6,563,000","6,601,000","6,355,000","7,069,000","5,689,000","5,179,000","5,087,000","5,479,000","6,109,000","5,559,000","5,156,000","5,423,000","3,181,000","3,645,000","3,555,000","3,553,000","4,243,000","2,155,000","1,760,000","1,769,000","1,555,000","1,003,000","67,000","-184,000","2,393,000","2,907,000","881,000","322,000","2,735,000","3,419,000","3,558,000","3,129,000","3,611,000","3,606,000","3,973,000","3,823,000","3,953,000","3,852,000","3,444,000","3,627,000","2,028,000","2,871,000","3,479,000","1,680,000","3,144,000","2,493,000","2,819,000","3,681,000","2,879,000","2,718,000","2,271,000","1,382,000","8,718,000","2,708,000","5,005,000","2,970,000","2,586,000","3,055,000","3,136,000","3,168,000","2,458,000","2,201,000","2,200,000","2,100,000","2,400,000","2,000,000","-1,600,000","1,700,000","1,500,000","1,500,000","900,000","1,400,000","1,500,000","1,600,000","1,200,000","-200,000","1,700,000","1,500,000","1,800,000","1,100,000","1,200,000","1,300,000","1,300,000","1,500,000","1,600,000","1,600,000","1,600,000","1,600,000","1,600,000","1,600,000"
	NetIncome,"111,412,000","26,357,000","25,310,000","28,360,000","31,385,000","40,996,000","30,847,000","25,655,000","29,057,000","-22,482,000","12,518,000","13,171,000","12,199,000","11,482,000","12,097,000","11,306,000","11,109,000","11,737,000","9,399,000","9,381,000","8,347,000","5,140,000","7,365,000","7,045,000","7,264,000","7,070,000","6,563,000","6,696,000","6,563,000","6,601,000","6,355,000","7,069,000","5,689,000","5,179,000","5,087,000","5,479,000","6,109,000","5,559,000","5,156,000","5,434,000","3,921,000","4,153,000","4,063,000","4,061,000","4,750,000","2,660,000","2,267,000","2,275,000","2,059,000","1,506,000","556,000","329,000","2,901,000","3,408,000","881,000","322,000","2,735,000","3,419,000","3,558,000","3,129,000","3,611,000","3,606,000","3,973,000","3,823,000","3,953,000","3,852,000","3,444,000","3,627,000","2,028,000","2,871,000","3,479,000","1,680,000","3,144,000","2,493,000","2,819,000","3,681,000","2,879,000","2,718,000","2,271,000","1,382,000","8,718,000","2,708,000","5,005,000","2,970,000","2,586,000","3,055,000","3,136,000","3,168,000","2,458,000","2,201,000","2,200,000","2,100,000","2,400,000","2,000,000","-1,600,000","1,700,000","1,500,000","1,500,000","900,000","1,400,000","1,500,000","1,600,000","1,200,000","-200,000","1,700,000","1,500,000","1,800,000","1,100,000","1,200,000","1,300,000","1,300,000","1,500,000","1,600,000","1,600,000","1,600,000","1,600,000","1,600,000","1,600,000"
		NetIncomeIncludingNoncontrollingInterests,"111,412,000","26,357,000","25,310,000","28,360,000","31,385,000","40,996,000","30,847,000","25,655,000","29,057,000","-22,482,000","12,518,000","13,171,000","12,199,000","11,482,000","12,097,000","11,306,000","11,109,000","11,737,000","9,399,000","9,381,000","8,347,000","5,140,000","7,365,000","7,045,000","7,264,000","7,070,000","6,563,000","6,696,000","6,563,000","6,601,000","6,355,000","7,069,000","5,689,000","5,179,000","5,087,000","5,479,000","6,109,000","5,559,000","5,156,000","5,434,000","3,921,000","4,153,000","4,063,000","4,061,000","4,750,000","2,660,000","2,267,000","2,275,000","2,059,000","1,506,000","556,000","329,000","2,901,000","3,408,000","881,000","322,000","2,735,000","3,419,000","3,558,000","3,129,000","3,611,000","3,606,000","3,973,000","3,823,000","3,953,000","3,852,000","3,444,000","3,627,000","2,028,000","2,871,000","3,479,000","1,680,000","3,144,000","2,493,000","2,819,000","3,681,000","2,879,000","2,718,000","2,271,000","1,382,000","8,718,000","2,708,000","5,005,000","2,970,000","2,586,000","3,055,000","3,136,000","3,168,000","2,458,000","2,201,000","2,200,000","2,100,000","2,400,000","2,000,000","-1,600,000","1,700,000","1,500,000","1,500,000","900,000","1,400,000","1,500,000","1,600,000","1,200,000","-200,000","1,700,000","1,500,000","1,800,000","1,100,000","1,200,000","1,300,000","1,300,000","1,500,000","1,600,000","1,600,000","1,600,000","1,600,000","1,600,000","1,600,000"
			NetIncomeContinuousOperations,"111,412,000","26,357,000","25,310,000","28,360,000","31,385,000","40,996,000","30,847,000","25,655,000","29,057,000","-22,482,000","12,518,000","13,171,000","12,199,000","11,482,000","12,097,000","11,306,000","11,109,000","11,737,000","9,399,000","9,381,000","8,347,000","5,140,000","7,365,000","7,045,000","7,264,000","7,070,000","6,563,000","6,696,000","6,563,000","6,601,000","6,355,000","7,069,000","5,689,000","5,179,000","5,087,000","5,479,000","6,109,000","5,559,000","5,156,000","5,434,000","3,921,000","4,153,000","4,063,000","4,061,000","4,750,000","2,660,000","2,267,000","2,275,000","2,059,000","1,506,000","556,000","329,000","2,901,000","3,408,000","881,000","322,000","2,735,000","3,419,000","3,558,000","3,129,000","3,611,000","3,606,000","3,973,000","3,823,000","3,953,000","3,852,000","3,444,000","3,627,000","2,028,000","2,871,000","3,479,000","1,680,000","3,144,000","2,493,000","2,819,000","3,681,000","2,879,000","2,718,000","2,765,000","1,382,000","1,386,000","887,000","5,005,000","2,970,000","2,586,000","3,055,000","3,136,000","3,168,000","2,458,000","2,201,000","2,200,000","2,100,000","2,400,000","2,000,000","-1,600,000","1,700,000","1,500,000","1,500,000","900,000","1,400,000","1,500,000","1,600,000","1,200,000","-200,000","1,700,000","1,500,000","1,800,000","1,100,000","1,200,000","1,300,000","1,300,000","1,500,000","1,600,000","1,600,000","1,600,000","1,600,000","1,600,000","1,600,000"
			NetIncomeDiscontinuousOperations,,,,,,,,,,,,,,,,,,,,,,,,,,,,,,,,,,,,,,,,,,,,,,,,,,,,,,,,,,,,,,,,,,,,,,,,,,,,,,,"-494,000",,"7,332,000","2,015,000",,,,,,,,,,,,,,,,,,,,,,,,,,,,,,,,,,,,
			NetIncomeExtraordinary,,,,,,,,,,,,,,,,,,,,,,,,,,,,,,,,,,,,,,,,,,,,,,,,,,,,,,,,,,,,,,,,,,,,,,,,,,,,,,,"0",,,"-194,000",,,,,,,,,,,,,,,,,,,,,,,,,,,,,,,,,,,,
	PreferredStockDividends,,,,,,,,,,,,,,,,,,,,,,,,,,,,,,,,,,,,,,,"0","3,000","435,000","462,000","462,000","463,000","463,000","462,000","462,000","463,000","462,000","463,000","447,000","473,000","468,000","463,000",,,,,,,,,,,,,,,,,,,,,,,,,,,,,,,,,,,,,,,,,,,,,,,,,,,,,,,,,,,,,,,,
	OtherunderPreferredStockDividend,"115,000","35,000","25,000","27,000","39,000","43,000","43,000","36,000","44,000","-39,000","33,000","1,000","1,000","9,000",,,,,,,,,,,,,,,,,,,,,,,,,"0","8,000","305,000","46,000","46,000","45,000","44,000","43,000","45,000","43,000","42,000","40,000","42,000","40,000","40,000","38,000",,,,,,,,,,,,,,,,,,,,,,,,,,,,,,,,,,,,,,,,,,,,,,,,,,,,,,,,,,,,,,,,
DilutedNIAvailtoComStockholders,"111,297,000","26,322,000","25,285,000","28,333,000","31,346,000","40,953,000","30,804,000","25,619,000","29,013,000","-22,443,000","12,485,000","13,170,000","12,198,000","11,473,000","12,081,000","11,306,000","11,109,000","11,737,000","9,394,000","9,381,000","8,347,000","5,140,000","7,326,000","7,045,000","7,264,000","7,070,000","6,563,000","6,696,000","6,563,000","6,601,000","6,355,000","7,069,000","5,689,000","5,179,000","5,087,000","5,479,000","6,109,000","5,559,000","5,156,000","5,423,000","3,181,000","3,645,000","3,555,000","3,553,000","4,243,000","2,155,000","1,760,000","1,769,000","1,555,000","1,003,000","67,000","-184,000","2,393,000","2,907,000","881,000","322,000","2,735,000","3,419,000","3,558,000","3,129,000","3,611,000","3,606,000","3,973,000","3,823,000","3,953,000","3,852,000","3,444,000","3,627,000","2,028,000","2,871,000","3,479,000","1,680,000","3,144,000","2,493,000","2,819,000","3,681,000","2,879,000","2,718,000","2,271,000","1,382,000","8,718,000","2,708,000","5,005,000","2,970,000","2,586,000","3,055,000","3,136,000","3,168,000","2,458,000","2,201,000","2,200,000","2,100,000","2,400,000","2,000,000","-1,600,000","1,700,000","1,500,000","1,500,000","900,000","1,400,000","1,500,000","1,600,000","1,200,000","-200,000","1,700,000","1,500,000","1,800,000","1,100,000","1,200,000","1,300,000","1,300,000","1,500,000","1,600,000","1,600,000","1,600,000","1,600,000","1,600,000","1,600,000"
BasicEPS,,"0.73","0.69","0.76","0.84","1.1","0.83","0.69","0.78","-0.71","0.63","0.67","0.62","0.57","0.6","0.55","0.54","0.575","0.465","0.46","0.41","0.27","0.41","0.39","0.405","0.395","0.36","0.36","0.355","0.355","0.31","0.375","0.295","0.265","0.26","0.28","0.315","0.285","0.265","0.28","0.165","0.185",,"0.185","0.22","0.125",,"0.11","0.095","0.06",,"-0.01","0.145","0.18",,"0.02","0.17","0.24",,"0.22","0.255","0.255",,"0.27","0.28","0.275",,"0.26","0.145","0.215",,"0.14","0.255","0.205",,"0.305","0.24","0.225",,"0.11","0.68","0.21",,"0.23","0.2","0.24",,"0.25","0.195","0.175",,"0.165","0.185","0.145",,"0.11","0.105","0.1",,"0.085","0.09","0.09",,"-0.015","0.085","0.075",,"0.025","0.025","0.028",,"0.03","0.035","0.035",,"0.012","0.012","0.012"
DilutedEPS,,"0.73","0.69","0.76","0.84","1.1","0.82","0.69","0.78","-0.71","0.63","0.66","0.61","0.57","0.59","0.55","0.54","0.575","0.46","0.46","0.41","0.27","0.405","0.39","0.4","0.39","0.355","0.36","0.35","0.345","0.295","0.355","0.285","0.255","0.25","0.27","0.3","0.275","0.26","0.27","0.16","0.185",,"0.18","0.215","0.125",,"0.11","0.095","0.06",,"-0.01","0.145","0.18",,"0.02","0.17","0.235",,"0.22","0.25","0.25",,"0.265","0.275","0.27",,"0.25","0.14","0.205",,"0.135","0.245","0.195",,"0.29","0.23","0.215",,"0.105","0.65","0.205",,"0.225","0.195","0.235",,"0.245","0.19","0.175",,"0.16","0.175","0.14",,"0.105","0.1","0.095",,"0.08","0.085","0.085",,"-0.015","0.085","0.075",,"0.025","0.025","0.028",,"0.03","0.035","0.035",,"0.012","0.012","0.012"
BasicAverageShares,,"35,978,000","36,681,159","37,100,000","37,276,000","37,278,000","37,311,000","37,297,000","37,290,000","31,642,000","19,792,000","19,790,000","19,780,000","20,014,000","20,313,000","20,400,000","20,388,000","20,330,000","20,310,000","20,298,000","20,294,000","18,870,000","17,964,000","17,952,000","17,936,000","17,988,000","18,292,000","18,476,000","18,536,000","18,468,000","18,632,000","18,890,000","19,214,000","19,362,000","19,532,000","19,560,000","19,548,000","19,472,000","19,458,000","19,458,000","19,458,000","19,452,000",,"19,450,000","19,448,000","17,038,000",,"16,236,000","16,236,000","16,234,000",,"16,234,000","16,234,000","16,234,000",,"16,226,000","16,188,000","14,390,000",,"14,160,000","14,258,000","14,238,000",,"14,064,000","14,058,000","14,010,000",,"13,932,000","13,774,000","13,312,000",,"12,152,000","12,250,000","12,226,000",,"12,004,000","12,026,000","12,148,000",,"12,800,000","12,836,000","12,884,000",,"12,810,000","12,788,000","12,732,000",,"12,734,000","12,610,000","12,464,000",,"12,727,273","12,972,973","13,793,103",,"15,454,545","14,285,714","15,000,000",,"16,470,588","16,666,667","17,777,778",,"20,000,000","20,000,000","20,000,000",,"21,954,000","21,966,000","21,962,000",,"21,944,000","21,944,000","21,360,000",,"138,176,000","138,176,000","138,176,000"
DilutedAverageShares,,"36,090,000","36,681,159","37,185,000","37,358,000","37,357,000","37,350,000","37,334,000","37,324,000","31,642,000","19,895,000","19,875,000","19,860,000","20,095,000","20,404,000","20,467,000","20,492,000","20,438,000","20,444,000","20,418,000","20,408,000","18,980,000","18,120,000","18,100,000","18,072,000","18,128,000","18,470,000","18,644,000","18,698,000","19,222,000","19,602,000","19,806,000","20,132,000","20,216,000","20,396,000","20,424,000","20,312,000","20,210,000","20,024,000","20,000,000","19,970,000","19,940,000",,"19,790,000","19,804,000","17,342,000",,"16,236,000","16,386,000","16,284,000",,"16,234,000","16,246,000","16,234,000",,"16,246,000","16,252,000","14,482,000",,"14,342,000","14,458,000","14,458,000",,"14,292,000","14,324,000","14,364,000",,"14,426,000","14,268,000","13,858,000",,"12,664,000","12,770,000","12,854,000",,"12,586,000","12,508,000","12,660,000",,"13,304,000","13,378,000","13,326,000",,"13,202,000","13,206,000","13,072,000",,"12,902,000","12,814,000","12,752,000",,"13,125,000","13,714,286","14,285,714",,"16,190,476","15,000,000","15,789,474",,"17,500,000","17,647,059","18,823,529",,"20,000,000","20,000,000","20,000,000",,"21,954,000","21,966,000","21,962,000",,"21,944,000","21,944,000","21,360,000",,"138,176,000","138,176,000","138,176,000"
NetIncomeFromContinuingAndDiscontinuedOperation,"111,412,000","26,357,000","25,310,000","28,360,000","31,385,000","40,996,000","30,847,000","25,655,000","29,057,000","-22,482,000","12,518,000","13,171,000","12,199,000","11,482,000","12,097,000","11,306,000","11,109,000","11,737,000","9,399,000","9,381,000","8,347,000","5,140,000","7,365,000","7,045,000","7,264,000","7,070,000","6,563,000","6,696,000","6,563,000","6,601,000","6,355,000","7,069,000","5,689,000","5,179,000","5,087,000","5,479,000","6,109,000","5,559,000","5,156,000","5,434,000","3,921,000","4,153,000","4,063,000","4,061,000","4,750,000","2,660,000","2,267,000","2,275,000","2,059,000","1,506,000","556,000","329,000","2,901,000","3,408,000","881,000","322,000","2,735,000","3,419,000","3,558,000","3,129,000","3,611,000","3,606,000","3,973,000","3,823,000","3,953,000","3,852,000","3,444,000","3,627,000","2,028,000","2,871,000","3,479,000","1,680,000","3,144,000","2,493,000","2,819,000","3,681,000","2,879,000","2,718,000","2,271,000","1,382,000","8,718,000","2,902,000","5,005,000","2,970,000","2,586,000","3,055,000","3,136,000","3,168,000","2,458,000","2,201,000","2,200,000","2,100,000","2,400,000","2,000,000","-1,600,000","1,700,000","1,500,000","1,500,000","900,000","1,400,000","1,500,000","1,600,000","1,200,000","-200,000","1,700,000","1,500,000","1,800,000","1,100,000","1,200,000","1,300,000","1,300,000","1,500,000","1,600,000","1,600,000","1,600,000","1,600,000","1,600,000","1,600,000"
NormalizedIncome,"111,412,000","26,357,000","25,310,000","28,360,000","31,385,000","40,996,000","32,575,277.988","28,638,195.619","30,734,410.424","-13,289,765.485","12,518,000","13,609,924.957","12,199,000","11,482,000","12,097,000","11,306,000","11,109,000","11,737,000","9,399,000","9,381,000","8,347,000","5,140,000","7,365,000","7,221,853.6","7,264,000","7,070,000","6,563,000","6,696,000","6,563,000","6,601,000","6,355,000","7,069,000","5,689,000","5,179,000","5,087,000","5,479,000","6,109,000","5,559,000","-2,625,669.861","8,123,133.333","3,921,000","6,842,946.892","4,063,000","4,128,626.409","4,843,435.815","3,050,921.909","2,274,146.91","2,434,242.27","2,136,562.609","1,555,492.958","1,465,350","975,100","3,472,706.081","3,857,142.185","879,060.895","204,109.29","2,729,642.507","3,395,406.743","3,542,444.356","3,036,019.38","3,569,712.09","3,602,638.076","3,973,000","3,781,510.078","3,660,606.466","3,852,000","3,444,000","3,627,000","1,611,927.425","2,528,894.86","3,059,026.191","2,715,485.564","2,598,750.647","2,084,890.773","2,444,716.921","2,129,740.919","1,123,682.424","1,455,445.161","1,200,378.306","546,421.538","1,386,000","548,420.9","1,853,938.053","1,091,700.396","1,509,984.744","1,642,086.984","3,136,000","1,377,535.624","809,349.235","932,195.91","2,200,000","2,100,000","2,400,000","2,000,000","-1,600,000","1,700,000","1,500,000","1,500,000","900,000","1,400,000","1,500,000","1,600,000","1,200,000","-200,000","1,700,000","1,500,000","1,800,000","1,100,000","1,200,000","1,300,000","1,300,000","1,500,000","1,600,000","1,600,000","1,600,000","1,600,000","1,600,000","1,600,000"
InterestIncome,"242,807,000","60,766,000","60,432,000","60,801,000","60,808,000","61,313,000","60,718,000","60,064,000","61,798,000","54,407,000","36,121,000","35,548,000","35,058,000","33,704,000","33,333,000","31,723,000","30,072,000","28,674,000","28,305,000","27,872,000","27,271,000","23,870,000","22,631,000","21,866,000","21,343,000","20,991,000","20,637,000","20,128,000","19,901,000","19,618,000","19,574,000","19,149,000","18,604,000","18,279,000","18,542,000","18,631,000","18,525,000","18,257,000","19,329,000","19,885,000","20,305,000","20,525,000","21,065,000","21,463,000","21,749,000","21,923,000","23,128,000","23,832,000","24,115,000","23,910,000","24,918,000","25,229,000","24,593,000","24,883,000","25,945,000","26,643,000","26,237,000","24,639,000","25,198,000","24,989,000","24,532,000","24,033,000","24,310,000","24,092,000","22,953,000","21,709,000","21,136,000","19,932,000","18,465,000","16,272,000","14,445,000","13,839,000","13,010,000","12,825,000","12,955,000","13,028,000","12,162,000","11,791,000","12,297,000","12,201,000","11,914,000","9,729,000","16,238,000","16,901,000","16,294,000","16,431,000","17,085,000","16,911,000","15,359,000","15,830,000","14,600,000","13,700,000","12,600,000","12,500,000","13,500,000","13,000,000","11,300,000","11,300,000","11,200,000","11,300,000","10,800,000","10,600,000","10,500,000","10,300,000","10,300,000","10,200,000","10,300,000","9,700,000","9,400,000","9,100,000","9,100,000","8,800,000","8,700,000","8,700,000",,,,
InterestExpense,"14,290,000","2,931,000","3,288,000","3,826,000","4,245,000","4,859,000","5,848,000","6,888,000","8,145,000","9,059,000","6,743,000","6,791,000","6,252,000","5,649,000","5,058,000","4,434,000","3,752,000","3,218,000","3,140,000","3,074,000","2,826,000","2,391,000","2,231,000","2,183,000","2,084,000","1,942,000","1,809,000","1,733,000","1,672,000","1,567,000","1,613,000","1,623,000","1,645,000","1,678,000","1,728,000","1,680,000","1,814,000","1,949,000","2,186,000","2,923,000","3,273,000","3,555,000","3,754,000","4,019,000","4,457,000","4,956,000","5,574,000","6,295,000","6,788,000","7,044,000","7,614,000","7,914,000","8,643,000","9,085,000","9,952,000","10,277,000","9,991,000","11,048,000","12,669,000","12,962,000","12,410,000","12,049,000","12,065,000","11,883,000","10,694,000","9,400,000","8,534,000","7,715,000","6,816,000","5,826,000","5,435,000","5,258,000","4,881,000","4,806,000","4,980,000","5,198,000","5,320,000","5,357,000","5,702,000","5,952,000","6,189,000","4,201,000","8,459,000","9,540,000","9,749,000","11,138,000","11,948,000","11,687,000","10,225,000","9,642,000","9,500,000","8,300,000","7,100,000","6,800,000","7,900,000","8,000,000","5,600,000","5,500,000","5,600,000","5,600,000","5,200,000","5,000,000","5,000,000","4,800,000","4,800,000","4,900,000","5,100,000","5,400,000","5,100,000","4,700,000","4,500,000","4,200,000","4,200,000","4,100,000",,,,
NetInterestIncome,"228,517,000","57,835,000","57,144,000","56,975,000","56,563,000","56,454,000","54,870,000","53,176,000","53,653,000","45,348,000","29,378,000","28,757,000","28,806,000","28,055,000","28,275,000","27,289,000","26,320,000","25,456,000","25,165,000","24,798,000","24,445,000","21,479,000","20,400,000","19,683,000","19,259,000","19,049,000","18,828,000","18,395,000","18,229,000","18,051,000","17,961,000","17,526,000","16,959,000","16,601,000","16,814,000","16,951,000","16,711,000","16,308,000","17,143,000","16,962,000","17,032,000","16,970,000","17,311,000","17,444,000","17,292,000","16,967,000","17,554,000","17,537,000","17,327,000","16,866,000","17,304,000","17,315,000","15,950,000","15,798,000","15,993,000","16,366,000","16,246,000","13,591,000","12,529,000","12,027,000","12,122,000","11,984,000","12,245,000","12,209,000","12,259,000","12,309,000","12,602,000","12,217,000","11,649,000","10,446,000","9,010,000","8,581,000","8,129,000","8,019,000","7,975,000","7,830,000","6,842,000","6,434,000","6,595,000","6,249,000","5,725,000","5,528,000","7,779,000","7,361,000","6,545,000","5,293,000","5,137,000","5,224,000","5,134,000","6,188,000","5,100,000","5,400,000","5,500,000","5,700,000","5,600,000","5,000,000","5,700,000","5,800,000","5,600,000","5,700,000","5,600,000","5,600,000","5,500,000","5,500,000","5,500,000","5,300,000","5,200,000","4,300,000","4,300,000","4,400,000","4,600,000","4,600,000","4,500,000","4,600,000",,,,
ReconciledDepreciation,"17,380,000","3,074,000","4,574,000","4,148,000","5,584,000","294,000","6,149,000","6,911,000","6,833,000","8,524,000","1,469,000","2,062,000","1,899,000","1,729,000","1,737,000","1,620,000","1,488,000","1,496,000","1,635,000","1,681,000","1,626,000","1,378,000","1,283,000","1,493,000","1,532,000","1,307,000","1,538,000","1,355,000","1,326,000","1,367,000","1,513,000","1,294,000","1,335,000","1,313,000","2,661,000","1,010,000","1,417,000","1,361,000","1,306,000","2,699,000","2,237,000","2,149,000","-688,000","2,873,000","1,200,000","1,493,000","-1,195,000","2,502,000","2,272,000","1,319,000","-228,000","355,000","355,000","391,000",,,,,,,,,,,,,"3,938,000","430,000","-60,000","785,000","925,000","675,000","781,000","814,000","1,167,000","-636,000","1,122,000","1,453,000","2,155,000","-363,000","1,439,000","596,000","8,966,000","6,597,000","5,914,000","5,230,000","4,624,000","4,481,000","4,444,000","4,295,000","4,200,000","3,800,000","3,800,000","4,000,000","3,100,000","3,700,000","400,000","400,000","500,000","400,000","400,000","300,000","300,000","400,000","200,000","100,000","100,000","100,000","0","200,000","400,000","-100,000","100,000","200,000",,,,
NetIncomeFromContinuingOperationNetMinorityInterest,"111,412,000","26,357,000","25,310,000","28,360,000","31,385,000","40,996,000","30,847,000","25,655,000","29,057,000","-22,482,000","12,518,000","13,171,000","12,199,000","11,482,000","12,097,000","11,306,000","11,109,000","11,737,000","9,399,000","9,381,000","8,347,000","5,140,000","7,365,000","7,045,000","7,264,000","7,070,000","6,563,000","6,696,000","6,563,000","6,601,000","6,355,000","7,069,000","5,689,000","5,179,000","5,087,000","5,479,000","6,109,000","5,559,000","5,156,000","5,434,000","3,921,000","4,153,000","4,063,000","4,061,000","4,750,000","2,660,000","2,267,000","2,275,000","2,059,000","1,506,000","556,000","329,000","2,901,000","3,408,000","881,000","322,000","2,735,000","3,419,000","3,558,000","3,129,000","3,611,000","3,606,000","3,973,000","3,823,000","3,953,000","3,852,000","3,444,000","3,627,000","2,028,000","2,871,000","3,479,000","1,680,000","3,144,000","2,493,000","2,819,000","3,681,000","2,879,000","2,718,000","2,765,000","1,382,000","1,386,000","887,000","5,005,000","2,970,000","2,586,000","3,055,000","3,136,000","3,168,000","2,458,000","2,201,000","2,200,000","2,100,000","2,400,000","2,000,000","-1,600,000","1,700,000","1,500,000","1,500,000","900,000","1,400,000","1,500,000","1,600,000","1,200,000","-200,000","1,700,000","1,500,000","1,800,000","1,100,000","1,200,000","1,300,000","1,300,000","1,500,000","1,600,000","1,600,000","1,600,000","1,600,000","1,600,000","1,600,000"
TotalUnusualItemsExcludingGoodwill,"0","0","0","0","0","0","-2,190,000","-3,711,000","-2,099,000","-11,486,000","-882,000","-540,000",,,,,,,,,,,,"-252,000",,,,,,,"0",,,,"-337,000",,,,"11,182,000","-3,860,000","0","-3,793,000","0","-99,000","-135,000","-542,000","-10,000","-206,000","-108,000","-70,000","-1,399,000","-994,000","-875,000","-672,000","3,000","134,000","8,000","35,000","22,000","138,000","61,000","5,000",,"63,000","437,000",,,,"588,000","510,000","613,000","-1,409,000","804,000","589,000","583,000","2,274,000","2,515,000","1,800,000","2,311,000","1,179,000",,"526,000","4,980,000","2,875,000","1,691,000","2,164,000",,"2,697,000","2,587,000","1,945,000",,,,,,,,,,,,,,,,,,,,,,,,,,,,
TotalUnusualItems,"0","0","0","0","0","0","-2,190,000","-3,711,000","-2,099,000","-11,486,000","-882,000","-540,000",,,,,,,,,,,,"-252,000",,,,,,,"0",,,,"-337,000",,,,"11,182,000","-3,860,000","0","-3,793,000","0","-99,000","-135,000","-542,000","-10,000","-206,000","-108,000","-70,000","-1,399,000","-994,000","-875,000","-672,000","3,000","134,000","8,000","35,000","22,000","138,000","61,000","5,000",,"63,000","437,000",,,,"588,000","510,000","613,000","-1,409,000","804,000","589,000","583,000","2,274,000","2,515,000","1,800,000","2,311,000","1,179,000",,"526,000","4,980,000","2,875,000","1,691,000","2,164,000",,"2,697,000","2,587,000","1,945,000",,,,,,,,,,,,,,,,,,,,,,,,,,,,
TaxRateForCalcs,"0.193","0.19","0.191","0.178","0.21","0.195","0.211","0.196","0.201","0.2","0.191","0.187","0.184","0.18","0.203","0.18","0.188","0.175","0.32","0.31","0.306","0.4","0.318","0.298","0.313","0.306","0.295","0.309","0.3","0.302","0.235","0.282","0.284","0.296","0.281","0.309","0.293","0.293","0.304","0.303","0.301","0.291","0.288","0.317","0.308","0.279","0.285","0.227","0.282","0.293","0.35","0.35","0.347","0.332","0.354","0.12","0.33","0.326","0.293","0.326","0.323","0.328","0.295","0.341","0.331","0.324","0.351","0.324","0.292","0.329","0.315","0.265","0.322","0.307","0.358","0.318","0.302","0.299","0.323","0.291","0.305","0.356","0.367","0.347","0.364","0.347","0.357","0.336","0.363","0.348","0.333","0.344","0.333","0.355","0.304","0.346","0.348","0.348","0.4","0.364","0.318","0.333","0.333","0.333","0.32","0.348","0.357","0.353","0.333","0.35","0.316","0.348","0.333","0.333","0.4","0.4","0.4","0.4"
TaxEffectOfUnusualItems,"0","0","0","0","0","0","-461,722.012","-727,804.381","-421,589.576","-2,293,765.485","0","-101,075.043","0","0","0","0","0","0","0","0","0","0","0","-75,146.4","0","0","0","0","0","0","0","0","0","0","0","0","0","0","3,400,330.139","-1,170,866.667","0","-1,103,053.108","0","-31,373.591","-41,564.185","-151,078.091","-2,853.09","-46,757.73","-30,437.391","-20,507.042","-489,650","-347,900","-303,293.919","-222,857.815","1,060.895","16,109.29","2,642.507","11,406.743","6,444.356","45,019.38","19,712.09","1,638.076","0","21,510.078","144,606.466","0","0","0","171,927.425","167,894.86","193,026.191","-373,514.436","258,750.647","180,890.773","208,716.921","722,740.919","759,682.424","537,445.161","746,378.306","343,421.538","0","187,420.9","1,828,938.053","996,700.396","614,984.744","751,086.984","0","906,535.624","938,349.235","676,195.91","0","0","0","0","0","0","0","0","0","0","0","0","0","0","0","0","0","0","0","0","0","0","0","0","0","0","0","0"