name,ttm,03/31/2022,12/31/2021,09/30/2021,06/30/2021,03/31/2021,12/31/2020,09/30/2020,06/30/2020,03/31/2020,12/31/2019,09/30/2019,06/30/2019,03/31/2019,12/31/2018,09/30/2018,06/30/2018,03/31/2018,12/31/2017,09/30/2017,06/30/2017,03/31/2017,12/31/2016,09/30/2016,06/30/2016,03/31/2016,12/31/2015,09/30/2015,06/30/2015,03/31/2015,12/31/2014,09/30/2014,06/30/2014,03/31/2014,12/31/2013,09/30/2013,06/30/2013,03/31/2013,12/31/2012,09/30/2012,06/30/2012,03/31/2012,12/31/2011,09/30/2011,06/30/2011,03/31/2011,12/31/2010,09/30/2010,06/30/2010,03/31/2010,12/31/2009,09/30/2009,06/30/2009,03/31/2009,12/31/2008,09/30/2008,06/30/2008,03/31/2008,12/31/2007,09/30/2007,06/30/2007,03/31/2007,12/31/2006,09/30/2006,06/30/2006,03/31/2006,12/31/2005,09/30/2005,06/30/2005,03/31/2005,12/31/2004,09/30/2004,06/30/2004,03/31/2004,12/31/2003,09/30/2003,06/30/2003,03/31/2003,12/31/2002,09/30/2002,06/30/2002,03/31/2002,12/31/2001,09/30/2001,06/30/2001,03/31/2001,12/31/2000,09/30/2000,06/30/2000,03/31/2000,12/31/1999,09/30/1999,06/30/1999,03/31/1999,12/31/1998,09/30/1998,06/30/1998,03/31/1998,12/31/1997,09/30/1997,06/30/1997,03/31/1997,12/31/1996,09/30/1996,06/30/1996
TotalRevenue,"1,821,019,000","451,519,000","494,834,000","458,017,000","416,649,000","352,607,000","427,604,000","433,081,000","355,031,000","366,476,000","428,991,000","411,565,000","381,372,000","325,434,000","345,664,000","345,043,000","356,532,000","330,426,000","342,569,000","370,845,000","367,157,000","332,767,000","326,657,000","371,462,000","298,503,000","299,403,000","298,644,000","336,286,000","269,866,000","267,265,000","306,241,000","297,472,000","272,304,000","259,908,000","267,182,000","271,129,000","259,317,000","236,312,000","242,025,000","252,638,000","236,824,000","102,349,000","263,577,000","255,545,000","204,110,000","236,422,000","221,814,000","234,477,000","189,005,000","180,405,000","178,711,000","172,715,000","152,420,000","134,159,000","184,724,000","196,858,000","182,286,000","187,199,000","198,439,000","225,001,000","238,666,000","180,475,000","222,878,000","198,748,000","189,670,000","160,198,095","163,073,618","174,242,648","149,803,801","168,263,822","147,650,267","153,929,093","106,698,733","85,252,820","79,800,419","85,636,731","79,867,518","71,722,052","73,263,666","82,329,115","72,175,280","48,730,456","55,812,442","47,145,947","53,293,336","72,066,894","73,674,596","77,751,616","83,613,106","72,933,804","76,200,000","59,400,000","53,100,000","44,500,000","69,900,000","38,000,000","40,200,000","27,100,000","23,600,000","27,300,000","26,800,000","19,700,000","11,800,000","11,700,000","12,900,000"
	OperatingRevenue,"1,821,019,000","451,519,000","494,834,000","458,017,000","416,649,000","352,607,000","427,604,000","433,081,000","355,031,000","366,476,000","428,991,000","411,565,000","381,372,000","325,434,000","345,664,000","345,043,000","356,532,000","330,426,000","342,569,000","370,845,000","367,157,000","332,767,000","326,657,000","371,462,000","298,503,000","299,403,000","298,644,000","336,286,000","269,866,000","267,265,000","306,241,000","297,472,000","272,304,000","259,908,000","267,182,000","271,129,000","259,317,000","236,312,000","242,025,000","252,638,000","236,824,000","102,349,000","263,577,000","255,545,000","204,110,000","236,422,000","221,814,000","234,477,000","189,005,000","180,405,000","178,711,000","172,715,000","152,420,000","134,159,000","184,724,000","196,858,000","182,286,000","187,199,000","198,439,000","225,001,000","238,666,000","180,475,000","222,878,000","198,748,000","189,670,000","160,198,095","163,073,618","174,242,648","149,803,801","168,263,822","147,650,267","153,929,093","106,698,733","85,252,820","79,800,419","85,636,731","79,867,518","71,722,052","73,263,666","82,329,115","72,175,280","48,730,456","55,812,442","47,145,947","53,293,336","72,066,894","73,674,596","77,751,616","83,613,106","72,933,804","76,200,000","59,400,000","53,100,000","44,500,000","69,900,000","38,000,000","40,200,000","27,100,000","23,600,000","27,300,000","26,800,000","19,700,000","11,800,000","11,700,000","12,900,000"
CostOfRevenue,"1,360,037,000","336,168,000","377,717,000","335,015,000","311,137,000","254,723,000","329,453,000","334,119,000","256,474,000","274,651,000","325,295,000","308,534,000","288,733,000","244,162,000","262,751,000","259,543,000","275,829,000","248,796,000","265,881,000","283,274,000","289,564,000","256,391,000","252,871,000","289,529,000","230,839,000","232,457,000","234,584,000","264,365,000","210,736,000","208,519,000","240,803,000","233,548,000","215,865,000","205,258,000","210,433,000","218,349,000","206,583,000","183,008,000","191,037,000","207,660,000","196,634,000","34,524,000","224,425,000","219,702,000","175,415,000","178,192,000","185,512,000","192,743,000","153,661,000","148,570,000","143,815,000","138,281,000","124,529,000","107,750,000","149,860,000","156,448,000","144,943,000","149,974,000","162,110,000","183,622,000","193,389,000","144,698,000","163,763,000","162,371,000","156,362,000","129,092,469","136,476,114","147,540,137","125,883,648","117,886,890","124,553,802","126,272,818","84,837,783","71,205,066","55,762,511","62,364,436","57,511,924","57,448,004","48,933,721","57,001,834","49,924,225","26,632,887","35,444,062","25,845,889","31,778,759","33,707,215","50,426,354","56,542,853","64,401,768","51,004,173","54,500,000","46,700,000","43,100,000","33,000,000","58,400,000","28,400,000","33,800,000","24,000,000","14,500,000","20,200,000","20,800,000","13,000,000","6,600,000","7,600,000","10,200,000"
GrossProfit,"460,982,000","115,351,000","117,117,000","123,002,000","105,512,000","97,884,000","98,151,000","98,962,000","98,557,000","91,825,000","103,696,000","103,031,000","92,639,000","81,272,000","82,913,000","85,500,000","80,703,000","81,630,000","76,688,000","87,571,000","77,593,000","76,376,000","73,786,000","81,933,000","67,664,000","66,946,000","64,060,000","71,921,000","59,130,000","58,746,000","65,438,000","63,924,000","56,439,000","54,650,000","56,749,000","52,780,000","52,734,000","53,304,000","50,988,000","44,978,000","40,190,000","67,825,000","39,152,000","35,843,000","28,695,000","58,230,000","36,302,000","41,734,000","35,344,000","31,835,000","34,896,000","34,434,000","27,891,000","26,409,000","34,864,000","40,410,000","37,343,000","37,225,000","36,329,000","41,379,000","45,277,000","35,777,000","59,115,000","36,377,000","33,308,000","31,105,626","26,597,504","26,702,511","23,920,153","50,376,932","23,096,465","27,656,275","21,860,950","14,047,754","24,037,908","23,272,295","22,355,594","14,274,048","24,329,945","25,327,281","22,251,055","22,097,569","20,368,380","21,300,058","21,514,577","38,359,679","23,248,242","21,208,763","19,211,338","21,929,631","21,700,000","12,700,000","10,000,000","11,500,000","11,500,000","9,600,000","6,400,000","3,100,000","9,100,000","7,100,000","6,000,000","6,700,000","5,200,000","4,100,000","2,700,000"
OperatingExpense,"311,763,000","80,234,000","80,471,000","78,357,000","72,701,000","73,468,000","68,533,000","70,230,000","72,983,000","73,271,000","76,737,000","74,080,000","69,250,000","66,257,000","62,447,000","60,446,000","59,756,000","62,824,000","60,028,000","58,469,000","56,727,000","57,255,000","52,070,000","53,330,000","49,829,000","50,160,000","46,019,000","44,838,000","43,511,000","43,117,000","44,301,000","42,987,000","41,053,000","40,094,000","38,200,000","37,652,000","38,921,000","40,059,000","34,942,000","35,037,000","34,122,000","36,683,000","33,412,000","30,952,000","29,464,000","30,719,000","28,919,000","27,951,000","26,722,000","26,078,000","25,947,000","24,537,000","23,248,000","23,364,000","25,457,000","28,114,000","29,591,000","30,036,000","27,768,000","30,474,000","33,867,000","29,221,000","34,816,000","32,444,000","27,969,000","27,389,979","22,610,773","21,763,256","20,202,373","15,613,631","18,735,384","22,128,626","16,782,371","7,870,245","18,078,564","16,880,118","16,827,819","8,146,405","18,013,541","18,750,611","16,491,133","15,613,284","14,189,624","14,170,057","14,599,377","30,783,175","16,195,092","14,021,410","11,521,812","13,489,387","13,700,000","9,100,000","7,300,000","7,100,000","7,600,000","6,100,000","4,900,000","300,000","6,500,000","4,800,000","4,300,000","5,200,000","3,800,000","2,800,000","1,600,000"
	SellingGeneralAndAdministration,"297,117,000","76,964,000","76,874,000","74,504,000","68,775,000","69,517,000","65,390,000","66,889,000","69,467,000","69,782,000","73,090,000","70,523,000","65,787,000","62,683,000","59,728,000","57,705,000","56,966,000","59,989,000","57,134,000","56,340,000","54,664,000","55,411,000","50,160,000","51,607,000","48,054,000","44,612,000","46,019,000","44,838,000","43,511,000","43,117,000","44,301,000","42,987,000","41,053,000","40,094,000","38,200,000","37,652,000","38,921,000","40,059,000","34,942,000","35,037,000","34,122,000","36,683,000","33,412,000","30,952,000","29,464,000","30,719,000","28,919,000","27,951,000","26,722,000","26,078,000","25,947,000","24,537,000","23,248,000","23,364,000","25,457,000","28,114,000","29,591,000","30,036,000","27,768,000","30,474,000","33,867,000","29,221,000","34,816,000","32,444,000","27,969,000","27,389,979","22,610,773","21,763,256","20,202,373","15,613,631","18,735,384","22,128,626","16,782,371","7,870,245","18,078,564","16,880,118","16,827,819","8,146,405","18,013,541","18,750,611","16,491,133","15,613,284","14,189,624","14,170,057","14,599,377","27,451,747","12,723,356","11,917,431","9,180,195","11,130,207","10,600,000","8,000,000","6,500,000","6,300,000","6,400,000","4,700,000","3,600,000","-900,000","5,400,000","3,600,000","3,200,000","3,900,000","2,700,000","2,200,000","1,100,000"
		GeneralAndAdministrativeExpense,,,,,,,,,,,,,,,,,,,,,,,"50,160,000","51,607,000","48,054,000","44,612,000","46,019,000","44,838,000","43,511,000","43,117,000","44,301,000","42,987,000","41,053,000","40,094,000","38,200,000","37,652,000","38,921,000","40,059,000","34,942,000","35,037,000","34,122,000","36,683,000","33,412,000","30,952,000","29,464,000","30,719,000","28,919,000","27,951,000","26,722,000","26,078,000","25,947,000","24,537,000","23,248,000","23,364,000","25,457,000",,,,,,,,,,,,,,,,,,,,,,,,,,,,,,,,,,,,,,,,,,,,,,,,,,
			SalariesAndWages,,,,,,,,,,,,,,,,,,,,,,,"42,385,000","42,296,000","39,798,000","40,978,000","37,372,000","35,740,000","35,214,000","35,255,000","35,632,000","34,252,000","32,947,000","31,989,000","30,795,000","29,685,000","30,682,000","30,155,000","27,535,000","26,919,000","26,354,000","25,576,000","25,596,000","24,090,000","23,006,000","22,094,000","21,506,000","20,597,000","20,050,000","19,594,000","18,837,000","18,256,000","17,925,000","18,671,000","19,573,000",,,,,,,,,,,,,,,,,,,,,,,,,,,,,,,,,,,,,,,,,,,,,,,,,,
			OtherGandA,,,,,,,,,,,,,,,,,,,,,,,"7,775,000","9,311,000","8,256,000","3,634,000","8,647,000","9,098,000","8,297,000","7,862,000","8,669,000","8,735,000","8,106,000","8,105,000","7,405,000","7,967,000","8,239,000","9,904,000","7,407,000","8,118,000","7,768,000","11,107,000","7,816,000","6,862,000","6,458,000","8,625,000","7,413,000","7,354,000","6,672,000","6,484,000","7,110,000","6,281,000","5,323,000","4,693,000","5,884,000",,,,,,,,,,,,,,,,,,,,,,,,,,,,,,,,,,,,,,,,,,,,,,,,,,
	DepreciationAmortizationDepletionIncomeStatement,"14,646,000","3,270,000","3,597,000","3,853,000","3,926,000","3,951,000","3,143,000","3,341,000","3,516,000","3,489,000","3,647,000","3,557,000","3,463,000","3,574,000","2,719,000","2,741,000","2,790,000","2,835,000","2,894,000","2,129,000","2,063,000","1,844,000","1,910,000","1,723,000","1,775,000","1,809,000",,,,,,,,,,,,,,,,,,,,,,,,,,,,,,,,,,,,,,,,,,,,,,,,,,,,,,,,,,,,"3,331,428","3,471,736","2,103,979","2,341,617","2,359,180","3,100,000","1,100,000","800,000","800,000","1,200,000","1,400,000","1,300,000","1,200,000","1,100,000","1,200,000","1,100,000","1,300,000","1,100,000","600,000","500,000"
		DepreciationAndAmortizationInIncomeStatement,"14,646,000","3,270,000","3,597,000","3,853,000","3,926,000","3,951,000","3,143,000","3,341,000","3,516,000","3,489,000","3,647,000","3,557,000","3,463,000","3,574,000","2,719,000","2,741,000","2,790,000","2,835,000","2,894,000","2,129,000","2,063,000","1,844,000","1,910,000","1,723,000","1,775,000","1,809,000",,,,,,,,,,,,,,,,,,,,,,,,,,,,,,,,,,,,,,,,,,,,,,,,,,,,,,,,,,,,"3,331,428","3,471,736","2,103,979","2,341,617","2,359,180","3,100,000","1,100,000","800,000","800,000","1,200,000","1,400,000","1,300,000","1,200,000","1,100,000","1,200,000","1,100,000","1,300,000","1,100,000","600,000","500,000"
OperatingIncome,"149,219,000","35,117,000","36,646,000","44,645,000","32,811,000","24,416,000","29,618,000","28,732,000","25,574,000","18,554,000","26,959,000","28,951,000","23,389,000","15,015,000","20,466,000","25,054,000","20,947,000","18,806,000","16,660,000","29,102,000","20,866,000","19,121,000","21,716,000","28,603,000","17,835,000","16,786,000","18,041,000","27,083,000","15,619,000","15,629,000","21,137,000","20,937,000","15,386,000","14,556,000","18,549,000","15,128,000","13,813,000","13,245,000","16,046,000","9,941,000","6,068,000","31,142,000","5,740,000","4,891,000","-769,000","27,511,000","7,383,000","13,783,000","8,622,000","5,757,000","8,949,000","9,897,000","4,643,000","3,045,000","9,407,000","12,296,000","7,752,000","7,189,000","8,561,000","10,905,000","11,410,000","6,556,000","24,299,000","3,933,000","5,339,000","3,715,647","3,986,731","4,939,255","3,717,780","34,763,301","4,361,081","5,527,649","5,078,579","6,177,509","5,959,344","6,392,177","5,527,775","6,127,643","6,316,404","6,576,670","5,759,922","6,484,285","6,178,756","7,130,001","6,915,200","7,576,504","7,053,150","7,187,353","7,689,526","8,440,244","8,000,000","3,600,000","2,700,000","4,400,000","3,900,000","3,500,000","1,500,000","2,800,000","2,600,000","2,300,000","1,700,000","1,500,000","1,400,000","1,300,000","1,100,000"
NetNonOperatingInterestIncomeExpense,"-1,903,000","-641,000","-561,000","-342,000","-359,000","-826,000","-355,000","-247,000","-577,000","-676,000","-694,000","-576,000","-628,000","-545,000","-443,000","-484,000","-476,000","-292,000","-270,000","-274,000","-359,000","-385,000","-409,000","-400,000","-349,000","-407,000","-396,000","-422,000","-553,000","-549,000","-575,000","-611,000","-644,000","-559,000","-496,000","-433,000","-460,000","-500,000","-517,000","6,967,000","7,495,000","-24,133,000","8,694,000","6,957,000","7,052,000","-27,849,000","8,074,000","-696,000","-786,000","-836,000","-896,000","-1,098,000","-1,305,000","-1,501,000","-1,355,000",,,,,,,,,,,,,,,,,,,,,,,,,,,,,,,,,,,,,,,,,,,,,,,,,,
	InterestIncomeNonOperating,,,,,,,,,,,,,,,,,,,,,,,,,,,,,,,,,,,,,,,,"7,413,000","7,900,000",,"9,028,000","7,305,000","7,434,000",,"8,659,000",,,,,,,,,,,,,,,,,,,,,,,,,,,,,,,,,,,,,,,,,,,,,,,,,,,,,,,,,,
	InterestExpenseNonOperating,"1,903,000","641,000","561,000","342,000","359,000","826,000","355,000","247,000","577,000","676,000","694,000","576,000","628,000","545,000","443,000","484,000","476,000","292,000","270,000","274,000","359,000","385,000","409,000","400,000","349,000","407,000","396,000","422,000","553,000","549,000","575,000","611,000","644,000","559,000","496,000","433,000","460,000","500,000","517,000","446,000","405,000","366,000","334,000","348,000","382,000","497,000","585,000","696,000","786,000","836,000","896,000","1,098,000","1,305,000","1,501,000","1,355,000",,,,,,,,,,,,,,,,,,,,,,,,,,,,,,,,,,,,,,,,,,,,,,,,,,
OtherIncomeExpense,"-432,000","-55,000","-175,000","-325,000","123,000","-524,000","813,000","184,000","98,000","-232,000","997,000","-40,000","-45,000","5,556,000","721,000","322,000","97,000","-347,000","-131,000","-141,000","271,000","0",,"380,000",,,,,,"0","6,169,000",,"1,434,000",,,,,,,,,,,,,,,,,"0","-4,029,000",,,"0","-4,644,000",,,,,,,,,,,,,,,,,,,,,,,,,,,,,,,,,,,,,"1,800,000","1,300,000",,,,"1,400,000",,,"-200,000",,,,,
	SpecialIncomeCharges,,,,,,,,,,,,,,,,,,,,,,,,,,,,,,,,,,,,,,,,,,,,,,"0","0",,,"0","-4,029,000",,,"0","-4,644,000",,,,,,,,,,,,,,,,,,,,,,,,,,,,,,,,,,,,,"1,800,000","1,300,000",,,,"1,400,000",,,"-200,000",,,,,
		ImpairmentOfCapitalAssets,,,,,,,,,,,,,,,,,,,,,,,,,,,,,,,,,,,,,,,,,,,,,,"0","0",,,"0","4,029,000",,,"0","4,644,000",,,,,,,,,,,,,,,,,,,,,,,,,,,,,,,,,,,,,,,,,,,,,,,,,,
	OtherNonOperatingIncomeExpenses,"-432,000","-55,000","-175,000","-325,000","123,000","-524,000","813,000","184,000","98,000","-232,000","997,000","-40,000","-45,000","5,556,000","721,000","322,000","97,000","-347,000","-131,000","-141,000","271,000","0",,"380,000",,,,,,"0","6,169,000",,"1,434,000",,,,,,,,,,,,,,,,,,,,,,,,,,,,,,,,,,,,,,,,,,,,,,,,,,,,,,,,,,,,,,,,,,,,,,,,
PretaxIncome,"146,884,000","34,421,000","35,910,000","43,978,000","32,575,000","23,066,000","30,076,000","28,669,000","25,095,000","17,646,000","27,262,000","28,335,000","22,716,000","20,026,000","20,744,000","24,892,000","20,568,000","18,167,000","16,259,000","28,687,000","20,778,000","18,736,000","21,307,000","28,583,000","17,486,000","16,379,000","17,645,000","26,661,000","15,066,000","15,080,000","26,731,000","20,326,000","16,176,000","13,997,000","18,053,000","14,695,000","13,353,000","12,745,000","15,529,000","16,908,000","13,563,000","7,009,000","14,434,000","11,848,000","6,283,000","6,341,000","13,304,000","13,087,000","7,836,000","4,921,000","4,024,000","8,799,000","3,338,000","1,544,000","3,408,000","10,829,000","6,267,000","5,656,000","6,743,000","8,629,000","8,914,000","3,923,000","21,460,000","1,268,000","3,344,000","-8,507,324","2,036,300","3,224,485","2,180,055","33,097,870","2,738,244","4,227,001","3,686,442","4,540,092","4,322,631","4,565,582","3,781,426","4,416,309","4,396,032","4,310,567","3,349,338","4,129,562","3,561,410","3,665,206","3,564,943","3,466,773","2,971,769","3,403,568","4,141,527","4,250,562","4,000,000","3,500,000","2,500,000","3,300,000","2,800,000","2,700,000","2,500,000","2,400,000","2,200,000","1,500,000","1,400,000","1,200,000","900,000","900,000","800,000"
TaxProvision,"41,284,000","10,176,000","9,486,000","12,565,000","9,057,000","7,513,000","8,438,000","8,823,000","7,735,000","4,400,000","7,712,000","8,237,000","6,528,000","4,974,000","5,880,000","6,889,000","5,295,000","9,270,000","678,000","11,466,000","7,355,000","8,246,000","8,687,000","11,808,000","6,815,000","6,422,000","7,348,000","10,982,000","6,252,000","6,170,000","11,230,000","8,374,000","6,699,000","5,775,000","7,443,000","6,104,000","5,503,000","5,043,000","6,496,000","6,875,000","5,501,000","3,152,000","5,691,000","4,784,000","2,580,000","2,785,000","5,755,000","5,178,000","3,123,000","1,391,000","1,708,000","3,801,000","1,437,000","790,000","1,446,000","4,409,000","2,574,000","2,911,000","2,992,000","3,775,000","3,904,000","1,992,000","9,056,000","290,000","1,391,000","-3,558,588","824,701","1,305,917","882,922","13,656,138","1,122,680","1,733,070","1,511,441","1,988,134","1,729,052","1,860,705","1,478,098","1,818,042","1,802,376","1,765,930","1,373,203","1,693,175","1,424,564","1,466,082","1,425,977","1,386,709","1,242,907","1,380,398","1,656,611","1,875,194","1,600,000","1,400,000","1,000,000","1,400,000","1,100,000","1,100,000","1,000,000","1,000,000","900,000","400,000","500,000","400,000","300,000","300,000","300,000"
NetIncomeCommonStockholders,"105,600,000","24,245,000","26,424,000","31,413,000","23,518,000","15,553,000","21,638,000","19,846,000","17,360,000","13,246,000","19,550,000","20,098,000","16,188,000","15,052,000","14,864,000","18,003,000","15,273,000","8,897,000","15,581,000","17,221,000","13,423,000","10,490,000","12,620,000","16,775,000","10,671,000","9,957,000","10,297,000","15,679,000","8,814,000","8,851,000","15,501,000","11,952,000","9,429,000","8,176,000","10,550,000","8,525,000","7,727,000","7,541,000","8,691,000","10,033,000","8,062,000","3,857,000","8,743,000","7,064,000","3,703,000","3,556,000","7,549,000","7,909,000","4,713,000","3,530,000","2,316,000","4,998,000","1,901,000","754,000","1,962,000","6,420,000","3,693,000","2,745,000","3,751,000","4,854,000","5,010,000","1,931,000","12,404,000","978,000","1,953,000","-4,948,736","1,211,599","1,918,568","1,297,133","19,441,732","1,615,564","2,493,931","2,175,001","2,551,958","2,593,579","2,704,877","2,303,328","2,598,267","2,593,656","2,544,637","1,976,135","2,436,387","2,136,846","2,199,124","2,138,966","2,080,064","1,728,862","2,023,170","2,484,916","2,375,368","2,400,000","2,100,000","1,500,000","1,900,000","1,700,000","1,600,000","1,500,000","1,400,000","1,300,000","1,100,000","900,000","800,000","600,000","600,000","500,000"
	NetIncome,"105,600,000","24,245,000","26,424,000","31,413,000","23,518,000","15,553,000","21,638,000","19,846,000","17,360,000","13,246,000","19,550,000","20,098,000","16,188,000","15,052,000","14,864,000","18,003,000","15,273,000","8,897,000","15,581,000","17,221,000","13,423,000","10,490,000","12,620,000","16,775,000","10,671,000","9,957,000","10,297,000","15,679,000","8,814,000","8,910,000","15,501,000","11,952,000","9,477,000","8,222,000","10,610,000","8,591,000","7,850,000","7,702,000","9,033,000","10,033,000","8,062,000","3,857,000","8,743,000","7,064,000","3,703,000","3,556,000","7,549,000","7,909,000","4,713,000","3,530,000","2,316,000","4,998,000","1,901,000","754,000","1,962,000","6,420,000","3,693,000","2,745,000","3,751,000","4,854,000","5,010,000","1,931,000","12,404,000","978,000","1,953,000","-4,948,736","1,211,599","1,918,568","1,297,133","19,441,732","1,615,564","2,493,931","2,175,001","2,551,958","2,593,579","2,704,877","2,303,328","2,598,267","2,593,656","2,544,637","1,976,135","2,436,387","2,136,846","2,199,124","2,138,966","2,080,064","1,728,862","2,023,170","2,484,916","2,375,368","2,400,000","2,100,000","1,500,000","1,900,000","1,700,000","1,600,000","1,500,000","1,400,000","1,300,000","1,100,000","900,000","800,000","600,000","600,000","500,000"
		NetIncomeIncludingNoncontrollingInterests,"105,600,000","24,245,000","26,424,000","31,413,000","23,518,000","15,553,000","21,638,000","19,846,000","17,360,000","13,246,000","19,550,000","20,098,000","16,188,000","15,052,000","14,864,000","18,003,000","15,273,000","8,897,000","15,581,000","17,221,000","13,423,000","10,490,000","12,620,000","16,775,000","10,671,000","9,957,000","10,297,000","15,679,000","8,814,000","8,910,000","15,501,000","11,952,000","9,477,000","8,222,000","10,610,000","8,591,000","7,850,000","7,702,000","9,033,000","10,033,000","8,062,000","3,857,000","8,743,000","7,064,000","3,703,000","3,556,000","7,549,000","7,909,000","4,713,000","3,530,000","2,316,000","4,998,000","1,901,000","754,000","1,962,000","6,420,000","3,693,000","2,745,000","3,751,000","4,854,000","5,010,000","1,931,000","12,404,000","978,000","1,953,000","-4,948,736","1,211,599","1,918,568","1,297,133","19,441,732","1,615,564","2,493,931","2,175,001","2,551,958","2,593,579","2,704,877","2,303,328","2,598,267","2,593,656","2,544,637","1,976,135","2,436,387","2,136,846","2,199,124","2,138,966","2,080,064","1,728,862","2,023,170","2,484,916","2,375,368","2,400,000","2,100,000","1,500,000","1,900,000","1,700,000","1,600,000","1,500,000","1,400,000","1,300,000","1,100,000","900,000","800,000","600,000","600,000","500,000"
			NetIncomeContinuousOperations,"105,600,000","24,245,000","26,424,000","31,413,000","23,518,000","15,553,000","21,638,000","19,846,000","17,360,000","13,246,000","19,550,000","20,098,000","16,188,000","15,052,000","14,864,000","18,003,000","15,273,000","8,897,000","15,581,000","17,221,000","13,423,000","10,490,000","12,620,000","16,775,000","10,671,000","9,957,000","10,297,000","15,679,000","8,814,000","8,910,000","15,501,000","11,952,000","9,477,000","8,222,000","10,610,000","8,591,000","7,850,000","7,702,000","9,033,000","10,033,000","8,062,000","3,857,000","8,743,000","7,064,000","3,703,000","3,556,000","7,549,000","7,909,000","4,713,000","3,530,000","2,316,000","4,998,000","1,901,000","754,000","1,962,000","6,420,000","3,693,000","2,745,000","3,751,000","4,854,000","5,010,000","1,931,000","12,404,000","978,000","1,953,000","-4,948,736","1,211,599","1,918,568","1,297,133","19,441,732","1,615,564","2,493,931","2,175,001","2,551,958","2,593,579","2,704,877","2,303,328","2,598,267","2,593,656","2,544,637","1,976,135","2,436,387","2,136,846","2,199,124","2,138,966","2,080,064","1,728,862","2,023,170","2,484,916","2,375,368","2,400,000","2,100,000","1,500,000","1,900,000","1,700,000","1,600,000","1,500,000","1,400,000","1,300,000","1,100,000","900,000","800,000","600,000","600,000","500,000"
	OtherunderPreferredStockDividend,,,,,,,,,,,,,,,,,,,,,,,,,,"0","0",,"0",,,"0","48,000","46,000","60,000","66,000","123,000","161,000","342,000",,,,,,,,,,,,,,,,,,,,,,,,,,,,,,,,,,,,,,,,,,,,,,,,,,,,,,,,,,,,,,,,,,
AverageDilutionEarnings,,,,,,,,,,,,,,,,,,,,,,,,,,"0","0",,"0",,,"0","0","1,000","0","0","0","3,000","0",,,,,,,,,,,,,,,,,,,,,,,,,,,,,,,,,,,,,,,,,,,,,,,,,,,,,,,,,,,,,,,,,,
DilutedNIAvailtoComStockholders,"105,600,000","24,245,000","26,424,000","31,413,000","23,518,000","15,553,000","21,638,000","19,846,000","17,360,000","13,246,000","19,550,000","20,098,000","16,188,000","15,052,000","14,864,000","18,003,000","15,273,000","8,897,000","15,581,000","17,221,000","13,423,000","10,490,000","12,620,000","16,775,000","10,671,000","9,957,000","10,297,000","15,679,000","8,814,000","8,852,000","15,501,000","11,952,000","9,429,000","8,177,000","10,550,000","8,525,000","7,727,000","7,544,000","8,691,000","10,033,000","8,062,000","3,857,000","8,743,000","7,064,000","3,703,000","3,556,000","7,549,000","7,909,000","4,713,000","3,530,000","2,316,000","4,998,000","1,901,000","754,000","1,962,000","6,420,000","3,693,000","2,745,000","3,751,000","4,854,000","5,010,000","1,931,000","12,404,000","978,000","1,953,000","-4,948,736","1,211,599","1,918,568","1,297,133","19,441,732","1,615,564","2,493,931","2,175,001","2,551,958","2,593,579","2,704,877","2,303,328","2,598,267","2,593,656","2,544,637","1,976,135","2,436,387","2,136,846","2,199,124","2,138,966","2,080,064","1,728,862","2,023,170","2,484,916","2,375,368","2,400,000","2,100,000","1,500,000","1,900,000","1,700,000","1,600,000","1,500,000","1,400,000","1,300,000","1,100,000","900,000","800,000","600,000","600,000","500,000"
BasicEPS,,"0.91","0.99","1.18","0.88","0.585","0.81","0.74","0.65","0.495","0.735","0.755","0.605","0.56","0.55","0.665","0.57","0.325","0.56","0.62","0.485","0.38","0.458","0.608","0.38","0.343","0.353","0.54","0.305","0.308","0.535","0.408","0.315",,"0.333","0.268","0.245","0.24","0.263","0.323","0.26",,"0.28","0.218","0.113",,"0.228","0.243","0.145",,"0.068","0.153","0.058",,"0.06","0.193","0.113",,"0.113","0.148","0.153",,"0.378","0.03","0.06",,"0.038","0.058","0.038",,"0.045","0.07","0.06",,"0.07","0.073","0.06",,"0.065","0.063","0.048",,"0.05","0.055","0.055",,"0.045","0.053","0.065",,"0.075","0.07","0.05",,"0.06","0.065","0.06",,"0.053","0.048","0.045",,"0.048","0.048","0.03"
DilutedEPS,,"0.91","0.98","1.17","0.875","0.58","0.81","0.74","0.65","0.495","0.73","0.755","0.6","0.56","0.55","0.665","0.56","0.325","0.555","0.615","0.48","0.375","0.453","0.605","0.375","0.34","0.35","0.538","0.303","0.305","0.533","0.408","0.313",,"0.33","0.265","0.243","0.238","0.263","0.318","0.255",,"0.275","0.213","0.11",,"0.223","0.235","0.143",,"0.068","0.145","0.058",,"0.06","0.185","0.108",,"0.113","0.148","0.148",,"0.368","0.03","0.055",,"0.035","0.053","0.035",,"0.043","0.068","0.058",,"0.065","0.068","0.06",,"0.065","0.063","0.048",,"0.05","0.055","0.053",,"0.045","0.048","0.06",,"0.065","0.07","0.05",,"0.06","0.063","0.058",,"0.053","0.048","0.045",,"0.048","0.048","0.03"
BasicAverageShares,,"26,553,000","26,668,000","26,664,000","26,666,000","26,646,000","26,664,000","26,744,000","26,644,000","26,636,000","26,640,000","26,624,000","26,712,000","26,782,000","26,942,000","26,988,000","26,868,000","27,240,000","27,702,000","27,758,000","27,612,000","27,584,000","27,584,000","27,636,000","28,132,000","28,988,000","29,120,000","29,096,000","28,900,000","28,872,000","28,920,000","29,280,000","30,016,000",,"31,801,416","31,902,360","31,655,748","31,627,980","31,372,612","31,080,824","30,882,140",,"31,274,664","32,613,980","33,229,556",,"33,006,860","32,524,352","32,493,304",,"33,555,180","33,325,208","32,590,740",,"33,056,460","33,197,984","33,014,208",,"32,926,964","32,926,964","32,926,964",,"32,926,964","32,915,292","32,829,476",,"32,860,884","33,897,204","34,182,976",,"35,829,120","35,688,416","35,686,360",,"37,235,916","37,866,604","37,821,524",,"39,968,532","41,141,248","41,619,580",,"41,722,924","40,640,728","39,785,420",,"38,829,744","38,716,984","37,588,628",,"32,000,000","30,000,000","30,000,000",,"28,333,333","24,615,385","25,000,000",,"24,761,905","23,157,895","20,000,000",,"16,666,667","16,666,667","16,666,667"
DilutedAverageShares,,"26,703,000","26,930,000","26,864,000","26,882,000","26,832,000","26,756,000","26,782,000","26,776,000","26,780,000","26,756,000","26,700,000","26,914,000","26,982,000","27,088,000","27,172,000","27,194,000","27,534,000","27,980,000","28,016,000","28,038,000","27,962,000","27,840,000","27,768,000","28,432,000","29,232,000","29,316,000","29,188,000","29,204,000","29,156,000","29,116,000","29,380,000","30,236,000",,"31,929,672","32,078,228","31,938,724","31,851,844","31,372,612","31,683,708","31,591,624",,"31,881,472","33,310,992","33,958,812",,"33,804,520","33,536,616","33,226,416",,"34,216,988","34,190,464","33,662,124",,"33,617,408","34,490,248","34,322,636",,"33,689,024","33,324,176","33,739,096",,"33,826,508","33,699,612","34,893,756",,"35,563,792","36,283,876","36,169,752",,"37,502,664","37,008,784","37,629,008",,"39,872,980","40,718,952","38,405,996",,"40,114,036","41,148,640","42,025,956",,"42,684,384","40,904,592","40,553,312",,"39,466,292","41,734,928","41,053,992",,"36,923,077","30,000,000","30,000,000",,"28,333,333","25,600,000","26,086,957",,"24,761,905","23,157,895","20,000,000",,"16,666,667","16,666,667","16,666,667"
TotalOperatingIncomeAsReported,"147,316,000","34,476,000","36,085,000","44,303,000","32,452,000","23,590,000","29,263,000","28,485,000","24,997,000","17,878,000","26,265,000","28,375,000","22,761,000","14,470,000","20,023,000","24,570,000","20,471,000","18,514,000","16,390,000","28,828,000","20,507,000","18,736,000","21,307,000","28,203,000",,"16,379,000","17,645,000","26,661,000","15,066,000","15,080,000","20,562,000","20,326,000","14,742,000",,,,,,,"16,908,000","13,563,000",,"14,434,000","11,848,000","6,283,000",,"15,457,000",,,,,,,,,"12,296,000","7,752,000","7,189,000","8,561,000","10,905,000","11,410,000","6,556,000","24,299,000","3,933,000","5,339,000","3,715,647","3,986,731","4,939,255","3,717,780","34,763,301","4,361,081","5,527,649","5,078,579","6,177,509","5,959,344","6,392,177","5,527,775","6,127,643","6,316,404","6,576,670","5,759,922","6,484,285","6,178,756","7,130,001","6,915,200","7,576,504","7,053,150","7,187,353","7,689,526","8,440,244","8,000,000","3,600,000","2,700,000","4,400,000","3,900,000","3,500,000","1,500,000","2,800,000","2,600,000","2,300,000","1,700,000","1,500,000","1,400,000","1,300,000","1,100,000"
RentExpenseSupplemental,,,,,,,,,,,,,,,,,,,,"1,321,000","1,131,000","983,000",,"1,325,000",,"1,104,000","3,081,000",,"3,018,000","2,698,000","2,601,000","2,806,000","2,957,000","2,945,000","3,055,000","3,495,000","3,253,000","3,254,000","2,934,000",,,,,,,,,,,,,,,,,,,,,,,,,,,,,,,,,,,,,,,,,,,,,,,,,,,,,,,,,,,,,,,,,,
TotalExpenses,"1,671,800,000","416,402,000","458,188,000","413,372,000","383,838,000","328,191,000","397,986,000","404,349,000","329,457,000","347,922,000","402,032,000","382,614,000","357,983,000","310,419,000","325,198,000","319,989,000","335,585,000","311,620,000","325,909,000","341,743,000","346,291,000","313,646,000","304,941,000","342,859,000","280,668,000","282,617,000","280,603,000","309,203,000","254,247,000","251,636,000","285,104,000","276,535,000","256,918,000","245,352,000","248,633,000","256,001,000","245,504,000","223,067,000","225,979,000","242,697,000","230,756,000","71,207,000","257,837,000","250,654,000","204,879,000","208,911,000","214,431,000","220,694,000","180,383,000","174,648,000","169,762,000","162,818,000","147,777,000","131,114,000","175,317,000","184,562,000","174,534,000","180,010,000","189,878,000","214,096,000","227,256,000","173,919,000","198,579,000","194,815,000","184,331,000","156,482,448","159,086,887","169,303,393","146,086,021","133,500,521","143,289,186","148,401,444","101,620,154","79,075,311","73,841,075","79,244,554","74,339,743","65,594,409","66,947,262","75,752,445","66,415,358","42,246,171","49,633,686","40,015,946","46,378,136","64,490,390","66,621,446","70,564,263","75,923,580","64,493,560","68,200,000","55,800,000","50,400,000","40,100,000","66,000,000","34,500,000","38,700,000","24,300,000","21,000,000","25,000,000","25,100,000","18,200,000","10,400,000","10,400,000","11,800,000"
NetIncomeFromContinuingAndDiscontinuedOperation,"105,600,000","24,245,000","26,424,000","31,413,000","23,518,000","15,553,000","21,638,000","19,846,000","17,360,000","13,246,000","19,550,000","20,098,000","16,188,000","15,052,000","14,864,000","18,003,000","15,273,000","8,897,000","15,581,000","17,221,000","13,423,000","10,490,000","12,620,000","16,775,000","10,671,000","9,957,000","10,297,000","15,679,000","8,814,000","8,910,000","15,501,000","11,952,000","9,477,000","8,222,000","10,610,000","8,591,000","7,850,000","7,702,000","9,033,000","10,033,000","8,062,000","3,857,000","8,743,000","7,064,000","3,703,000","3,556,000","7,549,000","7,909,000","4,713,000","3,530,000","2,316,000","4,998,000","1,901,000","754,000","1,962,000","6,420,000","3,693,000","2,745,000","3,751,000","4,854,000","5,010,000","1,931,000","12,404,000","978,000","1,953,000","-4,948,736","1,211,599","1,918,568","1,297,133","19,441,732","1,615,564","2,493,931","2,175,001","2,551,958","2,593,579","2,704,877","2,303,328","2,598,267","2,593,656","2,544,637","1,976,135","2,436,387","2,136,846","2,199,124","2,138,966","2,080,064","1,728,862","2,023,170","2,484,916","2,375,368","2,400,000","2,100,000","1,500,000","1,900,000","1,700,000","1,600,000","1,500,000","1,400,000","1,300,000","1,100,000","900,000","800,000","600,000","600,000","500,000"
NormalizedIncome,"105,600,000","24,245,000","26,424,000","31,413,000","23,518,000","15,553,000","21,638,000","19,846,000","17,360,000","13,246,000","19,550,000","20,098,000","16,188,000","15,052,000","14,864,000","18,003,000","15,273,000","8,897,000","15,581,000","17,221,000","13,423,000","10,490,000","12,620,000","16,775,000","10,671,000","9,957,000","10,297,000","15,679,000","8,814,000","8,910,000","15,501,000","11,952,000","9,477,000","8,222,000","10,610,000","8,591,000","7,850,000","7,702,000","9,033,000","10,033,000","8,062,000","3,857,000","8,743,000","7,064,000","3,703,000","3,556,000","7,549,000","7,909,000","4,713,000","3,530,000","4,934,850","4,998,000","1,901,000","754,000","4,980,600","6,420,000","3,693,000","2,745,000","3,751,000","4,854,000","5,010,000","1,931,000","12,404,000","978,000","1,953,000","-4,948,736","1,211,599","1,918,568","1,297,133","19,441,732","1,615,564","2,493,931","2,175,001","2,551,958","2,593,579","2,704,877","2,303,328","2,598,267","2,593,656","2,544,637","1,976,135","2,436,387","2,136,846","2,199,124","2,138,966","2,080,064","1,728,862","2,023,170","2,484,916","2,375,368","2,400,000","1,020,000","720,000","1,900,000","1,700,000","1,600,000","660,000","1,400,000","1,300,000","1,246,666.667","900,000","800,000","600,000","600,000","500,000"
InterestIncome,,,,,,,,,,,,,,,,,,,,,,,,,,,,,,,,,,,,,,,,"7,413,000","7,900,000",,"9,028,000","7,305,000","7,434,000",,"8,659,000",,,,,,,,,,,,,,,,,,,,,,,,,,,,,,,,,,,,,,,,,,,,,,,,,,,,,,,,,,
InterestExpense,"1,903,000","641,000","561,000","342,000","359,000","826,000","355,000","247,000","577,000","676,000","694,000","576,000","628,000","545,000","443,000","484,000","476,000","292,000","270,000","274,000","359,000","385,000","409,000","400,000","349,000","407,000","396,000","422,000","553,000","549,000","575,000","611,000","644,000","559,000","496,000","433,000","460,000","500,000","517,000","446,000","405,000","366,000","334,000","348,000","382,000","497,000","585,000","696,000","786,000","836,000","896,000","1,098,000","1,305,000","1,501,000","1,355,000",,,,,,,,,,,,,,,,,,,,,,,,,,,,,,,,,,,,,,,,,,,,,,,,,,
NetInterestIncome,"-1,903,000","-641,000","-561,000","-342,000","-359,000","-826,000","-355,000","-247,000","-577,000","-676,000","-694,000","-576,000","-628,000","-545,000","-443,000","-484,000","-476,000","-292,000","-270,000","-274,000","-359,000","-385,000","-409,000","-400,000","-349,000","-407,000","-396,000","-422,000","-553,000","-549,000","-575,000","-611,000","-644,000","-559,000","-496,000","-433,000","-460,000","-500,000","-517,000","6,967,000","7,495,000","-24,133,000","8,694,000","6,957,000","7,052,000","-27,849,000","8,074,000","-696,000","-786,000","-836,000","-896,000","-1,098,000","-1,305,000","-1,501,000","-1,355,000",,,,,,,,,,,,,,,,,,,,,,,,,,,,,,,,,,,,,,,,,,,,,,,,,,
EBIT,"148,787,000","35,062,000","36,471,000","44,320,000","32,934,000","23,892,000","30,431,000","28,916,000","25,672,000","18,322,000","27,956,000","28,911,000","23,344,000","20,571,000","21,187,000","25,376,000","21,044,000","18,459,000","16,529,000","28,961,000","21,137,000","19,121,000","21,716,000","28,983,000","17,835,000","16,786,000","18,041,000","27,083,000","15,619,000","15,629,000","27,306,000","20,937,000","16,820,000","14,556,000","18,549,000","15,128,000","13,813,000","13,245,000","16,046,000","17,354,000","13,968,000","7,375,000","14,768,000","12,196,000","6,665,000","6,838,000","13,889,000","13,783,000","8,622,000","5,757,000","4,920,000","9,897,000","4,643,000","3,045,000","4,763,000","12,296,000","7,752,000","7,189,000","8,561,000","10,905,000","11,410,000","6,556,000","24,299,000","3,933,000","5,339,000","3,715,647","3,986,731","4,939,255","3,717,780","34,763,301","4,361,081","5,527,649","5,078,579","6,177,509","5,959,344","6,392,177","5,527,775","6,127,643","6,316,404","6,576,670","5,759,922","6,484,285","6,178,756","7,130,001","6,915,200","7,576,504","7,053,150","7,187,353","7,689,526","8,440,244","8,000,000","3,600,000","2,700,000","4,400,000","3,900,000","3,500,000","1,500,000","2,800,000","2,600,000","2,300,000","1,700,000","1,500,000","1,400,000","1,300,000","1,100,000"
EBITDA,"173,092,000"
ReconciledCostOfRevenue,"1,350,378,000","333,753,000","374,738,000","332,906,000","308,981,000","252,445,000","328,294,000","332,779,000","255,211,000","274,201,000","323,802,000","306,978,000","287,232,000","242,438,000","260,996,000","257,917,000","274,119,000","247,128,000","264,196,000","281,883,000","288,402,000","255,262,000","251,855,000","288,195,000","229,839,000","232,457,000","234,584,000","264,365,000","210,736,000","208,519,000","240,803,000","233,548,000","215,865,000","205,258,000","210,433,000","218,349,000","206,583,000","183,008,000","191,037,000","207,660,000","196,634,000","34,524,000","224,425,000","219,702,000","175,415,000","178,192,000","185,512,000","192,743,000","153,661,000","148,570,000","143,815,000","138,281,000","124,529,000","107,750,000","149,860,000","156,448,000","144,943,000","149,974,000","162,110,000","183,622,000","193,389,000","144,698,000","163,763,000","162,371,000","156,362,000","129,092,469","136,476,114","147,540,137","125,883,648","117,886,890","124,553,802","126,272,818","84,837,783","71,205,066","55,762,511","62,364,436","57,511,924","57,448,004","48,933,721","57,001,834","49,924,225","26,632,887","35,444,062","25,845,889","31,778,759","33,707,215","50,426,354","56,542,853","64,401,768","51,004,173","54,500,000","46,700,000","43,100,000","33,000,000","58,400,000","28,400,000","33,800,000","24,000,000","14,500,000","20,200,000","20,800,000","13,000,000","6,600,000","7,600,000","10,200,000"
ReconciledDepreciation,"24,305,000","5,685,000","6,576,000","5,962,000","6,082,000","6,229,000","4,302,000","4,681,000","4,779,000","3,939,000","5,140,000","5,113,000","4,964,000","5,298,000","4,474,000","4,367,000","4,500,000","4,503,000","4,579,000","3,520,000","3,225,000","2,973,000","2,926,000","3,057,000","2,775,000","2,960,000","4,517,000","4,268,000","4,235,000","4,134,000","3,810,000","3,790,000","3,841,000","2,954,000","4,442,000","3,652,000","3,707,000","3,462,000","3,091,000","2,913,000","2,702,000","2,046,000","2,451,000","2,566,000","2,302,000","3,108,000","2,167,000","2,209,000","2,488,000","2,610,000","2,801,000","2,911,000","3,071,000","3,334,000","3,756,000","3,801,000","4,290,000","4,690,000","5,192,000","5,832,000","6,137,000","5,684,000","5,747,000","5,458,000","4,948,000","4,488,772","4,638,192","4,045,887","3,989,151","4,897,019","1,685,877","2,908,248","3,293,081","3,084,941","3,388,214","2,364,065","1,650,219","-670,445","2,742,050","941,979","1,497,121","1,476,840","1,090,980","1,802,686","1,274,207","3,331,428","3,471,736","2,103,979","2,341,617","2,359,180","3,100,000","1,100,000","800,000","800,000","1,200,000","1,400,000","1,300,000","1,200,000","1,100,000","1,200,000","1,100,000","1,300,000","1,100,000","600,000","500,000"
NetIncomeFromContinuingOperationNetMinorityInterest,"105,600,000","24,245,000","26,424,000","31,413,000","23,518,000","15,553,000","21,638,000","19,846,000","17,360,000","13,246,000","19,550,000","20,098,000","16,188,000","15,052,000","14,864,000","18,003,000","15,273,000","8,897,000","15,581,000","17,221,000","13,423,000","10,490,000","12,620,000","16,775,000","10,671,000","9,957,000","10,297,000","15,679,000","8,814,000","8,910,000","15,501,000","11,952,000","9,477,000","8,222,000","10,610,000","8,591,000","7,850,000","7,702,000","9,033,000","10,033,000","8,062,000","3,857,000","8,743,000","7,064,000","3,703,000","3,556,000","7,549,000","7,909,000","4,713,000","3,530,000","2,316,000","4,998,000","1,901,000","754,000","1,962,000","6,420,000","3,693,000","2,745,000","3,751,000","4,854,000","5,010,000","1,931,000","12,404,000","978,000","1,953,000","-4,948,736","1,211,599","1,918,568","1,297,133","19,441,732","1,615,564","2,493,931","2,175,001","2,551,958","2,593,579","2,704,877","2,303,328","2,598,267","2,593,656","2,544,637","1,976,135","2,436,387","2,136,846","2,199,124","2,138,966","2,080,064","1,728,862","2,023,170","2,484,916","2,375,368","2,400,000","2,100,000","1,500,000","1,900,000","1,700,000","1,600,000","1,500,000","1,400,000","1,300,000","1,100,000","900,000","800,000","600,000","600,000","500,000"
TotalUnusualItemsExcludingGoodwill,,,,,,,,,,,,,,,,,,,,,,,,,,,,,,,,,,,,,,,,,,,,,,"0","0",,,"0","-4,029,000",,,"0","-4,644,000",,,,,,,,,,,,,,,,,,,,,,,,,,,,,,,,,,,,,"1,800,000","1,300,000",,,,"1,400,000",,,"-200,000",,,,,
TotalUnusualItems,,,,,,,,,,,,,,,,,,,,,,,,,,,,,,,,,,,,,,,,,,,,,,"0","0",,,"0","-4,029,000",,,"0","-4,644,000",,,,,,,,,,,,,,,,,,,,,,,,,,,,,,,,,,,,,"1,800,000","1,300,000",,,,"1,400,000",,,"-200,000",,,,,
NormalizedEBITDA,"173,092,000","40,747,000","43,047,000","50,282,000","39,016,000","30,121,000","34,733,000","33,597,000","30,451,000","22,261,000","33,096,000","34,024,000","28,308,000","25,869,000","25,661,000","29,743,000","25,544,000","22,962,000","21,108,000","32,481,000","24,362,000","22,094,000","24,642,000","32,040,000","20,610,000","19,746,000","22,558,000","31,351,000","19,854,000","19,763,000","31,116,000","24,727,000","20,661,000","17,510,000","22,991,000","18,780,000","17,520,000","16,707,000","19,137,000","20,267,000","16,670,000","9,421,000","17,219,000","14,762,000","8,967,000","9,946,000","16,056,000","15,992,000","11,110,000","8,367,000","11,750,000","12,808,000","7,714,000","6,379,000","13,163,000","16,097,000","12,042,000","11,879,000","13,753,000","16,737,000","17,547,000","12,240,000","30,046,000","9,391,000","10,287,000","8,204,419","8,624,923","8,985,142","7,706,931","39,660,320","6,046,958","8,435,897","8,371,660","9,262,450","9,347,558","8,756,242","7,177,994","6,127,643","9,058,454","7,518,649","7,257,043","7,961,125","7,269,736","8,932,687","8,189,407","10,907,932","10,524,886","9,291,332","10,031,143","10,799,424","11,100,000","2,900,000","2,200,000","5,200,000","5,100,000","4,900,000","1,400,000","4,000,000","3,700,000","3,700,000","2,800,000","2,800,000","2,500,000","1,900,000","1,600,000"
TaxRateForCalcs,"0.281","0.296","0.264","0.286","0.278","0.326","0.281","0.308","0.308","0.249","0.283","0.291","0.287","0.248","0.283","0.277","0.257","0.27","0.042","0.4","0.354","0.4","0.4","0.4","0.39","0.392","0.4","0.4","0.4","0.4","0.35","0.35","0.35","0.35","0.35","0.35","0.35","0.396","0.35","0.35","0.35","0.35","0.394","0.4","0.35","0.35","0.35","0.396","0.399","0.283","0.35","0.35","0.35","0.35","0.35","0.35","0.35","0.35","0.35","0.35","0.35","0.35","0.4","0.229","0.4","0.4","0.4","0.4","0.4","0.4","0.4","0.4","0.4","0.4","0.4","0.4","0.391","0.4","0.4","0.4","0.4","0.4","0.4","0.4","0.4","0.4","0.4","0.4","0.4","0.4","0.4","0.4","0.4","0.4","0.393","0.4","0.4","0.4","0.4","0.267","0.357","0.333","0.333","0.333","0.375"
TaxEffectOfUnusualItems,"0","0","0","0","0","0","0","0","0","0","0","0","0","0","0","0","0","0","0","0","0","0","0","0","0","0","0","0","0","0","0","0","0","0","0","0","0","0","0","0","0","0","0","0","0","0","0","0","0","0","-1,410,150","0","0","0","-1,625,400","0","0","0","0","0","0","0","0","0","0","0","0","0","0","0","0","0","0","0","0","0","0","0","0","0","0","0","0","0","0","0","0","0","0","0","0","720,000","520,000","0","0","0","560,000","0","0","-53,333.333","0","0","0","0","0"