name,ttm,03/31/2022,12/31/2021,09/30/2021,06/30/2021,03/31/2021,12/31/2020,09/30/2020,06/30/2020,03/31/2020,12/31/2019,09/30/2019,06/30/2019,03/31/2019,12/31/2018,09/30/2018,06/30/2018,03/31/2018,12/31/2017,09/30/2017,06/30/2017,03/31/2017,12/31/2016,09/30/2016,06/30/2016,03/31/2016,12/31/2015,09/30/2015,06/30/2015,03/31/2015,12/31/2014,09/30/2014,06/30/2014,03/31/2014,12/31/2013,09/30/2013,06/30/2013,03/31/2013,12/31/2012,09/30/2012,06/30/2012,03/31/2012,12/31/2011,09/30/2011,06/30/2011,03/31/2011,12/31/2010,09/30/2010,06/30/2010,03/31/2010,12/31/2009,09/30/2009,06/30/2009,03/31/2009,12/31/2008,09/30/2008,06/30/2008,03/31/2008,12/31/2007,09/30/2007,06/30/2007,03/31/2007,12/31/2006,09/30/2006,06/30/2006,03/31/2006,12/31/2005,09/30/2005,06/30/2005,03/31/2005,12/31/2004,09/30/2004,06/30/2004,03/31/2004,12/31/2003,09/30/2003,06/30/2003,03/31/2003,12/31/2002,09/30/2002,06/30/2002,03/31/2002,12/31/2001,09/30/2001,06/30/2001,03/31/2001,12/31/2000,09/30/2000,06/30/2000,03/31/2000,12/31/1999,09/30/1999,06/30/1999,03/31/1999,12/31/1998,09/30/1998,06/30/1998,03/31/1998,12/31/1997,09/30/1997,06/30/1997,03/31/1997,12/31/1996,09/30/1996,06/30/1996,03/31/1996,12/31/1995,09/30/1995,06/30/1995,03/31/1995,12/31/1994,09/30/1994,06/30/1994,03/31/1994,12/31/1993,09/30/1993,06/30/1993,03/31/1993,12/31/1992,09/30/1992,06/30/1992,03/31/1992,12/31/1991,09/30/1991,06/30/1991,03/31/1991,12/31/1990,09/30/1990,06/30/1990,03/31/1990,12/31/1989,09/30/1989,06/30/1989,03/31/1989,12/31/1988,09/30/1988,06/30/1988,03/31/1988,12/31/1987,09/30/1987,06/30/1987,03/31/1987,12/31/1986,09/30/1986,06/30/1986,03/31/1986,12/31/1985,09/30/1985
TotalRevenue,"3,363,804,000","888,723,000","817,456,000","843,238,000","814,387,000","880,885,000","830,355,000","913,227,000","857,394,000","767,364,000","852,409,000","810,195,000","799,644,000","789,051,000","765,544,000","771,178,000","726,385,000","698,651,000","677,294,000","669,852,000","618,832,000","604,349,000","635,019,000","653,064,000","667,616,000","618,660,000","616,664,000","668,730,000","669,585,000","651,285,000","664,690,000","666,223,000","620,505,000","557,616,000","533,905,000","567,730,000","571,945,000","557,824,000","530,532,000","594,789,000","608,819,000","573,470,000","529,654,000","538,130,000","559,183,000","568,145,000","565,774,000","555,632,000","536,384,000","490,978,000","430,399,000","392,975,000","378,643,000","388,895,000","456,109,000","475,971,000","456,352,000","451,049,000","458,251,000","425,680,000","379,574,000","360,175,000","380,835,000","396,942,000","397,398,000","337,911,000","328,306,000","322,207,000","313,709,000","305,486,000","287,480,000","273,306,000","274,817,000","254,272,000","238,464,000","216,076,000","195,609,000","190,773,000","205,379,000","217,475,000","234,749,000","231,162,000","200,218,000","256,751,000","253,172,000","280,284,000","272,097,000","249,364,000","193,187,000","161,994,000","147,094,000","181,697,000","105,600,000","103,388,000","101,729,000","104,658,000","98,563,000","97,689,000","95,905,000","103,224,000","99,092,000","96,750,000","87,366,000","83,464,000","86,066,000","75,286,000","71,308,000","76,000,000","72,400,000","69,200,000","65,300,000","70,200,000","55,000,000","61,300,000","55,900,000","41,900,000","39,000,000","36,600,000","42,100,000","40,300,000","41,400,000","38,800,000","36,900,000","34,700,000","32,600,000","26,600,000","26,500,000","21,100,000","18,700,000","18,900,000","20,100,000","15,700,000","20,400,000","20,700,000","21,300,000","17,100,000","13,800,000","10,800,000","9,400,000","8,800,000","5,600,000","5,100,000","5,000,000","1,500,000","7,600,000","7,500,000","7,300,000","4,900,000"
	OperatingRevenue,"3,363,804,000","888,723,000","817,456,000","843,238,000","814,387,000","880,885,000","830,355,000","913,227,000","857,394,000","767,364,000","852,409,000","810,195,000","799,644,000","789,051,000","765,544,000","771,178,000","726,385,000","698,651,000","677,294,000","669,852,000","618,832,000","604,349,000","635,019,000","653,064,000","667,616,000","618,660,000","616,664,000","668,730,000","669,585,000","651,285,000","664,690,000","666,223,000","620,505,000","557,616,000","533,905,000","567,730,000","571,945,000","557,824,000","530,532,000","594,789,000","608,819,000","573,470,000","529,654,000","538,130,000","559,183,000","568,145,000","565,774,000","555,632,000","536,384,000","490,978,000","430,399,000","392,975,000","378,643,000","388,895,000","456,109,000","475,971,000","456,352,000","451,049,000","458,251,000","425,680,000","379,574,000","360,175,000","380,835,000","396,942,000","397,398,000","337,911,000","328,306,000","322,207,000","313,709,000","305,486,000","287,480,000","273,306,000","274,817,000","254,272,000","238,464,000","216,076,000","195,609,000","190,773,000","205,379,000","217,475,000","234,749,000","231,162,000","200,218,000","256,751,000","253,172,000","280,284,000","272,097,000","249,364,000","193,187,000","161,994,000","147,094,000","181,697,000","105,600,000","103,388,000","101,729,000","104,658,000","98,563,000","97,689,000","95,905,000","103,224,000","99,092,000","96,750,000","87,366,000","83,464,000","86,066,000","75,286,000","71,308,000","76,000,000","72,400,000","69,200,000","65,300,000","70,200,000","55,000,000","61,300,000","55,900,000","41,900,000","39,000,000","36,600,000","42,100,000","40,300,000","41,400,000","38,800,000","36,900,000","34,700,000","32,600,000","26,600,000","26,500,000","21,100,000","18,700,000","18,900,000","20,100,000","15,700,000","20,400,000","20,700,000","21,300,000","17,100,000","13,800,000","10,800,000","9,400,000","8,800,000","5,600,000","5,100,000","5,000,000","1,500,000","7,600,000","7,500,000","7,300,000","4,900,000"
CostOfRevenue,"3,064,281,000","812,213,000","747,460,000","764,271,000","740,337,000","789,883,000","751,078,000","824,037,000","774,513,000","705,919,000","773,219,000","732,406,000","728,614,000","718,415,000","693,161,000","697,874,000","658,564,000","645,699,000","613,771,000","603,338,000","557,647,000","540,549,000","570,663,000","591,534,000","605,118,000","565,388,000","566,605,000","609,458,000","610,498,000","591,508,000","603,276,000","603,584,000","561,912,000","504,781,000","482,403,000","513,201,000","516,472,000","505,803,000","479,370,000","538,545,000","551,426,000","518,846,000","478,002,000","487,842,000","505,109,000","512,675,000","510,864,000","499,270,000","480,836,000","440,507,000","385,858,000","355,152,000","344,038,000","353,097,000","409,559,000","426,147,000","407,520,000","399,497,000","402,697,000","371,960,000","341,052,000","328,533,000","341,180,000","352,061,000","351,894,000","300,870,000","297,031,000","291,448,000","286,572,000","279,941,000","265,185,000","250,315,000","251,838,000","233,091,000","218,837,000","200,103,000","183,780,000","181,150,000","189,839,000","195,173,000","211,672,000","210,691,000","184,747,000","226,707,000","223,353,000","246,709,000","233,507,000","213,871,000","165,168,000","138,891,000","126,545,000","160,448,000","89,933,000","88,177,000","87,446,000","90,012,000","85,399,000","85,847,000","85,611,000","90,224,000","87,149,000","86,330,000","78,713,000","73,903,000","78,143,000","70,110,000","66,635,000","67,400,000","65,500,000","62,800,000","60,500,000",,,"56,200,000","51,800,000","38,100,000","35,000,000","33,400,000","37,400,000","34,100,000","36,500,000","34,800,000","33,000,000","29,700,000","28,900,000","23,000,000",,,,,,,,,,,,,,,,,,,,,,
GrossProfit,"299,523,000","76,510,000","69,996,000","78,967,000","74,050,000","91,002,000","79,277,000","89,190,000","82,881,000","61,445,000","79,190,000","77,789,000","71,030,000","70,636,000","72,383,000","73,304,000","67,821,000","52,952,000","63,523,000","66,514,000","61,185,000","63,800,000","64,356,000","61,530,000","62,498,000","53,272,000","50,059,000","59,272,000","59,087,000","59,777,000","61,414,000","62,639,000","58,593,000","52,835,000","51,502,000","54,529,000","55,473,000","52,021,000","51,162,000","56,244,000","57,393,000","54,624,000","51,652,000","50,288,000","54,074,000","55,470,000","54,910,000","56,362,000","55,548,000","50,471,000","44,541,000","37,823,000","34,605,000","35,798,000","46,550,000","49,824,000","48,832,000","51,552,000","55,554,000","53,720,000","38,522,000","31,642,000","39,655,000","44,881,000","45,504,000","37,041,000","31,275,000","30,759,000","27,137,000","25,545,000","22,295,000","22,991,000","22,979,000","21,181,000","19,627,000","15,973,000","11,829,000","9,623,000","15,540,000","22,302,000","23,077,000","20,471,000","15,471,000","30,044,000","29,819,000","33,575,000","38,590,000","35,493,000","28,019,000","23,103,000","20,549,000","21,249,000","15,667,000","15,211,000","14,283,000","14,646,000","13,164,000","11,842,000","10,294,000","13,000,000","11,943,000","10,420,000","8,653,000","9,561,000","7,923,000","5,176,000","4,673,000","8,600,000","6,900,000","6,400,000","4,800,000",,,"5,100,000","4,100,000","3,800,000","4,000,000","3,200,000","4,700,000","6,200,000","4,900,000","4,000,000","3,900,000","5,000,000","3,700,000","3,600,000",,,,,,,,,,,,,,,,,,,,,,
OperatingExpense,"151,239,000","40,673,000","37,502,000","36,625,000","36,439,000","38,286,000","32,411,000","38,814,000","37,028,000","38,233,000","39,256,000","38,584,000","36,627,000","37,462,000","35,432,000","36,339,000","35,375,000","35,637,000","31,966,000","32,549,000","31,716,000","31,229,000","30,453,000","36,074,000","29,775,000","28,009,000","27,028,000","30,701,000","30,456,000","30,325,000","30,940,000","30,576,000","29,180,000","27,790,000","26,136,000","27,762,000","30,289,000","28,833,000","29,678,000","28,895,000","30,113,000","28,856,000","27,890,000","28,253,000","29,189,000","29,060,000","27,061,000","27,352,000","28,516,000","27,083,000","24,319,000","23,034,000","22,491,000","22,344,000","25,269,000","26,850,000","26,350,000","23,989,000","23,626,000","21,176,000","20,169,000","20,572,000","20,346,000","20,354,000","21,554,000","19,301,000","17,229,000","19,704,000","19,298,000","19,243,000","18,074,000","17,740,000","17,846,000","16,422,000","16,356,000","15,333,000","16,250,000","16,815,000","16,755,000","20,623,000","18,602,000","17,633,000","15,266,000","17,606,000","14,612,000","13,993,000","13,893,000","10,392,000","10,608,000","8,001,000","7,162,000","9,370,000","5,590,000","5,402,000","5,097,000","4,904,000","4,893,000","4,951,000","4,276,000","4,570,000","4,478,000","4,272,000","3,879,000","4,072,000","3,145,000","3,234,000","2,895,000","4,800,000","3,300,000","3,500,000","2,900,000",,,"2,600,000","2,500,000","2,400,000","2,300,000","2,300,000","2,300,000","3,200,000","2,400,000","2,000,000","2,000,000","2,700,000","1,700,000","1,800,000",,,,,,,,,,,,,,,,,,,,,,
	SellingGeneralAndAdministration,"151,239,000","40,673,000","37,502,000","36,625,000","36,439,000","38,286,000","32,411,000","38,814,000","37,028,000","38,233,000","39,256,000","38,584,000","36,627,000","37,462,000","35,432,000","36,339,000","35,375,000","35,637,000","31,966,000","32,549,000","31,716,000","31,229,000","30,453,000","36,074,000","29,775,000","28,009,000","27,028,000","30,701,000","30,456,000","30,325,000","30,940,000","30,576,000","29,180,000","27,790,000","26,136,000","27,762,000","30,289,000","28,833,000","29,678,000","28,895,000","30,113,000","28,856,000","27,890,000","28,253,000","29,189,000","29,060,000","27,061,000","27,352,000","28,516,000","27,083,000","24,319,000","23,034,000","22,491,000","22,344,000","25,269,000","26,850,000","26,350,000","23,989,000","23,626,000","21,176,000","20,169,000","20,572,000","20,346,000","20,354,000","21,554,000","19,301,000","17,229,000","19,704,000","19,298,000","19,243,000","18,074,000","17,740,000","17,846,000","16,422,000","16,356,000","15,333,000","16,250,000","16,815,000","16,755,000","19,347,000","17,260,000","16,344,000","13,970,000","16,363,000","13,612,000","13,102,000","13,005,000","10,562,000","9,324,000","8,001,000","7,162,000","10,354,000","5,590,000","5,402,000","5,097,000","4,904,000","4,893,000","4,951,000","4,276,000","4,570,000","4,478,000","4,272,000","3,879,000","4,072,000","3,145,000","3,234,000","2,895,000","3,300,000","2,700,000","2,900,000","2,400,000",,,"2,000,000","1,800,000","1,400,000","1,800,000","1,800,000","1,800,000","2,500,000","1,800,000","1,400,000","1,500,000","1,800,000","1,500,000","1,300,000",,,,,,,,,,,,,,,,,,,,,,
	DepreciationAmortizationDepletionIncomeStatement,,,,,,,,,,,,,,,,,,,,,,,,,,,,,,,,,,,,,,,,,,,,,,,,,,,,,,,,,,,,,,,,,,,,,,,,,,,,,,,,"1,276,000","1,342,000","1,289,000","1,296,000","1,243,000","1,000,000","891,000","888,000","892,000","222,000",,,,,,,,,,,,,,,,,,,"1,500,000","600,000","600,000","500,000",,,"600,000","700,000","1,000,000","500,000","500,000","500,000","700,000","600,000","600,000","500,000","900,000","200,000","500,000",,,,,,,,,,,,,,,,,,,,,,
		DepreciationAndAmortizationInIncomeStatement,,,,,,,,,,,,,,,,,,,,,,,,,,,,,,,,,,,,,,,,,,,,,,,,,,,,,,,,,,,,,,,,,,,,,,,,,,,,,,,,"1,276,000","1,342,000","1,289,000","1,296,000","1,243,000","1,000,000","891,000","888,000","892,000","222,000",,,,,,,,,,,,,,,,,,,"1,500,000","600,000","600,000","500,000",,,"600,000","700,000","1,000,000","500,000","500,000","500,000","700,000","600,000","600,000","500,000","900,000","200,000","500,000",,,,,,,,,,,,,,,,,,,,,,
			Amortization,,,,,,,,,,,,,,,,,,,,,,,,,,,,,,,,,,,,,,,,,,,,,,,,,,,,,,,,,,,,,,,,,,,,,,,,,,,,,,,,"1,276,000","1,342,000","1,289,000","1,296,000","1,243,000","1,000,000","891,000","888,000","892,000","222,000",,,,,,,,,,,,,,,,,,,,,,,,,,,,,,,,,,,,,,,,,,,,,,,,,,,,,,,,,,,
				AmortizationOfIntangiblesIncomeStatement,,,,,,,,,,,,,,,,,,,,,,,,,,,,,,,,,,,,,,,,,,,,,,,,,,,,,,,,,,,,,,,,,,,,,,,,,,,,,,,,"1,276,000","1,342,000","1,289,000","1,296,000","1,243,000","1,000,000","891,000","888,000","892,000","222,000",,,,,,,,,,,,,,,,,,,,,,,,,,,,,,,,,,,,,,,,,,,,,,,,,,,,,,,,,,,
	OtherOperatingExpenses,,,,,,,,,,,,,,,,,,,,,,,,,,,,,,,,,,,,,,,,,,,,,,,,,,,,,,,,,,,,,,,,,,,,,,,,,,,,,,,,"0",,,,,,,,,"1,062,000",,,,,,,,,,,,,,,,,,,,,,,,,,,,,,,,,,,,,,,,,,,,,,,,,,,,,,,,,,,
OperatingIncome,"148,284,000","35,837,000","32,494,000","42,342,000","37,611,000","52,716,000","46,866,000","50,376,000","45,853,000","23,212,000","39,934,000","39,205,000","34,403,000","33,174,000","36,951,000","36,965,000","32,446,000","17,315,000","31,557,000","33,965,000","29,469,000","32,571,000","33,903,000","25,456,000","32,723,000","25,263,000","23,031,000","28,571,000","28,631,000","29,452,000","30,474,000","32,063,000","29,413,000","25,045,000","25,366,000","26,767,000","25,184,000","23,188,000","21,484,000","27,349,000","27,280,000","25,768,000","23,762,000","22,035,000","24,885,000","26,410,000","27,849,000","29,010,000","27,032,000","23,388,000","20,222,000","14,789,000","12,114,000","13,454,000","21,281,000","22,974,000","22,482,000","27,563,000","31,928,000","32,544,000","18,353,000","11,070,000","19,309,000","24,527,000","23,950,000","17,740,000","14,046,000","11,055,000","7,839,000","6,302,000","4,221,000","5,251,000","5,133,000","4,759,000","3,271,000","640,000","-4,421,000","-7,192,000","-1,215,000","1,679,000","4,475,000","2,838,000","205,000","12,438,000","15,207,000","19,582,000","24,697,000","25,101,000","17,411,000","15,102,000","13,387,000","11,879,000","10,077,000","9,809,000","9,186,000","9,742,000","8,271,000","6,891,000","6,018,000","8,430,000","7,465,000","6,148,000","4,774,000","5,489,000","4,778,000","1,942,000","1,778,000","3,800,000","3,600,000","2,900,000","1,900,000","-164,300,000","55,000,000","2,500,000","1,600,000","1,400,000","1,700,000","900,000","2,400,000","3,000,000","2,500,000","2,000,000","1,900,000","2,300,000","2,000,000","1,800,000","26,500,000","-53,700,000","18,700,000","18,900,000","20,100,000","-56,400,000","20,400,000","20,700,000","21,300,000","-31,400,000","13,800,000","10,800,000","9,400,000","-17,000,000","5,600,000","5,100,000","5,000,000","-20,200,000","7,600,000","7,500,000","7,300,000","-11,100,000"
NetNonOperatingInterestIncomeExpense,"-11,599,000","-3,083,000","-2,775,000","-2,859,000","-2,882,000","-3,428,000","-3,712,000","-3,896,000","-3,620,000","-3,281,000","-3,487,000","-3,209,000","-3,266,000","-2,705,000","-1,724,000","-1,397,000","-1,842,000","-2,121,000","-2,170,000","-2,261,000","-1,995,000","-2,077,000","-2,203,000","-2,629,000","-2,503,000","-2,659,000","-2,602,000","-2,577,000","-2,414,000","-2,595,000","-2,880,000","-2,501,000","-2,285,000","-2,399,000","-2,176,000","-2,170,000","-2,248,000","-3,257,000","-3,323,000","-3,442,000","-3,679,000","-3,605,000","-3,577,000","-3,672,000","-2,913,000","-1,809,000","-1,888,000","-1,960,000","-2,039,000","-2,051,000","-2,103,000","-2,060,000","-2,232,000","-2,261,000",,,,,,,,,,,,,,,,,,,,,,,,,,,,,,,,,,,,,,,,,,,,,,,,,,,,,,,,,,,,,,,,,,,,,,,,,,,,,,,,,,,,,,,,,,,,,,
	InterestIncomeNonOperating,"1,141,000","262,000","271,000","300,000","308,000","390,000","374,000","332,000","368,000","533,000","645,000","539,000","445,000","440,000","525,000","647,000","1,068,000","1,426,000","1,555,000","1,487,000","1,299,000","1,185,000","1,071,000","1,161,000","1,134,000","1,015,000","932,000","947,000","866,000","788,000","897,000","842,000","770,000","683,000","639,000","458,000","402,000","383,000","397,000","417,000","446,000","415,000","483,000","413,000","388,000","273,000","293,000","293,000","320,000","367,000","456,000","472,000","448,000","472,000",,,,,,,,,,,,,,,,,,,,,,,,,,,,,,,,,,,,,,,,,,,,,,,,,,,,,,,,,,,,,,,,,,,,,,,,,,,,,,,,,,,,,,,,,,,,,,
	InterestExpenseNonOperating,"12,740,000","3,345,000","3,046,000","3,159,000","3,190,000","3,818,000","4,086,000","4,228,000","3,988,000","3,814,000","4,132,000","3,748,000","3,711,000","3,145,000","2,249,000","2,044,000","2,910,000","3,547,000","3,725,000","3,748,000","3,294,000","3,262,000","3,274,000","3,790,000","3,637,000","3,674,000","3,534,000","3,524,000","3,280,000","3,383,000","3,777,000","3,343,000","3,055,000","3,082,000","2,815,000","2,628,000","2,650,000","3,640,000","3,720,000","3,859,000","4,125,000","4,020,000","4,060,000","4,085,000","3,301,000","2,082,000","2,181,000","2,253,000","2,359,000","2,418,000","2,559,000","2,532,000","2,680,000","2,733,000",,,,,,,,,,,,,,,,,,,,,,,,,,,,,,,,,,,,,,,,,,,,,,,,,,,,,,,,,,,,,,,,,,,,,,,,,,,,,,,,,,,,,,,,,,,,,,
OtherIncomeExpense,"-6,261,000","-1,446,000","-2,944,000","-54,000","-1,817,000","-2,854,000","-1,518,000","-1,072,000","-600,000","-5,849,000","-2,173,000","-2,570,000","-1,419,000","-1,773,000","-1,112,000","-1,268,000","-1,052,000","-477,000","-346,000","-696,000","-103,000","1,925,000","-674,000","-1,006,000","-1,508,000","-3,045,000","-3,127,000","775,000","471,000","-60,000","-1,553,000","-518,000","56,000","-5,374,000","-3,365,000","-175,000","8,000",,"-475,000","-168,000","1,860,000","228,000","-545,000","613,000","750,000","-16,000","-141,000","-823,000","-128,000","-16,000","-95,000","192,000","370,000","-7,877,000","-352,000","-2,363,000","-258,000","-362,000","-467,000","-939,000","-451,000","-501,000","-1,062,000","-222,000","637,000","345,000","794,000","815,000","-27,437,000","-10,258,000","-65,000","-3,362,000","-5,292,000","310,000","516,000","-7,064,000","-19,011,000","678,000","-31,322,000","-1,875,000","-2,629,000","-4,527,000","-2,170,000","435,000","-1,547,000","1,217,000","-215,000","-119,000","-531,000","486,000","372,000","-4,861,000","464,000","478,000","374,000","-13,000","314,000","284,000","190,000","762,000","37,000","86,000","165,000","92,000","78,000","-19,000","115,000","-200,000","100,000","100,000","300,000",,,,,,,,,"-100,000","100,000","100,000","100,000",,,"-100,000",,,,,,,,,,,,,,,,,,,,,,
	SpecialIncomeCharges,"-3,259,000","0","-2,021,000","0","-1,238,000","-2,029,000",,"0","0","-6,003,000",,"-1,678,000",,,,,,,,"0","0","0","0","-1,805,000","-1,805,000","-1,917,000","-1,507,000","0","0","0","-1,691,000","-415,000","-1,215,000","-6,045,000","-3,605,000",,,,,,"1,860,000","228,000","-545,000","613,000","750,000","-16,000","-141,000","-823,000","-128,000","-16,000","-95,000","192,000","370,000","-7,877,000","-352,000","-2,363,000","-258,000","-362,000","-467,000","-939,000","-451,000","-501,000","-1,062,000","-222,000","637,000","345,000","794,000","815,000","-27,437,000","-10,258,000","-65,000","-3,362,000","-5,292,000","310,000","516,000","-7,064,000","-19,011,000","678,000","-31,322,000","-1,875,000","-2,629,000","-4,527,000","-2,170,000","435,000","-1,547,000","1,217,000","-215,000","-119,000","-531,000","486,000","372,000","-4,861,000","464,000","478,000","374,000","-13,000","314,000","284,000","190,000","762,000","37,000","86,000","165,000","92,000","78,000","-19,000","115,000","-200,000","100,000","100,000","300,000",,,,,,,,,"-100,000","100,000","100,000","100,000",,,"-100,000",,,,,,,,,,,,,,,,,,,,,,
		RestructuringAndMergernAcquisition,"3,004,000","0","2,021,000","0","1,238,000","2,029,000",,"3,054,000","0","6,003,000",,"1,678,000",,,,,,,,"0","0","0","0","1,805,000","1,805,000","1,917,000","1,507,000","0","0","0","1,691,000","415,000","1,215,000","6,045,000","3,605,000",,,,,,,,,,,,,"0","0","0","0","0","0","2,273,000","550,000",,,,,"906,000",,"419,000","513,000",,,,,"0","27,644,000","10,634,000","884,000","3,809,000","5,494,000",,,"7,855,000","19,649,000",,"31,840,000","2,394,000","2,700,000","4,938,000","2,800,000","0","2,522,000",,"1,014,000",,,,,,,,,,,,,,,,,,,,,,,,,,,,,,,,,,,,,,,,,,,,,,,,,,,,,,,,,,,,,
		ImpairmentOfCapitalAssets,,"0",,,,"0",,,,,,,,,,,,,,,,,,,,,,,,,,,,,,,,,,,,,,,,,,"0","0","0",,"0","0","5,748,000",,,,,,,,,,,,,,,,,,,,,,,,,,,,,,,,,,,,,,,,,,,,,,,,,,,,,,,,,,,,,,,,,,,,,,,,,,,,,,,,,,,,,,,,,,,,,,
		OtherSpecialCharges,,,,,,,,,,,,,,,,,,,,,,,,,,,,,,,,,,,,,,,,,,,,,,,,"823,000","128,000","16,000","95,000","-192,000","-370,000","-144,000","-198,000",,,,,"33,000",,"82,000","549,000",,,,,"-815,000","-207,000","-376,000","-819,000","-447,000","-202,000",,,"-791,000","-638,000",,"-518,000","-519,000","-71,000","-411,000","-630,000","-435,000","-975,000",,"-799,000",,,,,,,,,,,,,,,,,,,,,,,,,,,,,,,,,,,,,,,,,,,,,,,,,,,,,,,,,,,,,
	OtherNonOperatingIncomeExpenses,"-3,002,000","-1,446,000","-923,000","-54,000","-579,000","-825,000","-1,518,000","-1,072,000","-600,000","154,000","-2,173,000","-892,000","-1,419,000","-1,773,000","-1,112,000","-1,268,000","-1,052,000","-477,000","-346,000","-696,000","-103,000","1,925,000","-674,000","799,000","297,000","-1,128,000","-1,620,000","775,000","471,000","-60,000","138,000","-103,000","1,271,000","671,000","240,000","-175,000","8,000",,"-475,000","-168,000",,,,,,,,,,,,,,,,,,,,,,,,,,,,,,,,,,,,,,,,,,,,,,,,,,,,,,,,,,,,,,,,,,,,,,,,,,,,,,,,,,,,,,,,,,,,,,,,,,,,,,,,,,,,
PretaxIncome,"130,424,000","31,308,000","26,775,000","39,429,000","32,912,000","46,434,000","41,636,000","45,408,000","41,633,000","14,082,000","34,274,000","33,426,000","29,718,000","28,696,000","34,115,000","34,300,000","29,552,000","14,717,000","29,041,000","31,008,000","27,371,000","32,419,000","31,026,000","21,821,000","28,712,000","19,559,000","17,302,000","26,769,000","26,688,000","26,797,000","26,041,000","29,044,000","27,184,000","17,272,000","19,825,000","24,422,000","22,944,000","19,931,000","17,686,000","23,739,000","25,461,000","22,391,000","19,640,000","18,976,000","22,722,000","24,585,000","25,820,000","26,227,000","24,865,000","21,321,000","18,024,000","12,921,000","10,252,000","3,316,000","18,930,000","19,084,000","21,789,000","28,469,000","33,274,000","33,235,000","19,425,000","11,961,000","19,632,000","25,387,000","25,420,000","18,537,000","14,010,000","11,039,000","-20,476,000","-4,847,000","3,285,000","1,109,000","-961,000","4,339,000","3,124,000","-7,097,000","-24,090,000","-7,226,000","-33,310,000","-948,000","1,094,000","-2,654,000","-3,317,000","11,013,000","12,271,000","19,427,000","22,655,000","21,776,000","17,511,000","15,586,000","13,757,000","5,767,000","10,539,000","10,285,000","9,558,000","9,726,000","8,582,000","7,172,000","6,204,000","9,132,000","7,316,000","5,936,000","4,696,000","5,235,000","4,404,000","1,419,000","1,319,000","3,300,000","3,000,000","2,400,000","1,500,000",,,"1,600,000","1,100,000","400,000","1,300,000","500,000","2,000,000","2,700,000","2,300,000","1,800,000","1,600,000","1,900,000","1,600,000","1,100,000",,,,,,,,,,,,,,,,,,,,,,
TaxProvision,"19,182,000","4,439,000","3,352,000","6,088,000","5,303,000","4,671,000","5,437,000","7,703,000","5,791,000","1,156,000","3,268,000","-3,405,000","4,917,000","3,938,000","11,889,000","-38,442,000","3,051,000","2,427,000","127,534,000","1,999,000","1,792,000","3,124,000","2,847,000","2,728,000","2,613,000","2,772,000","2,854,000","2,904,000","2,894,000","3,203,000","2,962,000","2,594,000","2,600,000","-1,244,000","2,162,000","-42,000","-260,000","1,956,000","1,070,000","23,011,000","1,928,000","2,433,000","1,770,000","653,000","682,000","725,000","787,000","-380,000","497,000","607,000","180,000","-2,130,000","1,042,000","-1,712,000","1,892,000","1,765,000","4,357,000","6,359,000","5,989,000","8,332,000","3,885,000","1,803,000","4,515,000","-17,757,000","328,000",,"253,000","522,000","1,022,000","-388,000","263,000","37,891,000","-193,000","868,000","625,000","-3,225,000","-9,343,000","-2,182,000","-12,478,000","-397,000","438,000","-500,000","-1,294,000","4,094,000","4,909,000","7,771,000","9,442,000","9,603,000","7,093,000","6,234,000","5,503,000","3,684,000","4,216,000","4,113,000","3,825,000","3,776,000","3,380,000","2,834,000","2,459,000","3,612,000","2,897,000","2,339,000","1,832,000","2,052,000","1,800,000","580,000","514,000","1,200,000","1,200,000","900,000","600,000",,,"600,000","400,000","100,000","500,000","200,000","800,000","1,100,000","900,000","700,000","600,000","700,000","600,000","400,000",,,,,,,,,,,,,,,,,,,,,,
NetIncomeCommonStockholders,"111,242,000","26,869,000","23,423,000","33,341,000","27,609,000","41,763,000","36,199,000","37,705,000","35,842,000","12,926,000","31,006,000","36,831,000","24,801,000","24,758,000","22,226,000","72,742,000","26,501,000","12,290,000","-98,493,000","29,009,000","25,579,000","29,295,000","28,179,000","19,093,000","26,099,000","16,787,000","14,448,000","23,865,000","23,794,000","23,594,000","23,079,000","26,450,000","24,584,000","18,516,000","17,663,000","24,464,000","23,204,000","17,975,000","16,616,000","728,000","23,533,000","19,958,000","17,870,000","18,323,000","22,040,000","23,860,000","25,033,000","26,607,000","24,368,000","20,714,000","17,844,000","15,051,000","9,210,000","5,028,000","17,038,000","17,319,000","17,432,000","22,110,000","27,285,000","24,903,000","15,540,000","10,158,000","15,117,000","42,639,000","25,092,000","18,537,000","13,757,000","10,517,000","-21,498,000","-4,459,000","3,022,000","-36,782,000","-768,000","3,471,000","2,499,000","-3,872,000","-14,747,000","-5,044,000","-44,314,000","-551,000","656,000","-2,154,000","-2,023,000","6,919,000","7,362,000","11,656,000","13,213,000","12,173,000","10,418,000","9,352,000","8,254,000","2,083,000","6,323,000","6,172,000","5,733,000","5,950,000","5,202,000","4,338,000","3,745,000","5,520,000","4,419,000","3,597,000","2,864,000","3,183,000","2,604,000","839,000","805,000","2,100,000","1,800,000","1,500,000","900,000","1,100,000","300,000","1,000,000","700,000","300,000","800,000","300,000","1,200,000","1,600,000","1,400,000","1,100,000","1,000,000","1,200,000","1,000,000","700,000",,,,,,,,,,,,,,,,,,,,,,
	NetIncome,"111,242,000","26,869,000","23,423,000","33,341,000","27,609,000","41,763,000","36,199,000","37,705,000","35,842,000","12,926,000","31,006,000","36,831,000","24,801,000","24,758,000","22,226,000","72,742,000","26,501,000","12,290,000","-98,493,000","29,009,000","25,579,000","29,295,000","28,179,000","19,093,000","26,099,000","16,787,000","14,448,000","23,865,000","23,794,000","23,594,000","23,079,000","26,450,000","24,584,000","18,516,000","17,663,000","24,464,000","23,204,000","17,975,000","16,616,000","728,000","23,533,000","19,958,000","17,870,000","18,323,000","22,040,000","23,860,000","25,033,000","26,607,000","24,368,000","20,714,000","17,844,000","15,051,000","9,210,000","5,028,000","17,038,000","17,319,000","17,432,000","22,110,000","27,285,000","24,903,000","15,540,000","10,158,000","15,117,000","42,639,000","25,092,000","18,537,000","13,757,000","10,517,000","-21,498,000","-4,459,000","3,022,000","-36,782,000","-768,000","3,471,000","2,499,000","-3,872,000","-14,747,000","-5,044,000","-44,314,000","-551,000","656,000","-2,154,000","-2,023,000","6,919,000","7,362,000","11,656,000","13,213,000","12,173,000","10,418,000","9,352,000","8,254,000","2,083,000","6,323,000","6,172,000","5,733,000","5,950,000","5,202,000","4,338,000","3,745,000","5,520,000","4,419,000","3,597,000","2,864,000","3,183,000","2,604,000","839,000","805,000","2,100,000","1,800,000","1,500,000","900,000","1,100,000","300,000","1,000,000","700,000","300,000","800,000","300,000","1,200,000","1,600,000","1,400,000","1,100,000","1,000,000","1,200,000","1,000,000","700,000",,,,,,,,,,,,,,,,,,,,,,
		NetIncomeIncludingNoncontrollingInterests,"111,242,000","26,869,000","23,423,000","33,341,000","27,609,000","41,763,000","36,199,000","37,705,000","35,842,000","12,926,000","31,006,000","36,831,000","24,801,000","24,758,000","22,226,000","72,742,000","26,501,000","12,290,000","-98,493,000","29,009,000","25,579,000","29,295,000","28,179,000","19,093,000","26,099,000","16,787,000","14,448,000","23,865,000","23,794,000","23,594,000","23,079,000","26,450,000","24,584,000","18,516,000","17,663,000","24,464,000","23,204,000","17,975,000","16,616,000","728,000","23,533,000","19,958,000","17,870,000","18,323,000","22,040,000","23,860,000","25,033,000","26,607,000","24,368,000","20,714,000","17,844,000","15,051,000","9,210,000","5,028,000","17,038,000","17,319,000","17,432,000","22,110,000","27,285,000","24,903,000","15,540,000","10,158,000","15,117,000","42,639,000","25,092,000","18,537,000","13,757,000","10,517,000","-21,498,000","-4,459,000","3,022,000","-36,782,000","-768,000","3,471,000","2,499,000","-3,872,000","-14,747,000","-5,044,000","-44,314,000","-551,000","656,000","-2,154,000","-2,023,000","6,919,000","7,362,000","11,656,000","13,213,000","12,173,000","10,418,000","9,352,000","8,254,000","2,083,000","6,323,000","6,172,000","5,733,000","5,950,000","5,202,000","4,338,000","3,745,000","5,520,000","4,419,000","3,597,000","2,864,000","3,183,000","2,604,000","839,000","805,000","2,100,000","1,800,000","1,500,000","900,000","1,100,000","300,000","1,000,000","700,000","300,000","800,000","300,000","1,200,000","1,600,000","1,400,000","1,100,000","1,000,000","1,200,000","1,000,000","700,000","600,000","500,000","200,000","400,000","600,000","-300,000","800,000","600,000","400,000","400,000","100,000",,,"-400,000","-400,000","-300,000","-200,000","-400,000","300,000","400,000","600,000","500,000"
			NetIncomeContinuousOperations,"111,242,000","26,869,000","23,423,000","33,341,000","27,609,000","41,763,000","36,199,000","37,705,000","35,842,000","12,926,000","31,006,000","36,831,000","24,801,000","24,758,000","22,226,000","72,742,000","26,501,000","12,290,000","-98,493,000","29,009,000","25,579,000","29,295,000","28,179,000","19,093,000","26,099,000","16,787,000","14,448,000","23,865,000","23,794,000","23,594,000","23,079,000","26,450,000","24,584,000","18,516,000","17,663,000","24,464,000","23,204,000","17,975,000","16,616,000","728,000","23,533,000","19,958,000","17,870,000","18,323,000","22,040,000","23,860,000","25,033,000","26,607,000","24,368,000","20,714,000","17,844,000","15,051,000","9,210,000","5,028,000","17,038,000","17,319,000","17,432,000","22,110,000","27,285,000","24,903,000","15,540,000","10,158,000","15,117,000","43,144,000","25,092,000","18,537,000","13,757,000","10,517,000","-21,498,000","-4,459,000","3,022,000","-36,782,000","-768,000","3,471,000","2,499,000","-3,872,000","-14,747,000","-5,044,000","-20,832,000","-551,000","656,000","-2,154,000","-2,023,000","6,919,000","7,362,000","11,656,000","13,213,000","12,173,000","10,418,000","9,352,000","8,254,000","2,083,000","6,323,000","6,172,000","5,733,000","5,950,000","5,202,000","4,338,000","3,745,000","5,520,000","4,419,000","3,597,000","2,864,000","3,183,000","2,604,000","839,000","805,000","2,100,000","1,800,000","1,500,000","900,000","1,100,000","300,000","1,000,000","700,000","300,000","800,000","300,000","1,200,000","1,600,000","1,400,000","1,100,000","1,000,000","1,200,000","1,000,000","700,000","600,000","500,000","200,000","400,000","600,000","800,000","900,000","700,000","500,000","700,000","200,000",,,"-400,000","-400,000","-300,000","-200,000","-400,000","300,000","400,000","600,000","500,000"
			NetIncomeDiscontinuousOperations,,,,,,,,,,,,,,,,,,,,,,,,,,,,,,,,,,,,,,,,,,,,,,,,,,,,,,,,,,,,,,,,,,,,,,,,,,,,,,,,,,,,,,,,,,,,,,,,,,,,,,,,,,,,,,,,,,,,,,,,,,,,,,,,,,,,"-1,100,000","-100,000","-100,000","-100,000","-300,000","-100,000","-100,000","-100,000",,,,,,,,,
			NetIncomeExtraordinary,,,,,,,,,,,,,,,,,,,,,,,,,,,,,,,,,,,,,,,,,,,,,,,,,,,,,,,,,,,,,,,,,,,,,,,,,,,,"0",,,"-23,482,000",,,,,,,,,,,,,,,,,,,,,,,,,,,,,,,,,,,,,,,,,,,,,,,,,,,,,,,,,,,,,,,,,,,,,
DilutedNIAvailtoComStockholders,"111,242,000","26,869,000","23,423,000","33,341,000","27,609,000","41,763,000","36,199,000","37,705,000","35,842,000","12,926,000","31,006,000","36,831,000","24,801,000","24,758,000","22,226,000","72,742,000","26,501,000","12,290,000","-98,493,000","29,009,000","25,579,000","29,295,000","28,179,000","19,093,000","26,099,000","16,787,000","14,448,000","23,865,000","23,794,000","23,594,000","23,079,000","26,450,000","24,584,000","18,516,000","17,663,000","24,464,000","23,204,000","17,975,000","16,616,000","728,000","23,533,000","19,958,000","17,870,000","18,323,000","22,040,000","23,860,000","25,033,000","26,607,000","24,368,000","20,714,000","17,844,000","15,051,000","9,210,000","5,028,000","17,038,000","17,319,000","17,432,000","22,110,000","27,285,000","24,903,000","15,540,000","10,158,000","15,117,000","42,639,000","25,092,000","18,537,000","13,757,000","10,517,000","-21,498,000","-4,459,000","3,022,000","-36,782,000","-768,000","3,471,000","2,499,000","-3,872,000","-14,747,000","-5,044,000","-44,314,000","-551,000","656,000","-2,154,000","-2,023,000","6,919,000","7,362,000","11,656,000","13,213,000","12,173,000","10,418,000","9,352,000","8,254,000","2,083,000","6,323,000","6,172,000","5,733,000","5,950,000","5,202,000","4,338,000","3,745,000","5,520,000","4,419,000","3,597,000","2,864,000","3,183,000","2,604,000","839,000","805,000","2,100,000","1,800,000","1,500,000","900,000","1,100,000","300,000","1,000,000","700,000","300,000","800,000","300,000","1,200,000","1,600,000","1,400,000","1,100,000","1,000,000","1,200,000","1,000,000","700,000",,,,,,,,,,,,,,,,,,,,,,
BasicEPS,,"0.96","0.84","1.18","0.97","1.45","1.25","1.29","1.23","0.44","1.06","1.26","0.83","0.81","0.71","2.27","0.81","0.37","-2.93","0.86","0.76","0.87","0.84","0.57","0.78","0.5","0.43","0.71","0.71","0.7","0.69","0.78","0.73","0.55","0.52","0.73","0.69","0.52","0.48","0.02","0.67","0.57","0.52","0.53","0.6","0.6","0.62",,"0.6","0.52","0.45",,"0.23","0.13","0.43",,"0.42","0.48","0.59",,"0.34","0.22","0.33",,"0.55","0.42","0.31",,"-0.5","-0.1","0.07",,"-0.02","0.08","0.06",,"-0.35","-0.12","-1.05",,"0.02","-0.05","-0.05",,"0.18","0.28","0.33",,"0.285","0.265","0.235",,"0.105","0.105","0.1",,"0.09","0.075","0.065",,"0.038","0.03","0.025",,"0.023","0.008","0.008",,"0.018","0.015","0.01",,"0.005","0.01","0.008",,"0.008","0.005","0.013",,"0.015","0.013","0.007",,"0.008","0.005","0.005",,"0.002","0.003","0.005",,"0.005","0.003","0.003",,"0","0","0",,"-0.003","-0.003","-0.002",,"0.003","0.003","0.005",
DilutedEPS,,"0.95","0.82","1.16","0.95","1.42","1.23","1.26","1.2","0.43","1.03","1.23","0.81","0.79","0.69","2.2","0.79","0.36","-2.93","0.84","0.74","0.84","0.82","0.56","0.76","0.5","0.42","0.7","0.69","0.69","0.67","0.77","0.71","0.53","0.51","0.71","0.68","0.52","0.47","0.02","0.66","0.56","0.51","0.52","0.58","0.59","0.61",,"0.59","0.51","0.44",,"0.23","0.13","0.43",,"0.41","0.48","0.58",,"0.33","0.22","0.32",,"0.53","0.4","0.31",,"-0.5","-0.1","0.07",,"-0.02","0.08","0.06",,"-0.35","-0.12","-1.05",,"0.02","-0.05","-0.05",,"0.17","0.27","0.31",,"0.265","0.245","0.22",,"0.1","0.095","0.09",,"0.085","0.07","0.06",,"0.035","0.03","0.025",,"0.023","0.008","0.008",,"0.018","0.015","0.01",,"0.005","0.01","0.008",,"0.008","0.005","0.013",,"0.015","0.013","0.007",,"0.008","0.005","0.005",,"0.002","0.003","0.005",,"0.005","0.003","0.003",,"0","0","0",,"-0.003","-0.003","-0.002",,"0.003","0.003","0.005",
BasicAverageShares,,"27,987,000","28,018,000","28,179,000","28,529,000","28,736,000","28,861,000","29,153,000","29,199,000","29,291,000","29,147,000","29,181,000","29,912,000","30,603,000","31,403,000","32,113,000","32,796,000","33,538,000","33,567,000","33,541,000","33,669,000","33,703,000","33,534,000","33,455,000","33,402,000","33,319,000","33,396,000","33,597,000","33,653,000","33,606,000","33,602,000","33,713,000","33,837,000","33,868,000","33,730,000","33,708,000","33,797,000","34,286,000","34,836,000","35,040,000","34,982,000","34,874,000","34,600,000","34,852,000","37,021,000","39,927,000","40,468,000",,"40,337,000","39,885,000","39,587,000",,"39,445,000","39,366,000","39,337,000",,"41,962,000","45,611,000","46,448,000",,"46,336,000","46,296,000","46,242,000",,"45,848,000","44,633,000","43,897,000",,"43,369,000","43,315,000","43,191,000",,"43,056,000","42,962,000","42,651,000",,"42,285,000","42,260,000","42,069,000",,"41,919,000","41,868,000","41,782,000",,"41,369,000","41,198,000","40,290,000",,"36,564,000","35,488,000","35,182,000",,"60,783,108","60,319,672","59,563,324",,"59,083,736","58,970,036","59,169,376",,"124,430,480","117,079,888","108,577,328",,"114,557,328","114,925,152","116,276,704",,"25,960,000","25,840,000","28,280,000",,"25,840,000","25,836,000","25,824,000",,"25,792,000","25,792,000","25,792,000",,"25,460,000","25,460,000","24,816,000",,"24,808,000","24,796,000","24,796,000",,"24,700,000","24,700,000","24,696,000",,"24,696,000","24,696,000","24,516,000",,"24,696,000","24,696,000","24,696,000",,"23,396,000","23,396,000","23,396,000",,"23,396,000","23,396,000","23,396,000",
DilutedAverageShares,,"28,427,000","28,709,000","28,775,000","29,068,000","29,310,000","29,539,000","29,857,000","29,793,000","29,925,000","30,065,000","30,001,000","30,635,000","31,385,000","32,286,000","33,020,000","33,651,000","34,387,000","33,567,000","34,482,000","34,568,000","34,702,000","34,544,000","34,335,000","34,174,000","33,834,000","34,062,000","34,248,000","34,454,000","34,342,000","34,439,000","34,570,000","34,670,000","34,703,000","34,693,000","34,528,000","34,363,000","34,694,000","35,283,000","35,648,000","35,643,000","35,658,000","35,181,000","35,486,000","37,860,000","40,659,000","41,210,000",,"41,208,000","40,761,000","40,252,000",,"39,712,000","39,463,000","39,472,000",,"42,481,000","46,030,000","47,053,000",,"46,722,000","46,601,000","46,779,000",,"47,274,000","46,347,000","45,099,000",,"43,369,000","43,315,000","43,753,000",,"43,056,000","44,157,000","43,738,000",,"42,285,000","42,260,000","42,069,000",,"43,134,000","41,868,000","41,782,000",,"43,248,000","43,213,000","42,902,000",,"39,302,000","38,066,000","37,478,000",,"65,217,256","65,203,980","64,324,364",,"63,490,796","62,893,972","64,538,152",,"126,115,072","123,294,848","117,486,304",,"115,166,864","114,925,152","116,276,704",,"25,960,000","25,840,000","28,280,000",,"25,840,000","25,836,000","25,824,000",,"25,792,000","25,792,000","25,792,000",,"25,460,000","25,460,000","24,816,000",,"24,808,000","24,796,000","24,796,000",,"24,700,000","24,700,000","24,696,000",,"24,696,000","24,696,000","24,516,000",,"24,696,000","24,696,000","24,696,000",,"23,396,000","23,396,000","23,396,000",,"23,396,000","23,396,000","23,396,000",
TotalOperatingIncomeAsReported,"145,025,000","35,837,000","30,473,000","42,342,000","36,373,000","50,687,000","46,866,000","50,376,000","45,853,000","17,209,000","39,934,000","37,527,000","34,403,000","33,174,000","36,951,000","36,965,000","32,446,000","17,315,000","31,557,000","33,965,000","29,469,000","32,571,000","33,903,000","23,651,000","30,918,000","23,346,000","21,524,000","28,571,000","28,631,000","29,452,000","28,783,000","31,648,000","28,198,000","19,000,000","21,761,000","26,767,000","25,184,000","23,188,000","21,484,000","27,349,000",,,,,,,,,,,,,,,,,,,,,,,,,,,,,,,,,,,,,,,,,,,,,,,,,,,,,,,,,,,,,,,,,,,,,,,,,,,,,,,,,,,,,,,,,,,,,,,,,,,,,,,,,,,,
TotalExpenses,"3,215,520,000","852,886,000","784,962,000","800,896,000","776,776,000","828,169,000","783,489,000","862,851,000","811,541,000","744,152,000","812,475,000","770,990,000","765,241,000","755,877,000","728,593,000","734,213,000","693,939,000","681,336,000","645,737,000","635,887,000","589,363,000","571,778,000","601,116,000","627,608,000","634,893,000","593,397,000","593,633,000","640,159,000","640,954,000","621,833,000","634,216,000","634,160,000","591,092,000","532,571,000","508,539,000","540,963,000","546,761,000","534,636,000","509,048,000","567,440,000","581,539,000","547,702,000","505,892,000","516,095,000","534,298,000","541,735,000","537,925,000","526,622,000","509,352,000","467,590,000","410,177,000","378,186,000","366,529,000","375,441,000","434,828,000","452,997,000","433,870,000","423,486,000","426,323,000","393,136,000","361,221,000","349,105,000","361,526,000","372,415,000","373,448,000","320,171,000","314,260,000","311,152,000","305,870,000","299,184,000","283,259,000","268,055,000","269,684,000","249,513,000","235,193,000","215,436,000","200,030,000","197,965,000","206,594,000","215,796,000","230,274,000","228,324,000","200,013,000","244,313,000","237,965,000","260,702,000","247,400,000","224,263,000","175,776,000","146,892,000","133,707,000","169,818,000","95,523,000","93,579,000","92,543,000","94,916,000","90,292,000","90,798,000","89,887,000","94,794,000","91,627,000","90,602,000","82,592,000","77,975,000","81,288,000","73,344,000","69,530,000","72,200,000","68,800,000","66,300,000","63,400,000",,,"58,800,000","54,300,000","40,500,000","37,300,000","35,700,000","39,700,000","37,300,000","38,900,000","36,800,000","35,000,000","32,400,000","30,600,000","24,800,000",,,,,,,,,,,,,,,,,,,,,,
NetIncomeFromContinuingAndDiscontinuedOperation,"111,242,000","26,869,000","23,423,000","33,341,000","27,609,000","41,763,000","36,199,000","37,705,000","35,842,000","12,926,000","31,006,000","36,831,000","24,801,000","24,758,000","22,226,000","72,742,000","26,501,000","12,290,000","-98,493,000","29,009,000","25,579,000","29,295,000","28,179,000","19,093,000","26,099,000","16,787,000","14,448,000","23,865,000","23,794,000","23,594,000","23,079,000","26,450,000","24,584,000","18,516,000","17,663,000","24,464,000","23,204,000","17,975,000","16,616,000","728,000","23,533,000","19,958,000","17,870,000","18,323,000","22,040,000","23,860,000","25,033,000","26,607,000","24,368,000","20,714,000","17,844,000","15,051,000","9,210,000","5,028,000","17,038,000","17,319,000","17,432,000","22,110,000","27,285,000","24,903,000","15,540,000","10,158,000","15,117,000","43,144,000","25,092,000","18,537,000","13,757,000","10,517,000","-21,498,000","-4,459,000","3,022,000","-36,782,000","-768,000","3,471,000","2,499,000","-3,872,000","-14,747,000","-5,044,000","-20,832,000","-551,000","656,000","-2,154,000","-2,023,000","6,919,000","7,362,000","11,656,000","13,213,000","12,173,000","10,418,000","9,352,000","8,254,000","2,083,000","6,323,000","6,172,000","5,733,000","5,950,000","5,202,000","4,338,000","3,745,000","5,520,000","4,419,000","3,597,000","2,864,000","3,183,000","2,604,000","839,000","805,000","2,100,000","1,800,000","1,500,000","900,000","1,100,000","300,000","1,000,000","700,000","300,000","800,000","300,000","1,200,000","1,600,000","1,400,000","1,100,000","1,000,000","1,200,000","1,000,000","700,000",,,,,,,,,,,,,,,,,,,,,,
NormalizedIncome,"114,021,685.319","26,869,000","25,191,375","33,341,000","28,647,682","43,587,071","36,199,000","37,705,000","35,842,000","18,436,754","31,006,000","36,831,000","24,801,000","24,758,000","22,226,000","72,742,000","26,501,000","12,290,000","-98,493,000","29,009,000","25,579,000","29,295,000","28,179,000","20,672,343.981","27,739,745","18,431,786","15,706,345","23,865,000","23,794,000","23,594,000","24,577,226","26,827,935.202","25,682,360","22,445,250","20,871,450","24,464,000","23,204,000","17,975,000","16,616,000","728,000","21,821,800","19,755,080","18,365,950","17,731,094.488","21,312,511.223","23,875,528.168","25,169,702.285","27,141,950","24,493,441.544","20,729,544.487","17,938,051.265","14,926,200","8,877,606.321","10,148,050","17,354,818.595","19,463,455.932","17,638,409.473","22,391,141.593","27,667,944.491","25,606,593.11","15,900,800","10,583,479.308","15,934,759.474","43,277,200","24,463,219.355","18,330,000","12,977,338.473","9,740,538.817","-5,035,800","4,977,852.073","3,081,796.043","-34,764,800","3,461,194.589","3,223,014.289","2,086,233.035","366,400","-3,109,174.471","-5,517,267.645","-1,243,290.784","574,000","2,233,400","1,520,136.398","-699,542.056","6,645,707.981","8,290,200","10,925,800","13,342,000","12,244,400","10,736,600","9,060,387.527","8,030,800","4,999,600","6,044,600","5,885,153.525","5,508,600","5,957,952.91","5,011,668.143","4,166,221.974","3,630,307.866","5,059,395.532","4,396,651.312","3,544,887.129","2,763,369.676","3,127,061.891","2,557,200","850,400","734,814.253","2,227,272.727","1,740,000","1,437,500","720,000","1,100,000","300,000","1,000,000","700,000","300,000","800,000","300,000","1,200,000","1,660,000","1,339,130.435","1,038,888.889","937,500","1,200,000","1,000,000","763,636.364",,,,,,,,,,,,,,,,,,,,,,
InterestIncome,"1,141,000","262,000","271,000","300,000","308,000","390,000","374,000","332,000","368,000","533,000","645,000","539,000","445,000","440,000","525,000","647,000","1,068,000","1,426,000","1,555,000","1,487,000","1,299,000","1,185,000","1,071,000","1,161,000","1,134,000","1,015,000","932,000","947,000","866,000","788,000","897,000","842,000","770,000","683,000","639,000","458,000","402,000","383,000","397,000","417,000","446,000","415,000","483,000","413,000","388,000","273,000","293,000","293,000","320,000","367,000","456,000","472,000","448,000","472,000",,,,,,,,,,,,,,,,,,,,,,,,,,,,,,,,,,,,,,,,,,,,,,,,,,,,,,,,,,,,,,,,,,,,,,,,,,,,,,,,,,,,,,,,,,,,,,
InterestExpense,"12,740,000","3,345,000","3,046,000","3,159,000","3,190,000","3,818,000","4,086,000","4,228,000","3,988,000","3,814,000","4,132,000","3,748,000","3,711,000","3,145,000","2,249,000","2,044,000","2,910,000","3,547,000","3,725,000","3,748,000","3,294,000","3,262,000","3,274,000","3,790,000","3,637,000","3,674,000","3,534,000","3,524,000","3,280,000","3,383,000","3,777,000","3,343,000","3,055,000","3,082,000","2,815,000","2,628,000","2,650,000","3,640,000","3,720,000","3,859,000","4,125,000","4,020,000","4,060,000","4,085,000","3,301,000","2,082,000","2,181,000","2,253,000","2,359,000","2,418,000","2,559,000","2,532,000","2,680,000","2,733,000",,,,,,,,,,,,,,,,,,,,,,,,,,,,,,,,,,,,,,,,,,,,,,,,,,,,,,,,,,,,,,,,,,,,,,,,,,,,,,,,,,,,,,,,,,,,,,
NetInterestIncome,"-11,599,000","-3,083,000","-2,775,000","-2,859,000","-2,882,000","-3,428,000","-3,712,000","-3,896,000","-3,620,000","-3,281,000","-3,487,000","-3,209,000","-3,266,000","-2,705,000","-1,724,000","-1,397,000","-1,842,000","-2,121,000","-2,170,000","-2,261,000","-1,995,000","-2,077,000","-2,203,000","-2,629,000","-2,503,000","-2,659,000","-2,602,000","-2,577,000","-2,414,000","-2,595,000","-2,880,000","-2,501,000","-2,285,000","-2,399,000","-2,176,000","-2,170,000","-2,248,000","-3,257,000","-3,323,000","-3,442,000","-3,679,000","-3,605,000","-3,577,000","-3,672,000","-2,913,000","-1,809,000","-1,888,000","-1,960,000","-2,039,000","-2,051,000","-2,103,000","-2,060,000","-2,232,000","-2,261,000",,,,,,,,,,,,,,,,,,,,,,,,,,,,,,,,,,,,,,,,,,,,,,,,,,,,,,,,,,,,,,,,,,,,,,,,,,,,,,,,,,,,,,,,,,,,,,
EBIT,"143,164,000","34,653,000","29,821,000","42,588,000","36,102,000","50,252,000","45,722,000","49,636,000","45,621,000","17,896,000","38,406,000","37,174,000","33,429,000","31,841,000","36,364,000","36,344,000","32,462,000","18,264,000","32,766,000","34,756,000","30,665,000","35,681,000","34,300,000","25,611,000","32,349,000","23,233,000","20,836,000","30,293,000","29,968,000","30,180,000","29,818,000","32,387,000","30,239,000","20,354,000","22,640,000","27,050,000","25,594,000","23,571,000","21,406,000","27,598,000","29,586,000","26,411,000","23,700,000","23,061,000","26,023,000","26,667,000","28,001,000","28,480,000","27,224,000","23,739,000","20,583,000","15,453,000","12,932,000","6,049,000","21,281,000","22,974,000","22,482,000","27,563,000","31,928,000","32,544,000","18,353,000","11,070,000","19,309,000","24,527,000","23,950,000","17,740,000","14,046,000","11,055,000","7,839,000","6,302,000","4,221,000","5,251,000","5,133,000","4,759,000","3,271,000","640,000","-4,421,000","-7,192,000","-1,215,000","1,679,000","4,475,000","2,838,000","205,000","12,438,000","15,207,000","19,582,000","24,697,000","25,101,000","17,411,000","15,102,000","13,387,000","11,879,000","10,077,000","9,809,000","9,186,000","9,742,000","8,271,000","6,891,000","6,018,000","8,430,000","7,465,000","6,148,000","4,774,000","5,489,000","4,778,000","1,942,000","1,778,000","3,800,000","3,600,000","2,900,000","1,900,000","-164,300,000","55,000,000","2,500,000","1,600,000","1,400,000","1,700,000","900,000","2,400,000","3,000,000","2,500,000","2,000,000","1,900,000","2,300,000","2,000,000","1,800,000","26,500,000","-53,700,000","18,700,000","18,900,000","20,100,000","-56,400,000","20,400,000","20,700,000","21,300,000","-31,400,000","13,800,000","10,800,000","9,400,000","-17,000,000","5,600,000","5,100,000","5,000,000","-20,200,000","7,600,000","7,500,000","7,300,000","-11,100,000"
EBITDA,"204,443,000"
ReconciledCostOfRevenue,"3,064,281,000","812,213,000","747,460,000","764,271,000","740,337,000","789,883,000","751,078,000","824,037,000","774,513,000","705,919,000","773,219,000","732,406,000","728,614,000","718,415,000","693,161,000","697,874,000","658,564,000","645,699,000","613,771,000","603,338,000","557,647,000","540,549,000","570,663,000","591,534,000","605,118,000","565,388,000","566,605,000","609,458,000","610,498,000","591,508,000","603,276,000","603,584,000","561,912,000","504,781,000","482,403,000","513,201,000","516,472,000","505,803,000","479,370,000","538,545,000","551,426,000","518,846,000","478,002,000","487,842,000","505,109,000","512,675,000","510,864,000","499,270,000","480,836,000","440,507,000","385,858,000","355,152,000","344,038,000","353,097,000","409,559,000","426,147,000","407,520,000","399,497,000","402,697,000","371,960,000","341,052,000","328,533,000","341,180,000","352,061,000","351,894,000","300,870,000","297,031,000","291,448,000","286,572,000","279,941,000","265,185,000","250,315,000","251,838,000","233,091,000","218,837,000","200,103,000","183,780,000","181,150,000","189,839,000","187,602,000","203,701,000","201,928,000","177,651,000","219,997,000","216,332,000","240,428,000","227,651,000","209,086,000","161,220,000","138,891,000","126,545,000","160,448,000","89,933,000","88,177,000","87,446,000","90,012,000","85,399,000","85,847,000","85,611,000","90,224,000","87,149,000","86,330,000","78,713,000","73,903,000","78,143,000","70,110,000","66,635,000","67,400,000","65,600,000","62,700,000","60,500,000",,,"56,300,000","51,800,000","38,100,000","34,900,000","33,400,000","37,400,000","34,100,000","36,500,000","34,800,000","33,000,000","29,700,000","28,900,000","23,000,000",,,,,,,,,,,,,,,,,,,,,,
ReconciledDepreciation,"61,279,000","15,447,000","15,489,000","15,229,000","15,114,000","15,835,000","14,836,000","14,474,000","14,278,000","13,973,000","13,965,000","13,411,000","13,327,000","12,894,000","12,574,000","12,535,000","12,159,000","11,900,000","11,702,000","11,545,000","11,296,000","11,040,000","11,449,000","11,625,000","11,886,000","11,874,000","12,029,000","11,876,000","11,900,000","11,945,000","12,657,000","11,854,000","12,062,000","11,962,000","11,986,000","12,195,000","12,429,000","12,379,000","12,473,000","12,316,000","12,177,000","12,102,000","12,619,000","12,606,000","11,694,000","11,421,000","11,305,000","10,946,000","10,395,000","9,757,000","9,054,000","9,033,000","8,663,000","8,671,000","8,101,000","7,759,000","7,366,000","7,101,000","6,993,000","6,992,000","6,759,000","6,507,000","6,330,000","6,121,000","5,696,000","5,657,000","5,836,000","5,412,000","6,043,000","5,991,000","6,444,000","6,247,000","6,381,000","6,377,000","6,444,000","6,488,000","6,235,000","7,037,000","7,375,000","8,847,000","9,313,000","10,052,000","8,392,000","7,953,000","8,021,000","7,172,000","6,744,000","5,677,000","4,170,000","3,351,000","3,109,000","4,387,000","1,997,000","1,859,000","1,750,000","1,921,000","1,666,000","1,568,000","1,427,000","1,444,000","1,125,000","1,024,000","894,000","1,330,000","767,000","744,000","812,000","1,500,000","500,000","700,000","500,000",,,"500,000","700,000","1,000,000","600,000","500,000","500,000","700,000","600,000","600,000","500,000","900,000","200,000","500,000",,,,,,,,,,,,,,,,,,,,,,
NetIncomeFromContinuingOperationNetMinorityInterest,"111,242,000","26,869,000","23,423,000","33,341,000","27,609,000","41,763,000","36,199,000","37,705,000","35,842,000","12,926,000","31,006,000","36,831,000","24,801,000","24,758,000","22,226,000","72,742,000","26,501,000","12,290,000","-98,493,000","29,009,000","25,579,000","29,295,000","28,179,000","19,093,000","26,099,000","16,787,000","14,448,000","23,865,000","23,794,000","23,594,000","23,079,000","26,450,000","24,584,000","18,516,000","17,663,000","24,464,000","23,204,000","17,975,000","16,616,000","728,000","23,533,000","19,958,000","17,870,000","18,323,000","22,040,000","23,860,000","25,033,000","26,607,000","24,368,000","20,714,000","17,844,000","15,051,000","9,210,000","5,028,000","17,038,000","17,319,000","17,432,000","22,110,000","27,285,000","24,903,000","15,540,000","10,158,000","15,117,000","43,144,000","25,092,000","18,537,000","13,757,000","10,517,000","-21,498,000","-4,459,000","3,022,000","-36,782,000","-768,000","3,471,000","2,499,000","-3,872,000","-14,747,000","-5,044,000","-20,832,000","-551,000","656,000","-2,154,000","-2,023,000","6,919,000","7,362,000","11,656,000","13,213,000","12,173,000","10,418,000","9,352,000","8,254,000","2,083,000","6,323,000","6,172,000","5,733,000","5,950,000","5,202,000","4,338,000","3,745,000","5,520,000","4,419,000","3,597,000","2,864,000","3,183,000","2,604,000","839,000","805,000","2,100,000","1,800,000","1,500,000","900,000","1,100,000","300,000","1,000,000","700,000","300,000","800,000","300,000","1,200,000","1,600,000","1,400,000","1,100,000","1,000,000","1,200,000","1,000,000","700,000",,,,,,,,,,,,,,,,,,,,,,
TotalUnusualItemsExcludingGoodwill,"-3,259,000","0","-2,021,000","0","-1,238,000","-2,029,000",,"0","0","-6,003,000",,"-1,678,000",,,,,,,,"0","0","0","0","-1,805,000","-1,805,000","-1,917,000","-1,507,000","0","0","0","-1,691,000","-415,000","-1,215,000","-6,045,000","-3,605,000",,,,,,"1,860,000","228,000","-545,000","613,000","750,000","-16,000","-141,000","-823,000","-128,000","-16,000","-95,000","192,000","370,000","-7,877,000","-352,000","-2,363,000","-258,000","-362,000","-467,000","-939,000","-451,000","-501,000","-1,062,000","-222,000","637,000","345,000","794,000","815,000","-27,437,000","-10,258,000","-65,000","-3,362,000","-5,292,000","310,000","516,000","-7,064,000","-19,011,000","678,000","-31,322,000","-1,875,000","-2,629,000","-4,527,000","-2,170,000","435,000","-1,547,000","1,217,000","-215,000","-119,000","-531,000","486,000","372,000","-4,861,000","464,000","478,000","374,000","-13,000","314,000","284,000","190,000","762,000","37,000","86,000","165,000","92,000","78,000","-19,000","115,000","-200,000","100,000","100,000","300,000",,,,,,,,,"-100,000","100,000","100,000","100,000",,,"-100,000",,,,,,,,,,,,,,,,,,,,,,
TotalUnusualItems,"-3,259,000","0","-2,021,000","0","-1,238,000","-2,029,000",,"0","0","-6,003,000",,"-1,678,000",,,,,,,,"0","0","0","0","-1,805,000","-1,805,000","-1,917,000","-1,507,000","0","0","0","-1,691,000","-415,000","-1,215,000","-6,045,000","-3,605,000",,,,,,"1,860,000","228,000","-545,000","613,000","750,000","-16,000","-141,000","-823,000","-128,000","-16,000","-95,000","192,000","370,000","-7,877,000","-352,000","-2,363,000","-258,000","-362,000","-467,000","-939,000","-451,000","-501,000","-1,062,000","-222,000","637,000","345,000","794,000","815,000","-27,437,000","-10,258,000","-65,000","-3,362,000","-5,292,000","310,000","516,000","-7,064,000","-19,011,000","678,000","-31,322,000","-1,875,000","-2,629,000","-4,527,000","-2,170,000","435,000","-1,547,000","1,217,000","-215,000","-119,000","-531,000","486,000","372,000","-4,861,000","464,000","478,000","374,000","-13,000","314,000","284,000","190,000","762,000","37,000","86,000","165,000","92,000","78,000","-19,000","115,000","-200,000","100,000","100,000","300,000",,,,,,,,,"-100,000","100,000","100,000","100,000",,,"-100,000",,,,,,,,,,,,,,,,,,,,,,
NormalizedEBITDA,"207,702,000","50,100,000","47,331,000","57,817,000","52,454,000","68,116,000","60,558,000","64,110,000","59,899,000","37,872,000","52,371,000","50,585,000","46,756,000","44,735,000","48,938,000","48,879,000","44,621,000","30,164,000","44,468,000","46,301,000","41,961,000","46,721,000","45,749,000","39,041,000","46,040,000","37,024,000","34,372,000","42,169,000","41,868,000","42,125,000","44,166,000","44,656,000","43,516,000","38,361,000","38,231,000","39,245,000","38,023,000","35,950,000","33,879,000","39,914,000","39,903,000","38,285,000","36,864,000","35,054,000","36,967,000","38,104,000","39,447,000","40,249,000","37,747,000","33,512,000","29,732,000","24,294,000","21,225,000","22,597,000","29,734,000","33,096,000","30,106,000","35,026,000","39,388,000","40,475,000","25,563,000","18,078,000","26,701,000","30,870,000","29,009,000","23,052,000","19,088,000","15,652,000","41,319,000","22,551,000","10,730,000","14,860,000","16,806,000","10,826,000","9,199,000","14,192,000","20,825,000","-833,000","37,482,000","12,401,000","16,417,000","17,417,000","10,767,000","19,956,000","24,775,000","25,537,000","31,656,000","30,897,000","22,112,000","17,967,000","16,124,000","21,127,000","11,610,000","11,190,000","10,562,000","11,676,000","9,623,000","8,175,000","7,255,000","9,112,000","8,553,000","7,086,000","5,503,000","6,727,000","5,467,000","2,705,000","2,475,000","5,500,000","4,100,000","3,500,000","2,100,000","-164,300,000","55,000,000","3,100,000","2,300,000","2,400,000","2,300,000","1,400,000","2,900,000","3,800,000","3,000,000","2,500,000","2,300,000","3,200,000","2,200,000","2,400,000","26,500,000","-53,700,000","18,700,000","18,900,000","20,100,000","-56,400,000","20,400,000","20,700,000","21,300,000","-31,400,000","13,800,000","10,800,000","9,400,000","-17,000,000","5,600,000","5,100,000","5,000,000","-20,200,000","7,600,000","7,500,000","7,300,000","-11,100,000"
TaxRateForCalcs,"0.147","0.142","0.125","0.154","0.161","0.101","0.131","0.17","0.139","0.082","0.095","0.27","0.165","0.137","0.142","0.27","0.103","0.165","0.4","0.064","0.065","0.096","0.092","0.125","0.091","0.142","0.165","0.108","0.108","0.12","0.114","0.089","0.096","0.35","0.11","0.35","0.35","0.1","0.06","0.35","0.08","0.11","0.09","0.034","0.03","0.029","0.03","0.35","0.02","0.028","0.01","0.35","0.102","0.35","0.1","0.092","0.2","0.223","0.18","0.251","0.2","0.151","0.23","0.4","0.013","0.4","0.018","0.047","0.4","0.08","0.08","0.4","0.201","0.2","0.2","0.4","0.388","0.302","0.375","0.4","0.4","0.188","0.39","0.372","0.4","0.4","0.4","0.4","0.4","0.4","0.4","0.4","0.4","0.4","0.4","0.388","0.394","0.395","0.396","0.396","0.396","0.394","0.39","0.392","0.4","0.4","0.39","0.364","0.4","0.375","0.4","0.4","0.4","0.375","0.364","0.25","0.385","0.4","0.4","0.4","0.391","0.389","0.375","0.368","0.375","0.364",,,,,,,,,,,,,,,,,,,,,,
TaxEffectOfUnusualItems,"-479,314.681","0","-252,625","0","-199,318","-204,929","0","0","0","-492,246","0","0","0","0","0","0","0","0","0","0","0","0","0","-225,656.019","-164,255","-272,214","-248,655","0","0","0","-192,774","-37,064.798","-116,640","-2,115,750","-396,550","0","0","0","0","0","148,800","25,080","-49,050","21,094.488","22,511.223","-471.832","-4,297.715","-288,050","-2,558.456","-455.513","-948.735","67,200","37,606.321","-2,756,950","-35,181.405","-218,544.068","-51,590.527","-80,858.407","-84,055.509","-235,406.89","-90,200","-75,520.692","-244,240.526","-88,800","8,219.355","138,000","14,338.473","38,538.817","-10,974,800","-821,147.927","-5,203.957","-1,344,800","-1,062,805.411","62,014.289","103,233.035","-2,825,600","-7,373,174.471","204,732.355","-11,733,290.784","-750,000","-1,051,600","-852,863.602","-846,542.056","161,707.981","-618,800","486,800","-86,000","-47,600","-212,400","194,387.527","148,800","-1,944,400","185,600","191,153.525","149,600","-5,047.09","123,668.143","112,221.974","75,307.866","301,395.532","14,651.312","33,887.129","64,369.676","36,061.891","31,200","-7,600","44,814.253","-72,727.273","40,000","37,500","120,000","0","0","0","0","0","0","0","0","-40,000","39,130.435","38,888.889","37,500","0","0","-36,363.636",,,,,,,,,,,,,,,,,,,,,,