name,ttm,03/31/2022,12/31/2021,09/30/2021,06/30/2021,03/31/2021,12/31/2020,09/30/2020,06/30/2020,03/31/2020,12/31/2019,09/30/2019,06/30/2019,03/31/2019,12/31/2018,09/30/2018,06/30/2018,03/31/2018,12/31/2017,09/30/2017,06/30/2017,03/31/2017,12/31/2016,09/30/2016,06/30/2016,03/31/2016,12/31/2015,09/30/2015,06/30/2015,03/31/2015,12/31/2014,09/30/2014,06/30/2014,03/31/2014,12/31/2013,09/30/2013,06/30/2013,03/31/2013,12/31/2012,09/30/2012,06/30/2012,03/31/2012,12/31/2011,09/30/2011,06/30/2011,03/31/2011,12/31/2010,09/30/2010,06/30/2010,03/31/2010,12/31/2009,09/30/2009,06/30/2009,03/31/2009,12/31/2008,09/30/2008,06/30/2008,03/31/2008,12/31/2007,09/30/2007,06/30/2007,03/31/2007,12/31/2006,09/30/2006,06/30/2006,03/31/2006,12/31/2005,09/30/2005,06/30/2005,03/31/2005,12/31/2004,09/30/2004,06/30/2004,03/31/2004,12/31/2003,09/30/2003,06/30/2003,03/31/2003,12/31/2002,09/30/2002,06/30/2002,03/31/2002,12/31/2001,09/30/2001,06/30/2001,03/31/2001,12/31/2000,09/30/2000,06/30/2000,03/31/2000,12/31/1999,09/30/1999,06/30/1999,03/31/1999,12/31/1998,09/30/1998,06/30/1998,03/31/1998,12/31/1997,09/30/1997,06/30/1997,03/31/1997,12/31/1996,09/30/1996,06/30/1996,03/31/1996,12/31/1995,09/30/1995,06/30/1995,03/31/1995,12/31/1994,09/30/1994,06/30/1994,03/31/1994,12/31/1993,09/30/1993,06/30/1993,03/31/1993,12/31/1992,09/30/1992,06/30/1992,03/31/1992,12/31/1991,09/30/1991,06/30/1991,03/31/1991,12/31/1990,09/30/1990,06/30/1990,03/31/1990,12/31/1989,09/30/1989,06/30/1989,03/31/1989,12/31/1988,09/30/1988,06/30/1988,03/31/1988,12/31/1987,09/30/1987,06/30/1987,03/31/1987,12/31/1986,09/30/1986,06/30/1986,03/31/1986,12/31/1985,09/30/1985
TotalRevenue,"15,744,428,000","4,240,395,000","4,038,769,000","3,827,566,000","3,637,698,000","3,273,425,000","3,117,829,000","3,075,121,000","2,824,023,000","3,074,928,000","3,063,489,000","2,777,970,000","2,843,085,000","2,724,675,000","2,656,789,000","2,697,604,000","2,836,713,000","2,746,678,000","2,742,352,000","2,793,885,000","2,251,604,000","2,020,492,000","1,908,150,000","2,031,721,000","2,028,315,000","1,962,937,000","1,960,780,000","2,112,529,000","2,053,876,000","2,052,919,000","2,110,436,000","2,268,048,000","2,186,816,000","2,018,065,000","2,047,285,000","2,142,815,000","2,184,119,000","2,036,929,000","2,189,662,000","2,068,478,000","1,974,469,000","1,888,773,000","1,829,308,000","1,891,224,000","1,922,690,000","1,892,476,000","1,811,293,000","1,719,850,000","1,707,568,000","1,642,918,000","1,602,734,000","1,736,149,000","1,776,813,000","1,698,102,000","1,876,991,000","2,169,489,000","2,207,476,000","2,100,794,000","2,093,211,000","2,149,116,000","2,118,386,000","1,993,965,000","1,337,132,000","1,338,398,000","1,287,646,000","1,265,709,000","1,343,812,000","1,482,668,000","1,440,039,000","1,375,321,000","1,368,247,000","1,486,454,000","1,447,995,000","1,384,907,000","1,044,367,000","709,471,000","651,877,000","630,592,000","627,405,000","639,819,000","637,116,000","600,753,000","656,030,000","641,251,000","645,836,000","541,593,000","386,032,000","379,375,000","391,979,000","373,260,000","354,800,000","347,300,000","344,200,000","329,900,000","336,100,000","340,700,000","328,500,000","324,400,000","337,900,000","341,200,000","335,200,000","303,400,000","297,800,000","305,500,000","294,300,000","272,000,000","267,500,000","257,700,000","230,300,000","216,800,000","227,000,000","240,000,000","238,300,000","223,200,000","221,900,000","219,000,000","220,600,000","227,700,000","220,500,000","210,500,000","205,800,000","205,500,000","195,500,000","206,400,000","193,300,000","201,300,000","185,800,000","191,400,000","188,600,000","178,000,000","162,700,000","177,000,000","176,200,000","158,000,000","149,900,000","155,500,000","132,500,000","119,900,000","98,500,000","104,900,000","105,100,000","105,800,000","106,000,000","93,800,000","93,800,000","93,800,000","93,800,000","75,300,000"
	OperatingRevenue,"15,744,428,000","4,240,395,000","4,038,769,000","3,827,566,000","3,637,698,000","3,273,425,000","3,117,829,000","3,075,121,000","2,824,023,000","3,074,928,000","3,063,489,000","2,777,970,000","2,843,085,000","2,724,675,000","2,656,789,000","2,697,604,000","2,836,713,000","2,746,678,000","2,742,352,000","2,793,885,000","2,251,604,000","2,020,492,000","1,908,150,000","2,031,721,000","2,028,315,000","1,962,937,000","1,960,780,000","2,112,529,000","2,053,876,000","2,052,919,000","2,110,436,000","2,268,048,000","2,186,816,000","2,018,065,000","2,047,285,000","2,142,815,000","2,184,119,000","2,036,929,000","2,189,662,000","2,068,478,000","1,974,469,000","1,888,773,000","1,829,308,000","1,891,224,000","1,922,690,000","1,892,476,000","1,811,293,000","1,719,850,000","1,707,568,000","1,642,918,000","1,602,734,000","1,736,149,000","1,776,813,000","1,698,102,000","1,876,991,000","2,169,489,000","2,207,476,000","2,100,794,000","2,093,211,000","2,149,116,000","2,118,386,000","1,993,965,000","1,337,132,000","1,338,398,000","1,287,646,000","1,265,709,000","1,343,812,000","1,482,668,000","1,440,039,000","1,375,321,000","1,368,247,000","1,486,454,000","1,447,995,000","1,384,907,000","1,044,367,000","709,471,000","651,877,000","630,592,000","627,405,000","639,819,000","637,116,000","600,753,000","656,030,000","641,251,000","645,836,000","541,593,000","386,032,000","379,375,000","391,979,000","373,260,000","354,800,000","347,300,000","344,200,000","329,900,000","336,100,000","340,700,000","328,500,000","324,400,000","337,900,000","341,200,000","335,200,000","303,400,000","297,800,000","305,500,000","294,300,000","272,000,000","267,500,000","257,700,000","230,300,000","216,800,000","227,000,000","240,000,000","238,300,000","223,200,000","221,900,000","219,000,000","220,600,000","227,700,000","220,500,000","210,500,000","205,800,000","205,500,000","195,500,000","206,400,000","193,300,000","201,300,000","185,800,000","191,400,000","188,600,000","178,000,000","162,700,000","177,000,000","176,200,000","158,000,000","149,900,000","155,500,000","132,500,000","119,900,000","98,500,000","104,900,000","105,100,000","105,800,000","106,000,000","93,800,000","93,800,000","93,800,000","93,800,000","75,300,000"
CostOfRevenue,"14,097,864,000","3,698,415,000","3,686,269,000","3,455,723,000","3,257,457,000","3,012,182,000","2,890,433,000","2,761,279,000","2,704,164,000","2,897,829,000","2,862,094,000","2,495,773,000","2,475,221,000","2,505,736,000","2,544,941,000","2,527,863,000","2,562,491,000","2,459,013,000","2,480,548,000","2,315,301,000","1,826,217,000","1,805,287,000","1,727,700,000","1,821,504,000","1,742,184,000","1,725,375,000","1,800,087,000","1,827,985,000","1,621,856,000","1,675,799,000","1,731,287,000","1,817,783,000","1,837,341,000","1,802,959,000","1,839,361,000","1,906,242,000","1,901,611,000","1,918,495,000","2,114,119,000","1,962,343,000","1,830,380,000","1,778,708,000","1,809,120,000","1,953,611,000","1,968,918,000","1,945,586,000","1,692,104,000","1,562,556,000","1,575,077,000","1,590,899,000","1,520,150,000","1,563,975,000","1,593,399,000","1,600,378,000","1,960,373,000","2,467,919,000","2,154,265,000","2,124,173,000","1,985,455,000","1,942,285,000","1,883,148,000","1,910,023,000","1,271,606,000","1,239,095,000","1,244,950,000","1,228,508,000","1,225,412,000","1,281,863,000","1,209,540,000","1,216,837,000","1,212,836,000","1,327,687,000","1,324,746,000","1,257,816,000","967,264,000","660,084,000","600,932,000","604,919,000","599,406,000","608,149,000","590,116,000","572,122,000","598,165,000","618,736,000","551,603,000","500,225,000","330,198,000","330,438,000","336,030,000","330,367,000","300,700,000","292,600,000","285,800,000","275,200,000","283,500,000","285,400,000","287,400,000","289,600,000","300,400,000","299,400,000","300,400,000","273,200,000","267,500,000","283,300,000","269,600,000","248,500,000","239,400,000","228,800,000","200,000,000","202,900,000","199,900,000","210,900,000","201,600,000","190,500,000","184,500,000","188,800,000","185,700,000","188,300,000","185,400,000","197,800,000","190,000,000","194,600,000","178,900,000","182,300,000","172,500,000","173,000,000","163,500,000","169,200,000","160,000,000","152,800,000",,,,,,,,,,,,,,,,,,
GrossProfit,"1,646,564,000","541,980,000","352,500,000","371,843,000","380,241,000","261,243,000","227,396,000","313,842,000","119,859,000","177,099,000","201,395,000","282,197,000","367,864,000","218,939,000","111,848,000","169,741,000","274,222,000","287,665,000","261,804,000","478,584,000","425,387,000","215,205,000","180,450,000","210,217,000","286,131,000","237,562,000","160,693,000","284,544,000","432,020,000","377,120,000","379,149,000","450,265,000","349,475,000","215,106,000","207,924,000","236,573,000","282,508,000","118,434,000","75,543,000","106,135,000","144,089,000","110,065,000","20,188,000","-62,387,000","-46,228,000","-53,110,000","119,189,000","157,294,000","132,491,000","52,019,000","82,584,000","172,174,000","183,414,000","97,724,000","-83,382,000","-298,430,000","53,211,000","-23,379,000","107,756,000","206,831,000","235,238,000","83,942,000","65,526,000","99,303,000","42,696,000","37,201,000","118,400,000","200,805,000","230,499,000","158,484,000","155,411,000","158,767,000","123,249,000","127,091,000","77,103,000","49,387,000","50,945,000","25,673,000","27,999,000","31,670,000","47,000,000","28,631,000","57,865,000","22,515,000","94,233,000","41,368,000","55,834,000","48,937,000","55,949,000","42,893,000","54,100,000","54,700,000","58,400,000","54,700,000","52,600,000","55,300,000","41,100,000","34,800,000","37,500,000","41,800,000","34,800,000","30,200,000","30,300,000","22,200,000","24,700,000","23,500,000","28,100,000","28,900,000","30,300,000","13,900,000","27,100,000","29,100,000","36,700,000","32,700,000","37,400,000","30,200,000","34,900,000","39,400,000","35,100,000","12,700,000","15,800,000","10,900,000","16,600,000","24,100,000","20,800,000","28,300,000","22,300,000","22,200,000","28,600,000","25,200,000",,,,,,,,,,,,,,,,,,
OperatingExpense,"1,186,049,000","139,967,000","291,644,000","251,066,000","503,372,000","102,779,000","187,773,000","219,554,000","92,570,000","92,713,000","115,597,000","94,032,000","88,357,000","81,924,000","85,629,000","84,138,000","87,975,000","85,283,000","105,508,000","102,191,000","61,636,000","62,853,000","55,357,000","46,116,000","49,520,000","48,788,000","52,920,000","52,620,000","48,834,000","49,507,000","50,157,000","44,629,000","48,607,000","45,201,000","49,027,000","43,797,000","44,099,000","43,992,000","45,564,000","41,782,000","44,439,000","45,256,000","48,652,000","51,197,000","52,478,000","53,666,000","52,129,000","45,096,000","63,718,000","48,601,000","76,354,000","55,509,000","74,818,000","77,879,000","92,437,000","578,762,000","92,291,000","102,559,000","105,347,000","96,467,000","98,461,000","95,641,000","68,432,000","77,826,000","69,433,000","75,137,000","72,202,000","80,956,000","94,506,000","69,529,000","64,396,000","22,889,000","78,209,000","65,581,000","46,303,000","23,665,000","24,805,000","24,263,000","17,658,000","34,770,000","32,954,000","33,003,000","34,535,000","-8,601,000","48,747,000","46,640,000","32,623,000","33,302,000","29,600,000","29,611,000","28,800,000","25,800,000","29,100,000","29,400,000","26,400,000","23,700,000","22,100,000","23,500,000","22,100,000","16,700,000","22,200,000","20,500,000","14,000,000","18,700,000","19,300,000","19,900,000","19,200,000","19,900,000","18,400,000","18,600,000","18,300,000","12,700,000","21,500,000","20,700,000","21,200,000","18,700,000","23,400,000","20,400,000","21,000,000","21,200,000","17,400,000","16,000,000","17,100,000","16,200,000","15,400,000","16,700,000","16,100,000","17,300,000","14,100,000","14,900,000",,,,,,,,,,,,,,,,,,
	SellingGeneralAndAdministration,"1,186,049,000","139,967,000","291,644,000","251,066,000","503,372,000","102,779,000","187,773,000","219,554,000","92,570,000","92,713,000","115,597,000","94,032,000","88,357,000","81,924,000","85,629,000","84,138,000","87,975,000","85,283,000","105,508,000","102,191,000","61,636,000","62,853,000","55,357,000","46,116,000","49,520,000","48,788,000","52,920,000","52,620,000","48,834,000","49,507,000","50,157,000","44,629,000","48,607,000","45,201,000","49,027,000","43,797,000","44,099,000","43,992,000","45,564,000","41,782,000","44,439,000","45,256,000","48,652,000","51,197,000","52,478,000","53,666,000","52,129,000","45,096,000","63,718,000","48,601,000","76,354,000","55,509,000","74,818,000","77,879,000","92,437,000","77,316,000","92,291,000","102,559,000","105,347,000","96,467,000","98,461,000","95,641,000","68,432,000","77,826,000","69,433,000","75,137,000","72,202,000","80,956,000","94,506,000","69,529,000","64,396,000","46,704,000","78,209,000","65,649,000","46,303,000","34,142,000","35,107,000","35,576,000","32,045,000","34,770,000","32,954,000","33,003,000","34,535,000","30,827,000","30,139,000","34,488,000","23,955,000","24,023,000","20,316,000","20,747,000","20,200,000","17,300,000","20,200,000","21,000,000","17,700,000","15,600,000","13,700,000","15,500,000","14,000,000","8,600,000","14,700,000","13,400,000","14,000,000","12,700,000","11,900,000","12,400,000","12,100,000","13,000,000","12,000,000","12,200,000","12,000,000","6,400,000","15,200,000","14,400,000","15,000,000","13,100,000","13,200,000","13,600,000","14,200,000","14,100,000","11,800,000","10,600,000","11,600,000","10,900,000","9,700,000","12,800,000","11,100,000","11,700,000","10,100,000","11,100,000",,,,,,,,,,,,,,,,,,
	DepreciationAmortizationDepletionIncomeStatement,,,,,,,,,,,,,,,,,,,,,,,,,,,,,,,,,,,,,,,,,,,,,,,,,,,,,,,,,,,,,,,,,,,,,,,,,,,,,,,,,,,,,"18,608,000","12,152,000","8,668,000","9,279,000","9,284,000","8,864,000","8,600,000","8,500,000","8,900,000","8,400,000","8,700,000","8,100,000","8,400,000","8,000,000","8,100,000","8,100,000","7,500,000","7,100,000",,"6,000,000","7,400,000","7,500,000","7,100,000","6,900,000","6,400,000","6,400,000","6,300,000","6,300,000","6,300,000","6,300,000","6,200,000","5,600,000","10,200,000","6,800,000","6,800,000","7,100,000","5,600,000","5,400,000","5,500,000","5,300,000","5,700,000","3,900,000","5,000,000","5,600,000","4,000,000","3,800,000",,,,,,,,,,,,,,,,,,
		DepreciationAndAmortizationInIncomeStatement,,,,,,,,,,,,,,,,,,,,,,,,,,,,,,,,,,,,,,,,,,,,,,,,,,,,,,,,,,,,,,,,,,,,,,,,,,,,,,,,,,,,,"18,608,000","12,152,000","8,668,000","9,279,000","9,284,000","8,864,000","8,600,000","8,500,000","8,900,000","8,400,000","8,700,000","8,100,000","8,400,000","8,000,000","8,100,000","8,100,000","7,500,000","7,100,000",,"6,000,000","7,400,000","7,500,000","7,100,000","6,900,000","6,400,000","6,400,000","6,300,000","6,300,000","6,300,000","6,300,000","6,200,000","5,600,000","10,200,000","6,800,000","6,800,000","7,100,000","5,600,000","5,400,000","5,500,000","5,300,000","5,700,000","3,900,000","5,000,000","5,600,000","4,000,000","3,800,000",,,,,,,,,,,,,,,,,,
	OtherOperatingExpenses,,,,,,,,,,,,,,,,,,,,,,,,,,,,,,,,,,,,,,,,,,,,,,,,,,,,,,,,,,,,,,,,,,,,,,,,"-23,815,000",,"-68,000",,"-10,477,000","-10,302,000","-11,313,000","-14,387,000",,,,,,,,,,,,,,,,,,,,,,,,,,,,,,,,,,,,,,,,,,,,,,,,,,,,,,,,,,,,,,,,,,,,,
OperatingIncome,"460,515,000","402,013,000","60,856,000","120,777,000","-123,131,000","158,464,000","39,623,000","94,288,000","27,289,000","84,386,000","85,798,000","188,165,000","279,507,000","137,015,000","26,219,000","85,603,000","186,247,000","202,382,000","156,296,000","376,393,000","363,751,000","152,352,000","125,093,000","164,101,000","236,611,000","188,774,000","107,773,000","231,924,000","383,186,000","327,613,000","328,992,000","405,636,000","300,868,000","169,905,000","158,897,000","192,776,000","238,409,000","74,442,000","29,979,000","64,353,000","99,650,000","64,809,000","-28,464,000","-113,584,000","-98,706,000","-106,776,000","67,060,000","112,198,000","68,773,000","3,418,000","6,230,000","116,665,000","108,596,000","19,845,000","-175,819,000","-877,192,000","-39,080,000","-125,938,000","2,409,000","110,364,000","136,777,000","-11,699,000","-2,906,000","21,477,000","-26,737,000","-37,936,000","46,198,000","119,849,000","135,993,000","88,955,000","91,015,000","135,878,000","45,040,000","61,510,000","30,800,000","25,722,000","26,140,000","1,410,000","10,341,000","-3,100,000","14,046,000","-4,372,000","23,330,000","31,116,000","45,486,000","-5,272,000","23,211,000","15,635,000","26,349,000","13,282,000","25,300,000","28,900,000","29,300,000","25,300,000","26,200,000","31,600,000","19,000,000","11,300,000","15,400,000","25,100,000","12,600,000","9,700,000","16,300,000","3,500,000","5,400,000","3,600,000","8,900,000","9,000,000","11,900,000","-4,700,000","8,800,000","16,400,000","15,200,000","12,000,000","16,200,000","11,500,000","11,500,000","19,000,000","14,100,000","-8,500,000","-1,600,000","-5,100,000","-500,000","7,900,000","5,400,000","11,600,000","6,200,000","4,900,000","14,500,000","10,300,000","162,700,000","-438,300,000","176,200,000","158,000,000","149,900,000","-352,000,000","132,500,000","119,900,000","98,500,000","-295,900,000","105,100,000","105,800,000","106,000,000","-244,600,000","93,800,000","93,800,000","93,800,000","-207,400,000"
NetNonOperatingInterestIncomeExpense,"-146,790,000","-35,022,000","-33,370,000","-28,589,000","-49,809,000","-27,968,000","-27,849,000","-28,801,000","-31,165,000","-30,998,000","-30,650,000","-27,330,000","-30,150,000","-30,222,000","-33,765,000","-31,093,000","-35,433,000","-48,710,000","-36,738,000","-22,508,000","-14,891,000","-12,084,000","-10,158,000","-11,834,000","-10,865,000","-11,340,000","-10,091,000","-10,182,000","-10,237,000","-3,365,000","-34,838,000","-10,201,000","-13,570,000","-18,662,000","-18,176,000","-19,842,000","-22,258,000","-24,605,000","-25,985,000","-25,004,000","-24,569,000","-27,971,000","-28,515,000","-27,607,000","-27,148,000","-26,797,000","-22,541,000","-25,846,000","-25,488,000","-27,873,000","-44,193,000","-36,531,000","-38,355,000","-43,620,000","-39,038,000",,,,,,,,,,,,,,,,,,,,,,,,,,,,,,,,,,,,,,,,,,,,,,,,,,,,,,,,,,,,,,,,,,,,,,,,,,,,,,,,,,,,,,,,,,,,,
	InterestIncomeNonOperating,"4,964,000","1,274,000","1,604,000","1,244,000","842,000","2,366,000","2,694,000","1,763,000","1,158,000","1,690,000","2,796,000","4,698,000","3,444,000","3,340,000","3,146,000","4,241,000","4,834,000","1,590,000","4,130,000","2,128,000","1,044,000","302,000","223,000","125,000","683,000","693,000","587,000","319,000","1,277,000","1,490,000","1,852,000","1,171,000","992,000","811,000","631,000","571,000","707,000","216,000","511,000","256,000","356,000","274,000","154,000","323,000","278,000","710,000","1,985,000","646,000","627,000","547,000","480,000","543,000","488,000","2,824,000","531,000",,,,,,,,,,,,,,,,,,,,,,,,,,,,,,,,,,,,,,,,,,,,,,,,,,,,,,,,,,,,,,,,,,,,,,,,,,,,,,,,,,,,,,,,,,,,,
	InterestExpenseNonOperating,"151,754,000","36,296,000","34,974,000","29,833,000","50,651,000","30,334,000","30,543,000","30,564,000","32,323,000","32,688,000","33,446,000","32,028,000","33,594,000","33,562,000","36,911,000","35,334,000","40,267,000","50,300,000","40,868,000","24,636,000","15,935,000","12,386,000","10,381,000","11,959,000","11,548,000","12,033,000","10,678,000","10,501,000","11,514,000","4,855,000","36,690,000","11,372,000","14,562,000","19,473,000","18,807,000","20,413,000","22,965,000","24,821,000","26,496,000","25,260,000","24,925,000","28,245,000","28,669,000","27,930,000","27,426,000","27,507,000","24,526,000","26,492,000","26,115,000","28,420,000","44,673,000","37,074,000","38,843,000","46,444,000","39,569,000",,,,,,,,,,,,,,,,,,,,,,,,,,,,,,,,,,,,,,,,,,,,,,,,,,,,,,,,,,,,,,,,,,,,,,,,,,,,,,,,,,,,,,,,,,,,,
	TotalOtherFinanceCost,,,,,,,,,,,,,,,,,,,,,,,,,,,,,,,,,,,,,,,,,,,,,,,,,,"27,873,000",,,,,,,,,,,,,,,,,,,,,,,,,,,,,,,,,,,,,,,,,,,,,,,,,,,,,,,,,,,,,,,,,,,,,,,,,,,,,,,,,,,,,,,,,,,,,,,,,,
OtherIncomeExpense,"-1,382,000","-11,212,000","14,173,000","-968,000","-3,375,000","5,330,000","-2,589,000","-9,452,000","-5,480,000","52,573,000","55,768,000","-4,374,000","-3,730,000","-2,252,000","-21,625,000","5,801,000","-5,948,000","2,549,000","220,000","-2,176,000","-1,569,000","2,096,000","-3,942,000","-2,680,000","5,694,000","3,181,000","-1,587,000","-11,494,000","-2,221,000","-8,561,000","-21,130,000","-5,939,000","2,374,000","-1,044,000","2,960,000","-6,332,000","-9,476,000","7,145,000","-1,968,000","4,641,000","-8,286,000","3,413,000","-13,058,000","-21,669,000","1,392,000","3,806,000","-9,756,000","2,682,000","-10,200,000","-12,775,000","-30,483,000","-87,559,000","332,000","2,687,000","-971,000","-498,844,000","-2,861,000","-16,530,000","2,863,000","-12,887,000","2,869,000","-10,807,000","1,011,000","1,221,000","231,000","892,000","-1,110,000","-436,000","6,000","10,956,000","1,118,000","20,715,000","-8,273,000","-1,373,000","251,000","10,827,000","18,760,000","37,992,000","16,503,000","2,091,000","1,509,000","-513,000","922,000","436,000","-1,149,000","239,000","1,000","357,000","-1,063,000","595,000","200,000","-1,700,000","400,000","500,000",,,"100,000","-100,000",,"-400,000",,"300,000","2,100,000",,"700,000","400,000","200,000","200,000","900,000","-4,400,000","-2,100,000","200,000","-300,000","800,000","800,000","1,900,000","-100,000","300,000","500,000","3,200,000","1,200,000","-200,000","400,000","200,000","200,000","400,000","300,000","1,600,000","1,000,000","300,000",,,,,,,,,,,,,,,,,,
	GainOnSaleOfSecurity,"360,000","-11,536,000","18,400,000","-2,359,000","-4,145,000","-2,514,000","-4,528,000","-9,092,000","-5,525,000","18,385,000","1,006,000","-3,027,000","-2,260,000","-2,636,000","-19,962,000","6,711,000","-5,630,000","1,721,000","159,000","888,000","1,810,000","-619,000","-4,734,000","-4,142,000","4,744,000","235,000","-2,134,000","-12,773,000","-2,059,000","-8,974,000","-23,047,000","-6,414,000","1,819,000","-337,000","356,000","-2,682,000","-9,713,000","7,624,000","-607,000","7,701,000","-8,212,000","5,928,000","-1,366,000","-13,925,000",,,,,,,,,,,,,,,,,,,,,,,,,,,,,,,,,,,,,,,,,,,,,,,,,,,,,,,,,,,,,,,,,,,,,,,,,,,,,,,,,,,,,,,,,,,,,,,,,,,,,,,,
	SpecialIncomeCharges,,,"-5,802,000",,,,"-3,869,000","0","0","0","56,874,000","20,000","43,000","27,000","-2,584,000","-257,000","-1,135,000","-789,000","-1,279,000","-4,147,000","-4,349,000",,"-790,000","-279,000","0",,"0","-792,000","-4,813,000","0","0","-135,000","-438,000","-1,713,000","-1,039,000","-3,658,000","-480,000","-484,000","-2,800,000","-3,060,000","-74,000","-2,515,000","-11,692,000","-7,744,000","1,392,000","3,806,000","-9,756,000","2,682,000","-10,200,000","-12,775,000","-30,483,000","-87,559,000","332,000","2,687,000","-971,000","-498,844,000","-2,861,000","-16,530,000","2,863,000","-12,887,000","2,869,000","-10,807,000","1,011,000","1,221,000","231,000","892,000","-1,110,000","-436,000","6,000","10,956,000","1,118,000","20,715,000","-8,273,000","-1,373,000","251,000","10,827,000","18,760,000","37,992,000","16,503,000","2,091,000","1,509,000","-513,000","922,000","436,000","-1,149,000","239,000","1,000","357,000","-1,063,000","595,000","200,000","-1,700,000","400,000","500,000",,,"100,000","-100,000",,"-400,000",,"300,000","2,100,000",,"700,000","400,000","200,000","200,000","900,000","-4,400,000","-2,100,000","200,000","-300,000","800,000","800,000","1,900,000","-100,000","300,000","500,000","3,200,000","1,200,000","-200,000","400,000","200,000","200,000","400,000","300,000","1,600,000","1,000,000","300,000",,,,,,,,,,,,,,,,,,
		RestructuringAndMergernAcquisition,,,"5,802,000",,,,"3,869,000","0","0","0","-56,874,000","-20,000","-43,000","-27,000","2,584,000","257,000","1,135,000","789,000","1,279,000","4,147,000","4,349,000",,"790,000","279,000","0",,"0","792,000","4,813,000","0","0","135,000","438,000","1,713,000","1,039,000","3,658,000","480,000","484,000","2,528,000","2,647,000","389,000","2,885,000","14,589,000","11,472,000","0","0","14,327,000","-1,006,000","14,704,000","15,100,000","31,367,000","87,275,000","0","-435,000","2,422,000","7,036,000","3,451,000","5,669,000",,,,,,,,,,,,,,"0","7,923,000",,,,,,,,,,,,,,,,,,,,,,,,,,,,,,,,,,,,,,,,,,,,,,,,,,,,,,,,,,,,,,,,,,,,,,,,,,,
		ImpairmentOfCapitalAssets,,,,,,,,,,,"-56,880,000",,,,,,,,,,,,,,,,,,,,,,,,,,,,,,,,,,,,,,,"0",,,,,,,,,,,,,,,,,,,,,,,,,,,,,,,,,,,,,,,,,,,,,,,,,,,,,,,,,,,,,,,,,,,,,,,,,,,,,,,,,,,,,,,,,,,,,,,,,,
		OtherSpecialCharges,,,,,,,,,,,,,,,,,,,,,,,,,,,,,,,,,,,,,,,,"413,000","-315,000","-370,000","-2,897,000","-3,728,000","-1,392,000","-3,806,000","-4,571,000","-1,676,000","-4,504,000","-2,325,000","-884,000","284,000","-332,000","-2,252,000","-1,451,000","491,808,000","-590,000","10,861,000",,,,,,,,,,,,,,"-20,715,000","350,000",,,,,,,,,,,,,,,,,,,,,,,,,,,,,,,,,,,,,,,,,,,,,,,,,,,,,,,,,,,,,,,,,,,,,,,,,,,
	OtherNonOperatingIncomeExpenses,"4,060,000","324,000","1,575,000","1,391,000","770,000","7,844,000","5,808,000","-360,000","45,000","34,188,000","-2,112,000","-1,367,000","-1,513,000","357,000","921,000","-653,000","817,000","1,617,000","1,340,000","1,083,000","970,000","2,715,000","1,582,000","1,741,000","950,000","2,946,000","547,000","2,071,000","4,651,000","413,000","1,917,000","610,000","993,000","1,006,000","3,643,000","8,000","717,000","5,000","1,167,000",,,,,,,,,,,,,,,,,,,,,,,,,,,,,,,,,,,,,,,,,,,,,,,,,,,,,,,,,,,,,,,,,,,,,,,,,,,,,,,,,,,,,,,,,,,,,,,,,,,,,,,,,,,,,
PretaxIncome,"312,343,000","355,779,000","41,659,000","91,220,000","-176,315,000","135,826,000","9,185,000","56,035,000","-9,356,000","105,961,000","110,916,000","156,461,000","245,627,000","104,541,000","-29,171,000","60,311,000","144,866,000","156,221,000","119,778,000","351,709,000","347,291,000","142,364,000","110,993,000","149,587,000","231,440,000","180,615,000","96,095,000","210,248,000","370,728,000","315,687,000","273,024,000","389,496,000","289,672,000","150,199,000","143,681,000","166,602,000","206,675,000","56,982,000","2,026,000","43,990,000","66,795,000","40,251,000","-70,037,000","-162,860,000","-124,462,000","-129,767,000","23,037,000","89,034,000","33,085,000","-78,668,000","-68,446,000","57,958,000","53,794,000","-56,443,000","-229,078,000","-908,605,000","-76,795,000","-175,799,000","-24,555,000","67,300,000","98,923,000","-60,117,000","-14,500,000","12,118,000","-37,974,000","-47,101,000","36,640,000","109,345,000","123,677,000","90,593,000","79,909,000","121,307,000","22,077,000","46,545,000","18,607,000","16,926,000","25,181,000","18,146,000","2,981,000","-8,146,000","6,524,000","-12,147,000","15,679,000","22,016,000","34,323,000","-12,118,000","19,072,000","11,782,000","20,319,000","9,178,000","21,500,000","22,700,000","25,300,000","21,600,000","21,400,000","26,100,000","13,900,000","6,300,000","10,300,000","19,200,000","7,100,000","4,700,000","12,900,000","-2,000,000","600,000","-1,100,000","2,600,000","4,500,000","8,400,000","-13,100,000","2,400,000","12,500,000","10,200,000",,"12,000,000","8,300,000","5,200,000","11,100,000","8,100,000","-11,400,000","-6,200,000","-10,500,000","-5,600,000",,"600,000","7,100,000","1,700,000","2,200,000","10,600,000","7,300,000",,,,,,,,,,,,,,,,,,
TaxProvision,"100,983,000","75,219,000","5,191,000","30,385,000","-9,812,000","35,358,000","8,855,000","22,344,000","-2,956,000","38,512,000","18,681,000","46,365,000","75,547,000","20,416,000","-20,944,000","30,848,000","38,522,000","36,997,000","-14,147,000","113,396,000","113,218,000","47,901,000","40,844,000","51,060,000","78,398,000","62,604,000","33,045,000","73,153,000","129,104,000","111,494,000","106,021,000","133,693,000","99,227,000","52,012,000","11,000","5,578,000","15,884,000","2,754,000","-20,324,000","1,049,000","-2,358,000","653,000","15,026,000","-60,000","3,470,000","-9,872,000","-19,543,000","30,512,000","-1,503,000","-33,304,000","-102,371,000","-24,766,000","555,000","2,347,000","278,000","-109,444,000","-28,451,000","-64,295,000","7,774,000","34,112,000","36,282,000","-20,040,000","-5,764,000","19,601,000","-17,501,000","-15,147,000","10,962,000","34,616,000","38,324,000","34,204,000","31,400,000","46,017,000","12,263,000","13,594,000","8,321,000","-8,147,000","7,740,000","7,381,000","225,000","-4,972,000","3,258,000","-13,399,000","2,688,000","8,188,000","9,056,000","-2,316,000","6,335,000","463,000","3,175,000","155,000","6,600,000","6,200,000","7,000,000","7,000,000","5,500,000","5,800,000","2,100,000","-500,000","-800,000","500,000","-200,000","-300,000","2,800,000","2,200,000","-400,000","-500,000","3,300,000","2,900,000","2,300,000","3,200,000","1,800,000","4,900,000","3,000,000",,"3,600,000","4,300,000","1,600,000","3,300,000","1,300,000","1,200,000","-2,000,000","-1,800,000","-1,400,000",,"-2,400,000","1,900,000","600,000","-1,400,000","3,600,000","2,500,000",,,,,,,,,,,,,,,,,,
NetIncomeCommonStockholders,"211,230,000","280,438,000","36,754,000","60,725,000","-166,687,000","100,208,000","79,000","33,446,000","-6,036,000","67,268,000","92,080,000","109,765,000","170,068,000","84,011,000","-7,324,000","29,310,000","106,541,000","119,418,000","134,337,000","232,680,000","233,641,000","93,921,000","70,618,000","98,657,000","152,886,000","118,371,000","63,148,000","137,062,000","241,489,000","204,215,000","167,187,000","255,984,000","190,360,000","98,117,000","143,351,000","160,917,000","190,705,000","54,582,000","22,772,000","42,931,000","69,358,000","39,173,000","-85,355,000","-162,516,000","-128,141,000","-120,760,000","41,844,000","57,926,000","32,918,000","-45,547,000","33,613,000","82,724,000","53,239,000","-58,765,000","-228,782,000","-802,926,000","-52,781,000","-111,448,000","-32,329,000","33,188,000","62,641,000","-40,077,000","-8,736,000","-7,483,000","-20,473,000","-31,954,000","25,678,000","74,729,000","85,353,000","56,389,000","48,509,000","75,290,000","9,814,000","32,951,000","10,286,000","25,073,000","17,441,000","10,765,000","2,756,000","-3,174,000","3,266,000","1,252,000","12,991,000","14,723,000","25,267,000","-9,802,000","12,737,000","11,319,000","17,144,000","9,023,000","14,900,000","16,500,000","18,300,000","14,600,000","15,900,000","20,300,000","11,800,000","6,800,000","11,100,000","18,700,000","7,300,000","5,000,000","10,100,000","-4,200,000","1,000,000","-3,400,000","-700,000","1,600,000","6,100,000","-16,300,000","600,000","7,600,000","7,200,000","7,900,000","8,400,000","3,900,000","2,400,000","7,800,000","6,800,000","-12,600,000","-4,200,000","-8,700,000","-4,200,000","3,000,000","3,000,000","5,200,000","1,100,000","3,600,000","7,000,000","4,800,000",,,,,,,,,,,,,,,,,,
	NetIncome,"211,230,000","280,438,000","36,754,000","60,725,000","-166,687,000","100,208,000","79,000","33,446,000","-6,036,000","67,268,000","92,080,000","109,765,000","170,068,000","84,011,000","-7,324,000","29,310,000","106,541,000","119,418,000","134,337,000","238,773,000","233,641,000","93,921,000","70,618,000","98,657,000","152,886,000","118,371,000","63,148,000","137,062,000","241,489,000","204,215,000","167,187,000","255,984,000","190,360,000","98,117,000","143,351,000","160,917,000","190,705,000","54,582,000","22,772,000","42,931,000","69,358,000","39,173,000","-85,355,000","-162,516,000","-128,141,000","-120,760,000","41,844,000","57,926,000","32,918,000","-45,547,000","33,613,000","82,724,000","53,239,000","-58,765,000","-228,782,000","-802,926,000","-52,781,000","-111,448,000","-32,329,000","33,188,000","62,641,000","-40,077,000","-8,736,000","-7,483,000","-20,473,000","-31,954,000","25,678,000","74,729,000","85,353,000","56,389,000","48,509,000","75,290,000","9,814,000","32,951,000","10,286,000","25,073,000","17,441,000","10,765,000","2,756,000","-3,174,000","3,266,000","1,252,000","12,991,000","14,723,000","25,267,000","-9,802,000","12,737,000","11,319,000","17,144,000","9,023,000","14,900,000","16,500,000","18,300,000","14,600,000","15,900,000","20,300,000","11,800,000","6,800,000","11,100,000","18,700,000","7,300,000","5,000,000","10,100,000","-4,200,000","1,000,000","-3,400,000","-700,000","1,600,000","6,100,000","-16,300,000","600,000","7,600,000","7,200,000","7,900,000","8,400,000","3,900,000","2,400,000","7,800,000","6,800,000","-12,600,000","-4,200,000","-8,700,000","-4,200,000","3,000,000","3,000,000","5,200,000","1,100,000","3,600,000","7,000,000","4,800,000",,,,,,,,,,,,,,,,,,
		NetIncomeIncludingNoncontrollingInterests,"211,360,000","280,560,000","36,468,000","60,835,000","-166,503,000","100,468,000","330,000","33,691,000","-6,400,000","67,449,000","92,235,000","110,096,000","170,080,000","84,125,000","-8,227,000","29,463,000","106,344,000","119,224,000","133,925,000","238,313,000","234,073,000","94,463,000","70,149,000","98,527,000","153,042,000","118,011,000","63,050,000","137,095,000","241,624,000","204,193,000","167,003,000","255,803,000","190,445,000","98,187,000","143,670,000","161,024,000","190,791,000","54,228,000","22,350,000","42,941,000","69,153,000","39,598,000","-85,063,000","-162,800,000","-127,932,000","-119,895,000","42,580,000","58,522,000","34,588,000","-45,364,000","33,925,000","82,724,000","53,239,000","-58,765,000","-228,782,000","-802,926,000","-52,781,000","-111,448,000","-32,329,000","33,188,000","62,641,000","-40,077,000","-8,736,000","-7,483,000","-20,473,000","-31,954,000","25,678,000","74,729,000","85,353,000","56,389,000","48,509,000","75,290,000","9,814,000","32,951,000","10,286,000","25,073,000","17,441,000","10,765,000","2,756,000","-3,174,000","3,266,000","1,252,000","12,991,000","14,723,000","25,267,000","-9,802,000","12,737,000","11,319,000","17,144,000","9,023,000","14,900,000","16,500,000","18,300,000","14,600,000","15,900,000","20,300,000","11,800,000","6,800,000","11,100,000","18,700,000","7,300,000","5,000,000","10,100,000","-4,200,000","1,000,000","-3,400,000","-700,000","1,600,000","6,100,000","-16,300,000","600,000","7,600,000","7,200,000","7,900,000","8,400,000","3,900,000","2,400,000","7,800,000","6,800,000","-12,600,000","-4,200,000","-8,700,000","-4,200,000","3,000,000","3,000,000","5,200,000","1,100,000","3,600,000","7,000,000","4,800,000","200,000","4,300,000","13,600,000","1,600,000","900,000","3,500,000","1,300,000","-7,300,000","-5,300,000","200,000","900,000","2,500,000","6,800,000","4,700,000","4,800,000","4,800,000","4,800,000","2,300,000"
			NetIncomeContinuousOperations,"211,360,000","280,560,000","36,468,000","60,835,000","-166,503,000","100,468,000","330,000","33,691,000","-6,400,000","67,449,000","92,235,000","110,096,000","170,080,000","84,125,000","-8,227,000","29,463,000","106,344,000","119,224,000","133,925,000","238,313,000","234,073,000","94,463,000","70,149,000","98,527,000","153,042,000","118,011,000","63,050,000","137,095,000","241,624,000","204,193,000","167,003,000","255,803,000","190,445,000","98,187,000","143,670,000","161,024,000","190,791,000","54,228,000","22,350,000","42,941,000","69,153,000","39,598,000","-85,063,000","-162,800,000","-127,932,000","-119,895,000","42,580,000","58,522,000","34,588,000","-45,364,000","33,925,000","82,724,000","53,239,000","-58,790,000","-229,356,000","-799,161,000","-48,344,000","-111,504,000","-32,329,000","33,188,000","62,641,000","-40,077,000","-8,736,000","-7,483,000","-20,473,000","-31,954,000","25,678,000","74,729,000","85,353,000","56,389,000","48,509,000","75,290,000","9,814,000","32,951,000","10,286,000","25,073,000","17,441,000","10,765,000","2,756,000","-3,174,000","3,266,000","1,252,000","12,991,000","13,829,000","25,267,000","-9,802,000","12,737,000","11,319,000","17,144,000","9,023,000","14,900,000","16,500,000","18,300,000","14,600,000","15,900,000","20,300,000","11,800,000","6,800,000","11,100,000","18,700,000","7,300,000","5,000,000","10,100,000","-4,200,000","1,000,000","-600,000","-700,000","1,600,000","6,100,000","-16,300,000","600,000","7,600,000","7,200,000","7,900,000","8,400,000","4,000,000","3,600,000","7,800,000","6,800,000","-12,600,000","-4,200,000","-8,700,000","-4,200,000","3,000,000","3,000,000","5,200,000","1,100,000","3,600,000","7,000,000","4,800,000","200,000","4,300,000","13,600,000","1,600,000","900,000","3,500,000","1,300,000","-7,300,000","-5,300,000","200,000","900,000","2,500,000","6,800,000","4,700,000","4,800,000","4,800,000","4,800,000","2,300,000"
			NetIncomeDiscontinuousOperations,,,,,,,,,,,,,,,,,,,,,,,,,,,,,,,,,,,,,,,,,,,,,,,"0","0","0","0","0","0","0","25,000","574,000","-3,765,000","-4,437,000","56,000",,,,,,,,,,,,,,,,,,,,,,,,,,,,,,,,,,,,,,,,,,,,,,,,,,,,,,,,,,,,,,,,,,,,,,,,,,,,,,,,,,,,,,,,,,
			NetIncomeFromTaxLossCarryforward,,,,,,,,,,,,,,,,,,,,,,,,,,,,,,,,,,,,,,,,,,,,,,,,,,,,,,,,,,,,,,,,,,,,,,,,,,,,,,,,,,,,,,,,,,,,,,,,,,,,,,,,"0",,"-2,800,000",,,,,,,,,,"-100,000","-1,200,000",,,,,,,,,,,,,,,,,,,,,,,,,,,,,,,
		MinorityInterests,"-130,000","-122,000","286,000","-110,000","-184,000","-260,000","-251,000","-245,000","364,000","-181,000","-155,000","-331,000","-12,000","-114,000","903,000","-153,000","197,000","194,000","412,000","460,000","-432,000","-542,000","469,000","130,000","-156,000","360,000","98,000","-33,000","-135,000","22,000","184,000","181,000","-85,000","-70,000","-319,000","-107,000","-86,000","354,000","422,000","-10,000","205,000","-425,000","-292,000","284,000","-209,000","-865,000","-736,000","-596,000","-1,670,000","-183,000","-312,000",,,,,,,,,,,,,,,,,,,,,,,,,,,,,,,,,,,,,,,,,,,,,,,,,,,,,,,,,,,,,,,,,,,,,,,,,,,,,,,,,,,,,,,,,,,,,,,,,
	OtherunderPreferredStockDividend,,,,,,,,,,,,,,,"0","0",,"0","0","6,093,000",,,,,,,,,,,,,,,,,,,,,,,,,,,,,,,,,,,,,,,,,,,,,,,,,,,,,,,,,,,,,,,,,,,,,,,,,,,,,,,,,,,,,,,,,,,,,,,,,,,,,,,,,,,,,,,,,,,,,,,,,,,,,,,,
DilutedNIAvailtoComStockholders,"211,230,000","280,438,000","36,754,000","60,725,000","-166,687,000","100,208,000","79,000","33,446,000","-6,036,000","67,268,000","92,080,000","109,765,000","170,068,000","84,011,000","-7,324,000","29,310,000","106,541,000","119,418,000","134,337,000","232,680,000","233,641,000","93,921,000","70,618,000","98,657,000","152,886,000","118,371,000","63,148,000","137,062,000","241,489,000","204,215,000","167,187,000","255,984,000","190,360,000","98,117,000","143,351,000","160,917,000","190,705,000","54,582,000","22,772,000","42,931,000","69,358,000","39,173,000","-85,355,000","-162,516,000","-128,141,000","-120,760,000","41,844,000","57,926,000","32,918,000","-45,547,000","33,613,000","82,724,000","53,239,000","-58,765,000","-228,782,000","-802,926,000","-52,781,000","-111,448,000","-32,329,000","33,188,000","62,641,000","-40,077,000","-8,736,000","-7,483,000","-20,473,000","-31,954,000","25,678,000","74,729,000","85,353,000","56,389,000","48,509,000","75,290,000","9,814,000","32,951,000","10,286,000","25,073,000","17,441,000","10,765,000","2,756,000","-3,174,000","3,266,000","1,252,000","12,991,000","14,723,000","25,267,000","-9,802,000","12,737,000","11,319,000","17,144,000","9,023,000","14,900,000","16,500,000","18,300,000","14,600,000","15,900,000","20,300,000","11,800,000","6,800,000","11,100,000","18,700,000","7,300,000","5,000,000","10,100,000","-4,200,000","1,000,000","-3,400,000","-700,000","1,600,000","6,100,000","-16,300,000","600,000","7,600,000","7,200,000","7,900,000","8,400,000","3,900,000","2,400,000","7,800,000","6,800,000","-12,600,000","-4,200,000","-8,700,000","-4,200,000","3,000,000","3,000,000","5,200,000","1,100,000","3,600,000","7,000,000","4,800,000",,,,,,,,,,,,,,,,,,
BasicEPS,,"1.15","0.15","0.25","-0.68","0.41",,"0.14","-0.02","0.27","0.37","0.44","0.68","0.34","-0.03","0.12","0.43","0.48","0.54","0.94","0.94","0.38","0.28","0.39","0.6","0.46","0.25","0.53","0.93","0.79",,"0.99","0.73","0.38","0.55","0.62","0.74","0.21","0.09","0.17","0.27","0.18",,"-0.76","-0.6","-0.56",,"0.27","0.15","-0.21","0.45",,"0.72","-0.79","-3.09",,"-0.75","-1.67","-0.49",,"0.94","-0.6","-0.13",,"-0.31","-0.48","0.39",,"1.28","0.85","0.73",,"0.15","0.5","0.2",,"0.42","0.26","0.07",,"0.08","0.03","0.32",,"0.62","-0.24","0.31",,"0.41","0.22","0.36",,"0.44","0.53","0.58",,"0.43","0.25","0.4",,"0.26","0.18","0.37",,"0.04","-0.12","-0.03",,"0.22","-0.59","0.02",,"0.26","0.29","0.31",,"0.09","0.28","0.25",,"-0.19","-0.39","-0.19",,"0.13","0.23","0.05",,"0.31","0.21","0.01",,"0.6","0.07","0.04",,"0.06","-0.32","-0.23",,"0.04","0.11","0.31",,"0.22","0.22","0.22",
DilutedEPS,,"1.15","0.15","0.25","-0.68","0.41",,"0.14","-0.02","0.27","0.37","0.44","0.68","0.34","-0.03","0.12","0.43","0.48","0.54","0.93","0.94","0.38","0.28","0.39","0.6","0.46","0.25","0.53","0.93","0.79",,"0.99","0.73","0.38","0.55","0.62","0.74","0.21","0.09","0.17","0.27","0.18",,"-0.76","-0.6","-0.56",,"0.27","0.15","-0.21","0.44",,"0.72","-0.79","-3.09",,"-0.75","-1.67","-0.49",,"0.94","-0.6","-0.13",,"-0.31","-0.48","0.39",,"1.28","0.85","0.73",,"0.15","0.5","0.2",,"0.42","0.26","0.07",,"0.08","0.03","0.32",,"0.62","-0.24","0.31",,"0.41","0.22","0.36",,"0.44","0.53","0.58",,"0.43","0.25","0.4",,"0.26","0.18","0.37",,"0.04","-0.12","-0.03",,"0.22","-0.59","0.02",,"0.26","0.29","0.31",,"0.09","0.28","0.25",,"-0.19","-0.39","-0.19",,"0.13","0.23","0.05",,"0.31","0.21","0.01",,"0.6","0.07","0.04",,"0.06","-0.32","-0.23",,"0.04","0.11","0.31",,"0.22","0.22","0.22",
BasicAverageShares,,"243,670,000","243,676,000","243,675,000","243,675,000","243,580,000",,"244,186,000","246,687,000","249,347,000","249,571,000","249,467,000","249,400,000","249,167,000","248,980,000","248,981,000","248,981,000","248,838,000","248,753,000","248,753,000","248,753,000","248,692,000","250,853,000","254,460,000","254,554,000","254,807,000","255,216,000","259,280,000","259,685,000","259,653,000",,"258,999,000","258,977,000","258,923,000","258,826,000","258,826,000","258,826,000","258,823,000","258,726,000","258,726,000","258,726,000","223,562,000",,"214,282,000","214,282,000","214,282,000",,"214,282,000","214,282,000","216,890,476","74,374,000",,"74,055,733","74,055,733","74,055,733",,"70,182,107","66,555,733","66,555,733",,"66,555,733","66,555,733","66,555,733",,"66,555,733","66,555,733","66,555,733",,"66,555,733","66,555,733","66,555,733",,"66,555,733","66,555,733","51,757,222",,"41,112,679","41,112,679","41,112,679",,"41,112,679","41,112,679","41,112,679",,"41,112,679","41,112,679","41,112,679",,"41,274,680","41,384,000","41,383,779",,"41,590,909","27,547,170","41,383,875",,"27,441,860","27,200,000","41,383,875",,"28,076,923","27,777,778","41,383,875",,"25,000,000","28,333,333","41,383,875",,"27,727,273","27,627,119","30,000,000",,"27,692,308","27,241,379","27,096,774",,"26,666,667","27,857,143","27,200,000",,"22,105,263","22,307,692","22,105,263",,"23,076,923","22,608,696","22,000,000",,"22,580,645","22,857,143","22,589,000",,"22,589,000","22,589,000","22,589,000",,"22,589,000","22,589,000","22,589,000",,"22,589,000","22,589,000","22,167,000",,"21,875,000","21,875,000","21,875,000",
DilutedAverageShares,,"244,300,000","244,341,000","244,195,000","243,675,000","243,858,000",,"244,376,000","247,018,000","249,622,000","249,849,000","249,729,000","249,636,000","249,557,000","249,366,000","249,179,000","249,057,000","248,989,000","248,994,000","248,988,000","248,973,000","248,926,000","251,395,000","254,920,000","254,944,000","255,147,000","255,478,000","259,503,000","259,897,000","259,929,000",,"259,522,000","259,574,000","259,446,000","259,466,000","259,386,000","259,158,000","258,953,000","258,887,000","258,837,000","258,841,000","223,631,000",,"214,282,000","214,282,000","214,282,000",,"214,282,000","214,282,000","216,890,476","77,141,000",,"74,055,733","74,055,733","74,055,733",,"70,182,107","66,555,733","66,555,733",,"66,555,733","66,555,733","66,555,733",,"66,555,733","66,555,733","66,555,733",,"66,555,733","66,555,733","66,555,733",,"66,555,733","66,555,733","51,757,222",,"41,112,679","41,112,679","41,112,679",,"41,112,679","41,112,679","41,112,679",,"41,112,679","41,112,679","41,112,679",,"41,384,000","41,384,000","41,383,779",,"41,590,909","27,547,170","41,383,875",,"27,441,860","27,200,000","41,383,875",,"28,076,923","27,777,778","41,383,875",,"25,000,000","28,333,333","41,383,875",,"27,727,273","27,627,119","30,000,000",,"27,692,308","27,241,379","27,096,774",,"26,666,667","27,857,143","27,200,000",,"22,105,263","22,307,692","22,105,263",,"23,076,923","22,608,696","22,000,000",,"22,580,645","22,857,143","22,589,000",,"22,589,000","22,589,000","22,589,000",,"22,589,000","22,589,000","22,589,000",,"22,589,000","22,589,000","22,167,000",,"21,875,000","21,875,000","21,875,000",
TotalOperatingIncomeAsReported,"454,713,000","402,013,000","55,054,000","120,777,000","-123,131,000","158,464,000","39,500,000","94,288,000","27,289,000","84,386,000","85,792,000","188,185,000","279,550,000","137,042,000","23,635,000","85,346,000","185,112,000","201,593,000","155,017,000","372,246,000","359,402,000","152,352,000","124,303,000","163,822,000","236,611,000","188,774,000","107,773,000","231,132,000","378,373,000","327,613,000","328,992,000","405,501,000","300,430,000","168,192,000","157,858,000","189,118,000","237,929,000","73,958,000","27,451,000","61,706,000","99,261,000","61,924,000","-43,053,000","-125,056,000","-98,706,000","-106,776,000","52,733,000","113,204,000","51,891,000","-32,401,000","7,589,000","116,665,000","108,596,000","20,280,000","-178,241,000","-872,206,000","-42,531,000","-143,629,000","2,409,000","110,364,000","136,777,000","-11,699,000","-2,906,000","21,477,000","-26,737,000","-37,936,000","46,198,000","119,849,000","135,993,000","88,955,000","91,015,000","135,878,000","37,117,000","61,510,000","30,800,000","25,722,000","26,140,000","1,410,000","10,341,000","-3,100,000","14,046,000","-4,372,000","23,330,000","31,116,000","45,486,000","-5,272,000","23,211,000","15,635,000","26,349,000","13,282,000","25,300,000","28,900,000","29,300,000","25,300,000","26,200,000","31,600,000","19,000,000","11,300,000","15,400,000","25,100,000","12,600,000","9,700,000","16,300,000","3,500,000","5,400,000","3,600,000","8,900,000","9,000,000","11,900,000","-4,700,000","8,800,000","16,400,000","15,200,000","12,000,000","16,200,000","11,500,000","11,500,000","19,000,000","14,100,000","-8,500,000","-1,600,000","-5,100,000","-500,000","7,900,000","5,400,000","11,600,000","6,200,000","4,900,000","14,500,000","10,300,000",,,,,,,,,,,,,,,,,,
TotalExpenses,"15,283,913,000","3,838,382,000","3,977,913,000","3,706,789,000","3,760,829,000","3,114,961,000","3,078,206,000","2,980,833,000","2,796,734,000","2,990,542,000","2,977,691,000","2,589,805,000","2,563,578,000","2,587,660,000","2,630,570,000","2,612,001,000","2,650,466,000","2,544,296,000","2,586,056,000","2,417,492,000","1,887,853,000","1,868,140,000","1,783,057,000","1,867,620,000","1,791,704,000","1,774,163,000","1,853,007,000","1,880,605,000","1,670,690,000","1,725,306,000","1,781,444,000","1,862,412,000","1,885,948,000","1,848,160,000","1,888,388,000","1,950,039,000","1,945,710,000","1,962,487,000","2,159,683,000","2,004,125,000","1,874,819,000","1,823,964,000","1,857,772,000","2,004,808,000","2,021,396,000","1,999,252,000","1,744,233,000","1,607,652,000","1,638,795,000","1,639,500,000","1,596,504,000","1,619,484,000","1,668,217,000","1,678,257,000","2,052,810,000","3,046,681,000","2,246,556,000","2,226,732,000","2,090,802,000","2,038,752,000","1,981,609,000","2,005,664,000","1,340,038,000","1,316,921,000","1,314,383,000","1,303,645,000","1,297,614,000","1,362,819,000","1,304,046,000","1,286,366,000","1,277,232,000","1,350,576,000","1,402,955,000","1,323,397,000","1,013,567,000","683,749,000","625,737,000","629,182,000","617,064,000","642,919,000","623,070,000","605,125,000","632,700,000","610,135,000","600,350,000","546,865,000","362,821,000","363,740,000","365,630,000","359,978,000","329,500,000","318,400,000","314,900,000","304,600,000","309,900,000","309,100,000","309,500,000","313,100,000","322,500,000","316,100,000","322,600,000","293,700,000","281,500,000","302,000,000","288,900,000","268,400,000","258,600,000","248,700,000","218,400,000","221,500,000","218,200,000","223,600,000","223,100,000","211,200,000","205,700,000","207,500,000","209,100,000","208,700,000","206,400,000","219,000,000","207,400,000","210,600,000","196,000,000","198,500,000","187,900,000","189,700,000","179,600,000","186,500,000","174,100,000","167,700,000",,,,,,,,,,,,,,,,,,
NetIncomeFromContinuingAndDiscontinuedOperation,"211,230,000","280,438,000","36,754,000","60,725,000","-166,687,000","100,208,000","79,000","33,446,000","-6,036,000","67,268,000","92,080,000","109,765,000","170,068,000","84,011,000","-7,324,000","29,310,000","106,541,000","119,418,000","134,337,000","238,773,000","233,641,000","93,921,000","70,618,000","98,657,000","152,886,000","118,371,000","63,148,000","137,062,000","241,489,000","204,215,000","167,187,000","255,984,000","190,360,000","98,117,000","143,351,000","160,917,000","190,705,000","54,582,000","22,772,000","42,931,000","69,358,000","39,173,000","-85,355,000","-162,516,000","-128,141,000","-120,760,000","41,844,000","57,926,000","32,918,000","-45,547,000","33,613,000","82,724,000","53,239,000","-58,765,000","-228,782,000","-802,926,000","-52,781,000","-111,448,000","-32,329,000","33,188,000","62,641,000","-40,077,000","-8,736,000","-7,483,000","-20,473,000","-31,954,000","25,678,000","74,729,000","85,353,000","56,389,000","48,509,000","75,290,000","9,814,000","32,951,000","10,286,000","25,073,000","17,441,000","10,765,000","2,756,000","-3,174,000","3,266,000","1,252,000","12,991,000","13,829,000","25,267,000","-9,802,000","12,737,000","11,319,000","17,144,000","9,023,000","14,900,000","16,500,000","18,300,000","14,600,000","15,900,000","20,300,000","11,800,000","6,800,000","11,100,000","18,700,000","7,300,000","5,000,000","10,100,000","-4,200,000","1,000,000","-600,000","-700,000","1,600,000","6,100,000","-16,300,000","600,000","7,600,000","7,200,000","7,900,000","8,400,000","4,000,000","3,600,000","7,800,000","6,800,000","-12,600,000","-4,200,000","-8,700,000","-4,200,000","3,000,000","3,000,000","5,200,000","1,100,000","3,600,000","7,000,000","4,800,000",,,,,,,,,,,,,,,,,,
NormalizedIncome,"214,912,557.701","289,539,904","25,725,798.075","62,298,453","-162,774,120","102,068,360","6,208,810","38,910,292","-2,256,900","55,556,755","43,948,424.754","111,881,928","171,602,164","86,111,245","9,134,580","24,598,580","111,506,510","118,706,884","135,009,000","240,982,602","235,352,286","94,332,016","74,109,238.871","101,570,439","149,750,216","118,217,545","64,548,163.38","145,906,380","245,969,544","210,021,178","181,284,361.921","260,286,693","189,452,683","99,457,700","144,033,947.711","167,044,730.519","200,114,617.336","47,784,720","24,986,550","38,400,670.812","74,743,900","35,815,369.78","-76,867,300","-140,854,983.176","-129,045,800","-124,276,459.269","48,185,400","56,163,122.852","39,548,000","-37,243,250","53,426,950","139,637,350","52,910,425.289","-60,536,550","-228,724,850","-360,404,147.59","-46,542,942.848","-101,019,519.884","-34,189,950","41,564,550","60,824,263.457","-32,872,513.099","-9,345,110.069","-8,215,600","-20,611,600","-32,559,145.708","26,455,908.843","75,026,972.875","85,348,859.23","49,569,511.916","47,830,314.72","62,433,096.853","14,777,800","33,922,999.635","10,135,400","18,576,800","4,447,347.643","-12,030,200","-12,501,386.112","-4,428,600","2,360,600","1,559,800","12,227,067.224","13,555,153.343","26,112,840.486","-9,995,322.165","12,736,332.162","10,976,029.112","18,040,898.076","8,438,048.486","14,761,395.349","17,735,682.819","18,010,671.937","14,262,037.037","15,900,000","20,300,000","11,715,107.914","6,860,000","11,100,000","19,089,583.333","7,300,000","4,820,000","8,455,813.953","-4,200,000","580,000","-840,000","-820,000","1,480,000","5,446,428.571","-13,660,000","1,860,000","7,478,400","7,411,764.706","7,420,000","7,840,000","2,860,000","3,669,230.769","7,589,189.189","6,380,246.914","-14,520,000","-5,012,903.226","-8,534,285.714","-4,500,000","2,880,000","2,880,000","4,907,042.254","905,882.353","2,640,000","6,339,622.642","4,602,739.726",,,,,,,,,,,,,,,,,,
InterestIncome,"4,964,000","1,274,000","1,604,000","1,244,000","842,000","2,366,000","2,694,000","1,763,000","1,158,000","1,690,000","2,796,000","4,698,000","3,444,000","3,340,000","3,146,000","4,241,000","4,834,000","1,590,000","4,130,000","2,128,000","1,044,000","302,000","223,000","125,000","683,000","693,000","587,000","319,000","1,277,000","1,490,000","1,852,000","1,171,000","992,000","811,000","631,000","571,000","707,000","216,000","511,000","256,000","356,000","274,000","154,000","323,000","278,000","710,000","1,985,000","646,000","627,000","547,000","480,000","543,000","488,000","2,824,000","531,000",,,,,,,,,,,,,,,,,,,,,,,,,,,,,,,,,,,,,,,,,,,,,,,,,,,,,,,,,,,,,,,,,,,,,,,,,,,,,,,,,,,,,,,,,,,,,
InterestExpense,"151,754,000","36,296,000","34,974,000","29,833,000","50,651,000","30,334,000","30,543,000","30,564,000","32,323,000","32,688,000","33,446,000","32,028,000","33,594,000","33,562,000","36,911,000","35,334,000","40,267,000","50,300,000","40,868,000","24,636,000","15,935,000","12,386,000","10,381,000","11,959,000","11,548,000","12,033,000","10,678,000","10,501,000","11,514,000","4,855,000","36,690,000","11,372,000","14,562,000","19,473,000","18,807,000","20,413,000","22,965,000","24,821,000","26,496,000","25,260,000","24,925,000","28,245,000","28,669,000","27,930,000","27,426,000","27,507,000","24,526,000","26,492,000","26,115,000","28,420,000","44,673,000","37,074,000","38,843,000","46,444,000","39,569,000",,,,,,,,,,,,,,,,,,,,,,,,,,,,,,,,,,,,,,,,,,,,,,,,,,,,,,,,,,,,,,,,,,,,,,,,,,,,,,,,,,,,,,,,,,,,,
NetInterestIncome,"-146,790,000","-35,022,000","-33,370,000","-28,589,000","-49,809,000","-27,968,000","-27,849,000","-28,801,000","-31,165,000","-30,998,000","-30,650,000","-27,330,000","-30,150,000","-30,222,000","-33,765,000","-31,093,000","-35,433,000","-48,710,000","-36,738,000","-22,508,000","-14,891,000","-12,084,000","-10,158,000","-11,834,000","-10,865,000","-11,340,000","-10,091,000","-10,182,000","-10,237,000","-3,365,000","-34,838,000","-10,201,000","-13,570,000","-18,662,000","-18,176,000","-19,842,000","-22,258,000","-24,605,000","-25,985,000","-25,004,000","-24,569,000","-27,971,000","-28,515,000","-27,607,000","-27,148,000","-26,797,000","-22,541,000","-25,846,000","-25,488,000","-27,873,000","-44,193,000","-36,531,000","-38,355,000","-43,620,000","-39,038,000",,,,,,,,,,,,,,,,,,,,,,,,,,,,,,,,,,,,,,,,,,,,,,,,,,,,,,,,,,,,,,,,,,,,,,,,,,,,,,,,,,,,,,,,,,,,,
EBIT,"464,097,000","392,075,000","76,633,000","121,053,000","-125,664,000","166,160,000","39,728,000","86,599,000","22,967,000","138,649,000","144,362,000","188,489,000","279,221,000","138,103,000","7,740,000","95,645,000","185,133,000","206,521,000","160,646,000","376,345,000","363,226,000","154,750,000","121,374,000","161,546,000","242,988,000","192,648,000","106,773,000","220,749,000","382,242,000","320,542,000","309,714,000","400,868,000","304,234,000","169,672,000","162,488,000","187,015,000","229,640,000","81,803,000","28,522,000","69,250,000","91,720,000","68,496,000","-41,368,000","-134,930,000","-97,036,000","-102,260,000","47,563,000","115,526,000","59,200,000","-50,248,000","-23,773,000","95,032,000","92,637,000","-9,999,000","-189,509,000","-877,192,000","-39,080,000","-125,938,000","2,409,000","110,364,000","136,777,000","-11,699,000","-2,906,000","21,477,000","-26,737,000","-37,936,000","46,198,000","119,849,000","135,993,000","88,955,000","91,015,000","135,878,000","45,040,000","61,510,000","30,800,000","25,722,000","26,140,000","1,410,000","10,341,000","-3,100,000","14,046,000","-4,372,000","23,330,000","31,116,000","45,486,000","-5,272,000","23,211,000","15,635,000","26,349,000","13,282,000","25,300,000","28,900,000","29,300,000","25,300,000","26,200,000","31,600,000","19,000,000","11,300,000","15,400,000","25,100,000","12,600,000","9,700,000","16,300,000","3,500,000","5,400,000","3,600,000","8,900,000","9,000,000","11,900,000","-4,700,000","8,800,000","16,400,000","15,200,000","12,000,000","16,200,000","11,500,000","11,500,000","19,000,000","14,100,000","-8,500,000","-1,600,000","-5,100,000","-500,000","7,900,000","5,400,000","11,600,000","6,200,000","4,900,000","14,500,000","10,300,000","162,700,000","-438,300,000","176,200,000","158,000,000","149,900,000","-352,000,000","132,500,000","119,900,000","98,500,000","-295,900,000","105,100,000","105,800,000","106,000,000","-244,600,000","93,800,000","93,800,000","93,800,000","-207,400,000"
EBITDA,"860,531,000"
ReconciledCostOfRevenue,"14,097,864,000","3,698,415,000","3,686,269,000","3,455,723,000","3,257,457,000","3,012,182,000","2,890,433,000","2,761,279,000","2,704,164,000","2,897,829,000","2,862,094,000","2,495,773,000","2,475,221,000","2,505,736,000","2,544,941,000","2,527,863,000","2,562,491,000","2,459,013,000","2,480,548,000","2,315,301,000","1,826,217,000","1,805,287,000","1,727,700,000","1,821,504,000","1,742,184,000","1,725,375,000","1,800,087,000","1,827,985,000","1,621,856,000","1,675,799,000","1,731,287,000","1,817,783,000","1,837,341,000","1,802,959,000","1,839,361,000","1,906,242,000","1,901,611,000","1,918,495,000","2,114,119,000","1,962,343,000","1,830,380,000","1,778,708,000","1,809,120,000","1,953,611,000","1,968,918,000","1,945,586,000","1,692,104,000","1,562,556,000","1,575,077,000","1,590,899,000","1,520,150,000","1,563,975,000","1,593,399,000","1,600,378,000","1,960,373,000","2,467,919,000","2,154,265,000","2,124,173,000","1,985,455,000","1,942,285,000","1,883,148,000","1,910,023,000","1,271,606,000","1,239,095,000","1,244,950,000","1,228,508,000","1,225,412,000","1,281,863,000","1,209,540,000","1,216,837,000","1,212,836,000","1,327,687,000","1,324,746,000","1,257,816,000","967,264,000","660,084,000","600,932,000","604,919,000","599,406,000","608,149,000","590,116,000","572,122,000","598,165,000","618,736,000","551,603,000","500,225,000","330,198,000","330,438,000","336,030,000","330,367,000","300,700,000","292,600,000","285,800,000","275,200,000","283,500,000","285,400,000","287,400,000","289,600,000","300,400,000","299,400,000","300,400,000","273,200,000","267,500,000","283,300,000","269,600,000","248,500,000","239,400,000","228,800,000","199,900,000","202,900,000","199,900,000","210,900,000","201,600,000","190,400,000","184,500,000","188,800,000","189,100,000","188,300,000","185,400,000","197,800,000","189,600,000","194,600,000","178,900,000","182,300,000","172,500,000","173,000,000","163,500,000","169,200,000","159,800,000","152,800,000",,,,,,,,,,,,,,,,,,
ReconciledDepreciation,"396,434,000","102,142,000","106,488,000","92,076,000","95,728,000","86,532,000","88,463,000","84,265,000","84,603,000","79,773,000","76,849,000","71,851,000","71,348,000","67,182,000","68,207,000","71,971,000","70,278,000","69,201,000","73,167,000","96,954,000","57,281,000","50,390,000","46,060,000","45,772,000","46,292,000","42,391,000","42,490,000","41,415,000","38,918,000","36,152,000","43,084,000","36,219,000","38,261,000","38,260,000","36,670,000","37,914,000","38,149,000","37,790,000","39,003,000","36,431,000","36,214,000","35,766,000","52,355,000","53,631,000","52,223,000","50,852,000","55,648,000","57,924,000","59,705,000","57,768,000","56,705,000","58,173,000","57,161,000","60,513,000","60,158,000","63,503,000","60,506,000","60,373,000","55,923,000","59,225,000","58,005,000","54,976,000","32,697,000","35,081,000","34,960,000","34,744,000","30,348,000","40,681,000","30,421,000","33,777,000","30,065,000","25,668,000","29,122,000","33,087,000","25,911,000","19,934,000","18,941,000","17,802,000","17,510,000","18,114,000","17,814,000","17,646,000","17,399,000","15,962,000","18,608,000","12,152,000","8,668,000","9,279,000","9,284,000","8,864,000","8,600,000","8,500,000","8,900,000","8,400,000","8,700,000","8,100,000","8,400,000","8,000,000","8,100,000","8,100,000","7,500,000","7,100,000",,"6,000,000","7,400,000","7,500,000","7,100,000","6,900,000","6,500,000","6,400,000","6,300,000","6,300,000","6,300,000","6,400,000","6,200,000","5,600,000","6,800,000","6,800,000","6,800,000","7,100,000","6,000,000","5,400,000","5,500,000","5,300,000","5,700,000","3,900,000","5,000,000","5,600,000","4,200,000","3,800,000",,,,,,,,,,,,,,,,,,
NetIncomeFromContinuingOperationNetMinorityInterest,"211,230,000","280,438,000","36,754,000","60,725,000","-166,687,000","100,208,000","79,000","33,446,000","-6,036,000","67,268,000","92,080,000","109,765,000","170,068,000","84,011,000","-7,324,000","29,310,000","106,541,000","119,418,000","134,337,000","238,773,000","233,641,000","93,921,000","70,618,000","98,657,000","152,886,000","118,371,000","63,148,000","137,062,000","241,489,000","204,215,000","167,187,000","255,984,000","190,360,000","98,117,000","143,351,000","160,917,000","190,705,000","54,582,000","22,772,000","42,931,000","69,358,000","39,173,000","-85,355,000","-162,516,000","-128,141,000","-120,760,000","41,844,000","57,926,000","32,918,000","-45,547,000","33,613,000","82,724,000","53,239,000","-58,790,000","-229,356,000","-799,161,000","-48,344,000","-111,504,000","-32,329,000","33,188,000","62,641,000","-40,077,000","-8,736,000","-7,483,000","-20,473,000","-31,954,000","25,678,000","74,729,000","85,353,000","56,389,000","48,509,000","75,290,000","9,814,000","32,951,000","10,286,000","25,073,000","17,441,000","10,765,000","2,756,000","-3,174,000","3,266,000","1,252,000","12,991,000","13,829,000","25,267,000","-9,802,000","12,737,000","11,319,000","17,144,000","9,023,000","14,900,000","16,500,000","18,300,000","14,600,000","15,900,000","20,300,000","11,800,000","6,800,000","11,100,000","18,700,000","7,300,000","5,000,000","10,100,000","-4,200,000","1,000,000","-600,000","-700,000","1,600,000","6,100,000","-16,300,000","600,000","7,600,000","7,200,000","7,900,000","8,400,000","4,000,000","3,600,000","7,800,000","6,800,000","-12,600,000","-4,200,000","-8,700,000","-4,200,000","3,000,000","3,000,000","5,200,000","1,100,000","3,600,000","7,000,000","4,800,000",,,,,,,,,,,,,,,,,,
TotalUnusualItemsExcludingGoodwill,"-5,442,000","-11,536,000","12,598,000","-2,359,000","-4,145,000","-2,514,000","-8,397,000","-9,092,000","-5,525,000","18,385,000","57,880,000","-3,007,000","-2,217,000","-2,609,000","-22,546,000","6,454,000","-6,765,000","932,000","-1,120,000","-3,259,000","-2,539,000","-619,000","-5,524,000","-4,421,000","4,744,000","235,000","-2,134,000","-13,565,000","-6,872,000","-8,974,000","-23,047,000","-6,549,000","1,381,000","-2,050,000","-683,000","-6,340,000","-10,193,000","7,140,000","-3,407,000","4,641,000","-8,286,000","3,413,000","-13,058,000","-21,669,000","1,392,000","3,806,000","-9,756,000","2,682,000","-10,200,000","-12,775,000","-30,483,000","-87,559,000","332,000","2,687,000","-971,000","-498,844,000","-2,861,000","-16,530,000","2,863,000","-12,887,000","2,869,000","-10,807,000","1,011,000","1,221,000","231,000","892,000","-1,110,000","-436,000","6,000","10,956,000","1,118,000","20,715,000","-8,273,000","-1,373,000","251,000","10,827,000","18,760,000","37,992,000","16,503,000","2,091,000","1,509,000","-513,000","922,000","436,000","-1,149,000","239,000","1,000","357,000","-1,063,000","595,000","200,000","-1,700,000","400,000","500,000",,,"100,000","-100,000",,"-400,000",,"300,000","2,100,000",,"700,000","400,000","200,000","200,000","900,000","-4,400,000","-2,100,000","200,000","-300,000","800,000","800,000","1,900,000","-100,000","300,000","500,000","3,200,000","1,200,000","-200,000","400,000","200,000","200,000","400,000","300,000","1,600,000","1,000,000","300,000",,,,,,,,,,,,,,,,,,
TotalUnusualItems,"-5,442,000","-11,536,000","12,598,000","-2,359,000","-4,145,000","-2,514,000","-8,397,000","-9,092,000","-5,525,000","18,385,000","57,880,000","-3,007,000","-2,217,000","-2,609,000","-22,546,000","6,454,000","-6,765,000","932,000","-1,120,000","-3,259,000","-2,539,000","-619,000","-5,524,000","-4,421,000","4,744,000","235,000","-2,134,000","-13,565,000","-6,872,000","-8,974,000","-23,047,000","-6,549,000","1,381,000","-2,050,000","-683,000","-6,340,000","-10,193,000","7,140,000","-3,407,000","4,641,000","-8,286,000","3,413,000","-13,058,000","-21,669,000","1,392,000","3,806,000","-9,756,000","2,682,000","-10,200,000","-12,775,000","-30,483,000","-87,559,000","332,000","2,687,000","-971,000","-498,844,000","-2,861,000","-16,530,000","2,863,000","-12,887,000","2,869,000","-10,807,000","1,011,000","1,221,000","231,000","892,000","-1,110,000","-436,000","6,000","10,956,000","1,118,000","20,715,000","-8,273,000","-1,373,000","251,000","10,827,000","18,760,000","37,992,000","16,503,000","2,091,000","1,509,000","-513,000","922,000","436,000","-1,149,000","239,000","1,000","357,000","-1,063,000","595,000","200,000","-1,700,000","400,000","500,000",,,"100,000","-100,000",,"-400,000",,"300,000","2,100,000",,"700,000","400,000","200,000","200,000","900,000","-4,400,000","-2,100,000","200,000","-300,000","800,000","800,000","1,900,000","-100,000","300,000","500,000","3,200,000","1,200,000","-200,000","400,000","200,000","200,000","400,000","300,000","1,600,000","1,000,000","300,000",,,,,,,,,,,,,,,,,,
NormalizedEBITDA,"865,973,000","505,753,000","170,523,000","215,488,000","-25,791,000","255,206,000","136,588,000","179,956,000","113,095,000","200,037,000","163,331,000","263,347,000","352,786,000","207,894,000","98,493,000","161,162,000","262,176,000","274,790,000","234,933,000","476,558,000","423,046,000","205,759,000","172,958,000","211,739,000","284,536,000","234,804,000","151,397,000","275,729,000","428,032,000","365,668,000","375,845,000","443,636,000","341,114,000","209,982,000","199,841,000","231,269,000","277,982,000","112,453,000","70,932,000","101,040,000","136,220,000","100,849,000","24,045,000","-59,630,000","-46,205,000","-55,214,000","112,967,000","170,768,000","129,105,000","20,295,000","63,415,000","240,764,000","149,466,000","47,827,000","-128,380,000","-314,845,000","24,287,000","-49,035,000","55,469,000","182,476,000","191,913,000","54,084,000","28,780,000","55,337,000","7,992,000","-4,084,000","77,656,000","160,966,000","166,408,000","111,776,000","119,962,000","140,831,000","82,435,000","95,970,000","56,460,000","34,829,000","26,321,000","-18,780,000","11,348,000","12,923,000","30,351,000","13,787,000","39,807,000","46,642,000","65,243,000","6,641,000","31,878,000","24,557,000","36,696,000","21,551,000","33,700,000","39,100,000","37,800,000","33,200,000","34,900,000","39,700,000","27,300,000","19,400,000","23,500,000","33,600,000","20,100,000","16,500,000","14,200,000","9,500,000","12,100,000","10,700,000","15,800,000","15,700,000","17,500,000","6,100,000","17,200,000","22,500,000","21,800,000","17,600,000","21,600,000","15,200,000","21,800,000","25,500,000","20,400,000","-4,600,000","3,200,000","500,000","4,600,000","13,000,000","10,900,000","15,100,000","10,900,000","8,900,000","17,700,000","13,800,000","162,700,000","-438,300,000","176,200,000","158,000,000","149,900,000","-352,000,000","132,500,000","119,900,000","98,500,000","-295,900,000","105,100,000","105,800,000","106,000,000","-244,600,000","93,800,000","93,800,000","93,800,000","-207,400,000"
TaxRateForCalcs,"0.323","0.211","0.125","0.333","0.056","0.26","0.27","0.399","0.316","0.363","0.168","0.296","0.308","0.195","0.27","0.27","0.266","0.237","0.4","0.322","0.326","0.336","0.368","0.341","0.339","0.347","0.344","0.348","0.348","0.353","0.388","0.343","0.343","0.346","0","0.033","0.077","0.048","0.35","0.024","0.35","0.016","0.35","0","0.35","0.076","0.35","0.343","0.35","0.35","0.35","0.35","0.01","0.35","0.35","0.12","0.37","0.366","0.35","0.35","0.367","0.333","0.398","0.4","0.4","0.322","0.299","0.317","0.31","0.378","0.393","0.379","0.4","0.292","0.4","0.4","0.307","0.4","0.075","0.4","0.4","0.4","0.171","0.372","0.264","0.191","0.332","0.039","0.156","0.017","0.307","0.273","0.277","0.324","0.257","0.222","0.151","0.4","0.4","0.026","0.4","0.4","0.217","0.4","0.4","0.4","0.4","0.4","0.274","0.4","0.4","0.392","0.294","0.4","0.3","0.4","0.308","0.297","0.16","0.4","0.323","0.171","0.25","0.4","0.4","0.268","0.353","0.4","0.34","0.342",,,,,,,,,,,,,,,,,,
TaxEffectOfUnusualItems,"-1,759,442.299","-2,434,096","1,569,798.075","-785,547","-232,120","-653,640","-2,267,190","-3,627,708","-1,745,900","6,673,755","9,748,424.754","-890,072","-682,836","-508,755","-6,087,420","1,742,580","-1,799,490","220,884","-448,000","-1,049,398","-827,714","-207,984","-2,032,761.129","-1,507,561","1,608,216","81,545","-733,836.62","-4,720,620","-2,391,456","-3,167,822","-8,949,638.079","-2,246,307","473,683","-709,300","-52.289","-212,269.481","-783,382.664","342,720","-1,192,450","110,670.812","-2,900,100","55,369.78","-4,570,300","-7,983.176","487,200","289,540.731","-3,414,600","919,122.852","-3,570,000","-4,471,250","-10,669,050","-30,645,650","3,425.289","940,450","-339,850","-60,087,147.59","-1,059,942.848","-6,045,519.884","1,002,050","-4,510,450","1,052,263.457","-3,602,513.099","401,889.931","488,400","92,400","286,854.292","-332,091.157","-138,027.125","1,859.23","4,136,511.916","439,314.72","7,858,096.853","-3,309,200","-401,000.365","100,400","4,330,800","5,766,347.643","15,196,800","1,245,613.888","836,400","603,600","-205,200","158,067.224","162,153.343","-303,159.514","45,677.835","332.162","14,029.112","-166,101.924","10,048.486","61,395.349","-464,317.181","110,671.937","162,037.037","0","0","15,107.914","-40,000","0","-10,416.667","0","120,000","455,813.953","0","280,000","160,000","80,000","80,000","246,428.571","-1,760,000","-840,000","78,400","-88,235.294","320,000","240,000","760,000","-30,769.231","89,189.189","80,246.914","1,280,000","387,096.774","-34,285.714","100,000","80,000","80,000","107,042.254","105,882.353","640,000","339,622.642","102,739.726",,,,,,,,,,,,,,,,,,