name,ttm,03/31/2022,12/31/2021,09/30/2021,06/30/2021,03/31/2021,12/31/2020,09/30/2020,06/30/2020,03/31/2020,12/31/2019,09/30/2019,06/30/2019,03/31/2019,12/31/2018,09/30/2018,06/30/2018,03/31/2018,12/31/2017,09/30/2017,06/30/2017,03/31/2017,12/31/2016,09/30/2016,06/30/2016,03/31/2016,12/31/2015,09/30/2015,06/30/2015,03/31/2015,12/31/2014,09/30/2014,06/30/2014,03/31/2014,12/31/2013,09/30/2013,06/30/2013,03/31/2013,12/31/2012,09/30/2012,06/30/2012,03/31/2012,12/31/2011,09/30/2011,06/30/2011,03/31/2011,12/31/2010,09/30/2010,06/30/2010,03/31/2010,12/31/2009,09/30/2009,06/30/2009,03/31/2009,12/31/2008,09/30/2008,06/30/2008,03/31/2008,12/31/2007,09/30/2007,06/30/2007,03/31/2007,12/31/2006,09/30/2006,06/30/2006,03/31/2006,12/31/2005,09/30/2005,06/30/2005,03/31/2005,12/31/2004,09/30/2004,06/30/2004,03/31/2004,12/31/2003,09/30/2003,06/30/2003,03/31/2003,12/31/2002,09/30/2002,06/30/2002,03/31/2002,12/31/2001,09/30/2001,06/30/2001,03/31/2001,12/31/2000,09/30/2000,06/30/2000,03/31/2000,12/31/1999,09/30/1999,06/30/1999,03/31/1999,12/31/1998,09/30/1998,06/30/1998,03/31/1998,12/31/1997,09/30/1997,06/30/1997,03/31/1997,12/31/1996,09/30/1996,06/30/1996,03/31/1996,12/31/1995,09/30/1995,06/30/1995,03/31/1995,12/31/1994,09/30/1994,06/30/1994,03/31/1994,12/31/1993,09/30/1993,06/30/1993,03/31/1993,12/31/1992,09/30/1992,06/30/1992,03/31/1992,12/31/1991,09/30/1991
TotalRevenue,"4,203,200,000","1,074,500,000","1,104,900,000","1,042,700,000","981,100,000","1,010,000,000","1,289,500,000","1,213,700,000","1,219,100,000","1,341,000,000","1,322,800,000","1,191,100,000","1,149,000,000","1,174,500,000","1,195,200,000","1,133,100,000","1,186,400,000","1,217,000,000","1,283,100,000","1,231,300,000","1,237,900,000","1,194,000,000","1,061,500,000","1,354,900,000","1,481,000,000","1,383,200,000","1,424,800,000","1,344,700,000","1,531,600,000","1,049,100,000","1,071,700,000","951,500,000","1,144,200,000","1,004,200,000","979,000,000","933,400,000","967,206,000","919,825,000","882,959,000","769,810,000","831,767,000","778,017,000","838,170,000","725,295,000","704,629,000","691,563,000","717,515,000","641,322,000","619,395,000","538,306,000","583,168,000","528,001,000","508,209,000","505,902,000","561,477,000","480,236,000","500,201,000","503,707,000","435,483,000","382,740,000","374,296,000","362,288,000","370,629,000","340,215,000","355,069,000","332,321,000","359,697,000","319,734,000","324,538,000","220,093,000","251,748,000","227,719,000","212,565,000","230,740,000","245,094,000","209,805,000","182,635,000","202,616,000","227,521,000","213,215,000","182,021,000","198,491,000","228,694,000","217,116,000","177,317,000","191,956,000","190,882,000","193,333,000","150,450,000","181,494,000","197,200,000","209,400,000","187,800,000","251,400,000","226,100,000","212,300,000","214,400,000","223,700,000","240,700,000","223,800,000","196,200,000","214,600,000","221,700,000","212,200,000","175,600,000","196,300,000","201,000,000","205,100,000","174,400,000","185,300,000","174,700,000","182,700,000","158,200,000","163,600,000","174,400,000","173,100,000","144,700,000","142,200,000","141,000,000","142,900,000","108,800,000","120,800,000","93,000,000","87,100,000"
	OperatingRevenue,"4,203,200,000","1,074,500,000","1,104,900,000","1,042,700,000","981,100,000","1,010,000,000","1,289,500,000","1,213,700,000","1,219,100,000","1,341,000,000","1,322,800,000","1,191,100,000","1,149,000,000","1,174,500,000","1,195,200,000","1,133,100,000","1,186,400,000","1,217,000,000","1,283,100,000","1,231,300,000","1,237,900,000","1,194,000,000","1,061,500,000","1,354,900,000","1,481,000,000","1,383,200,000","1,424,800,000","1,344,700,000","1,531,600,000","1,049,100,000","1,071,700,000","951,500,000","1,144,200,000","1,004,200,000","979,000,000","933,400,000","967,206,000","919,825,000","882,959,000","769,810,000","831,767,000","778,017,000","838,170,000","725,295,000","704,629,000","691,563,000","717,515,000","641,322,000","619,395,000","538,306,000","583,168,000","528,001,000","508,209,000","505,902,000","561,477,000","480,236,000","500,201,000","503,707,000","435,483,000","382,740,000","374,296,000","362,288,000","370,629,000","340,215,000","355,069,000","332,321,000","359,697,000","319,734,000","324,538,000","220,093,000","251,748,000","227,719,000","212,565,000","230,740,000","245,094,000","209,805,000","182,635,000","202,616,000","227,521,000","213,215,000","182,021,000","198,491,000","228,694,000","217,116,000","177,317,000","191,956,000","190,882,000","193,333,000","150,450,000","181,494,000","197,200,000","209,400,000","187,800,000","251,400,000","226,100,000","212,300,000","214,400,000","223,700,000","240,700,000","223,800,000","196,200,000","214,600,000","221,700,000","212,200,000","175,600,000","196,300,000","201,000,000","205,100,000","174,400,000","185,300,000","174,700,000","182,700,000","158,200,000","163,600,000","174,400,000","173,100,000","144,700,000","142,200,000","141,000,000","142,900,000","108,800,000","120,800,000","93,000,000","87,100,000"
CostOfRevenue,"2,817,600,000","736,700,000","742,500,000","706,300,000","632,100,000","641,600,000","820,300,000","785,600,000","784,400,000","857,800,000","842,000,000","778,300,000","718,200,000","725,700,000","752,200,000","708,300,000","715,400,000","724,300,000","770,300,000","733,500,000","733,300,000","729,600,000","606,100,000","848,600,000","913,800,000","860,300,000","865,500,000","795,900,000","903,400,000","670,300,000","687,900,000","629,700,000","728,400,000","689,200,000","618,300,000","577,100,000","611,001,000","588,464,000","575,794,000","484,541,000","537,896,000","498,744,000","543,295,000","497,716,000","462,295,000","452,481,000","468,015,000","427,368,000","420,184,000","352,440,000","386,223,000","364,007,000","344,356,000","356,310,000","407,174,000","336,021,000","355,267,000","345,761,000","305,071,000","266,022,000","265,822,000","262,079,000","272,304,000","245,598,000","247,092,000","235,043,000","254,127,000","232,818,000","258,879,000","157,132,000","184,692,000","163,006,000","143,115,000","164,108,000","171,198,000","151,819,000","137,405,000","143,910,000","163,225,000","151,536,000","137,420,000","143,333,000","167,439,000","166,227,000","157,396,000","138,183,000","133,197,000","140,218,000","125,387,000","144,698,000","143,200,000","153,800,000","144,900,000","188,700,000","165,800,000","171,400,000","157,700,000","159,800,000","166,900,000","157,000,000","136,200,000","149,400,000","151,800,000","149,600,000","106,300,000","138,100,000","139,800,000","143,200,000","123,600,000","130,900,000","119,800,000","122,800,000","108,600,000","110,400,000","119,000,000","118,300,000","98,700,000","97,200,000","96,300,000","97,900,000","72,500,000","84,200,000","63,200,000",
GrossProfit,"1,385,600,000","337,800,000","362,400,000","336,400,000","349,000,000","368,400,000","469,200,000","428,100,000","434,700,000","483,200,000","480,800,000","412,800,000","430,800,000","448,800,000","443,000,000","424,800,000","471,000,000","492,700,000","512,800,000","497,800,000","504,600,000","464,400,000","455,400,000","506,300,000","567,200,000","522,900,000","559,300,000","548,800,000","628,200,000","378,800,000","383,800,000","321,800,000","415,800,000","315,000,000","360,700,000","356,300,000","356,205,000","331,361,000","307,165,000","285,269,000","293,871,000","279,273,000","294,875,000","227,579,000","242,334,000","239,082,000","249,500,000","213,954,000","199,211,000","185,866,000","196,945,000","163,994,000","163,853,000","149,592,000","154,303,000","144,215,000","144,934,000","157,946,000","130,412,000","116,718,000","108,474,000","100,209,000","98,325,000","94,617,000","107,977,000","97,278,000","105,570,000","86,916,000","65,659,000","62,961,000","67,056,000","64,713,000","69,450,000","66,632,000","73,896,000","57,986,000","45,230,000","58,706,000","64,296,000","61,679,000","44,601,000","55,158,000","61,255,000","50,889,000","19,921,000","53,773,000","57,685,000","53,115,000","25,063,000","36,796,000","54,000,000","55,600,000","42,900,000","62,700,000","60,300,000","40,900,000","56,700,000","63,900,000","73,800,000","66,800,000","60,000,000","65,200,000","69,900,000","62,600,000","69,300,000","58,200,000","61,200,000","61,900,000","50,800,000","54,400,000","54,900,000","59,900,000","49,600,000","53,200,000","55,400,000","54,800,000","46,000,000","45,000,000","44,700,000","45,000,000","36,300,000","36,600,000","29,800,000",
OperatingExpense,"813,000,000","312,500,000","299,600,000","-106,400,000","307,300,000","315,300,000","375,400,000","320,400,000","316,200,000","337,500,000","346,500,000","342,300,000","335,800,000","333,100,000","336,800,000","307,000,000","370,900,000","334,900,000","347,800,000","323,800,000","316,300,000","285,000,000","357,400,000","335,000,000","342,900,000","354,300,000","413,100,000","358,000,000","401,400,000","178,500,000","197,000,000","182,900,000","207,800,000","192,200,000","253,200,000","174,500,000","164,241,000","152,755,000","143,308,000","128,696,000","131,261,000","126,122,000","134,207,000","126,027,000","107,421,000","105,254,000","117,261,000","102,187,000","114,611,000","91,085,000","98,477,000","77,425,000","93,682,000","77,695,000","93,350,000","85,534,000","101,133,000","59,687,000","81,572,000","70,669,000","85,622,000","68,120,000","71,296,000","68,905,000","78,192,000","66,923,000","66,261,000","66,187,000","-315,722,000","432,408,000","42,907,000","38,087,000","57,181,000","40,120,000","35,126,000","32,641,000","38,651,000","36,181,000","37,951,000","30,617,000","28,595,000","25,295,000","33,439,000","30,439,000","12,196,000","33,154,000","37,199,000","36,682,000","40,566,000","26,809,000","35,100,000","37,800,000","44,500,000","43,400,000","46,800,000","54,000,000","185,200,000","46,200,000","48,200,000","44,000,000","46,000,000","46,600,000","47,800,000","43,100,000","67,400,000","38,400,000","38,300,000","38,300,000","40,500,000","34,800,000","33,700,000","35,500,000","30,700,000","31,300,000","30,300,000","30,500,000","27,600,000","26,500,000","25,400,000","27,800,000","22,900,000","22,200,000","16,100,000",
	SellingGeneralAndAdministration,"1,109,500,000","282,300,000","269,300,000","283,600,000","274,300,000","284,200,000","330,000,000","281,000,000","270,000,000","294,500,000","288,600,000","289,400,000","291,000,000","297,000,000","293,600,000","262,800,000","275,800,000","293,600,000","301,300,000","288,300,000","275,400,000","281,500,000","315,900,000","284,800,000","295,900,000","309,000,000","366,500,000","316,400,000","338,800,000","143,100,000","143,800,000","146,300,000","169,800,000","147,500,000","215,700,000","142,200,000","133,285,000","124,229,000","114,985,000","101,301,000","104,223,000","98,172,000","103,059,000","106,389,000","94,607,000","92,658,000","92,657,000","84,460,000","88,801,000","73,618,000","77,742,000","58,928,000","71,796,000","59,805,000","73,427,000","67,310,000","80,565,000","75,965,000","65,429,000","54,349,000","63,481,000","51,730,000","56,394,000","55,858,000","63,034,000","54,663,000","54,035,000","53,538,000","57,323,000","36,584,000","33,621,000","31,733,000","48,044,000","33,435,000","28,940,000","26,928,000","31,573,000","30,713,000","32,630,000","28,297,000","30,373,000","28,796,000","28,481,000","26,593,000","24,792,000","28,490,000","28,139,000","26,548,000","29,186,000","24,010,000","25,600,000","28,900,000","36,000,000","35,000,000","36,900,000","44,800,000","171,700,000","35,100,000","37,700,000","33,800,000","35,400,000","36,200,000","36,900,000","32,600,000","60,600,000","31,600,000","29,200,000","29,300,000","39,700,000","27,100,000","26,400,000","30,000,000","24,400,000","24,800,000","25,600,000","25,900,000","23,400,000","22,500,000","21,800,000","24,200,000","18,900,000","19,500,000","13,900,000",
		GeneralAndAdministrativeExpense,"477,200,000","122,300,000","113,900,000","130,600,000","110,400,000","127,100,000","138,200,000","116,400,000","118,800,000","122,600,000","118,800,000","131,900,000","127,200,000","125,100,000","125,900,000","105,600,000","96,800,000","107,600,000","134,200,000","123,300,000","98,200,000","105,400,000","135,400,000","108,600,000","101,800,000","106,400,000","185,500,000","123,600,000","140,100,000","79,600,000","84,100,000","81,500,000","97,100,000","81,100,000","154,400,000","129,000,000","120,820,000","111,660,000","103,286,000",,,,,,,,"83,793,000","76,127,000","81,906,000","65,658,000","70,730,000","52,407,000","66,106,000","53,638,000",,,,,,,,,,,,,,,,,,,,,,,,,,,,,,,,,,,,,,,,,,,,,,,,,,,,,,,,,,,,,,,,,,,,,,
			OtherGandA,"477,200,000","122,300,000","113,900,000","130,600,000","110,400,000","127,100,000","138,200,000","116,400,000","118,800,000","122,600,000","118,800,000","131,900,000","127,200,000","125,100,000","125,900,000","105,600,000","96,800,000","107,600,000","134,200,000","123,300,000","98,200,000","105,400,000","135,400,000","108,600,000","101,800,000","106,400,000","185,500,000","123,600,000","140,100,000","79,600,000","84,100,000","81,500,000","97,100,000","81,100,000","154,400,000","129,000,000","120,820,000","111,660,000","103,286,000",,,,,,,,"83,793,000","76,127,000","81,906,000","65,658,000","70,730,000","52,407,000","66,106,000","53,638,000",,,,,,,,,,,,,,,,,,,,,,,,,,,,,,,,,,,,,,,,,,,,,,,,,,,,,,,,,,,,,,,,,,,,,,
		SellingAndMarketingExpense,"632,300,000","160,000,000","155,400,000","153,000,000","163,900,000","157,100,000","191,800,000","164,600,000","151,200,000","171,900,000","169,800,000","157,500,000","163,800,000","171,900,000","167,700,000","157,200,000","179,000,000","186,000,000","167,100,000","165,000,000","177,200,000","176,100,000","180,500,000","176,200,000","194,100,000","202,600,000","181,000,000","192,800,000","198,700,000","63,500,000","59,700,000","64,800,000","72,700,000","66,400,000","61,300,000","13,200,000","12,465,000","12,569,000","11,699,000",,,,,,,,"8,864,000","8,333,000","6,895,000","7,960,000","7,012,000","6,521,000","5,690,000","6,167,000",,,,,,,,,,,,,,,,,,,,,,,,,,,,,,,,,,,,,,,,,,,,,,,,,,,,,,,,,,,,,,,,,,,,,,
	ResearchAndDevelopment,"120,200,000","29,300,000","30,300,000","27,600,000","33,000,000","31,100,000","46,100,000","42,600,000","47,100,000","41,900,000","59,400,000","44,000,000","43,900,000","40,200,000","44,600,000","43,700,000","91,900,000","38,400,000","46,900,000","38,400,000","42,600,000","39,800,000","41,500,000","50,200,000","47,000,000","45,300,000","46,600,000","41,600,000","62,600,000","35,400,000","53,200,000","36,600,000","38,000,000","44,700,000","37,500,000","32,300,000","30,956,000","28,526,000","28,323,000","27,395,000","27,038,000","27,950,000","31,148,000","19,638,000","23,408,000","23,511,000","24,604,000","17,727,000","25,810,000","17,467,000","20,735,000","18,497,000","21,886,000","17,890,000","19,923,000","18,224,000","20,568,000","19,160,000","16,143,000","16,320,000","22,141,000","16,390,000","14,902,000","13,047,000","15,158,000","12,260,000","12,226,000","12,649,000","15,555,000","7,224,000","9,286,000","6,354,000","9,137,000","6,685,000","6,186,000","5,713,000","7,078,000","5,468,000","5,321,000","5,448,000","6,776,000","4,312,000","4,958,000","3,846,000","5,004,000","5,202,000","3,470,000","3,958,000","6,122,000","2,799,000","3,900,000","3,500,000","3,900,000","3,500,000","3,900,000","3,600,000","6,600,000","3,400,000","3,000,000","2,900,000","3,700,000","3,100,000","3,700,000","3,300,000",,,"2,300,000","2,400,000",,"2,000,000","1,800,000",,"1,500,000","1,800,000",,,,,,,,,,
	DepreciationAmortizationDepletionIncomeStatement,,,,,,,,,,,,,,,,,,,,,,,,,,,,,,,,,,,,,,,,,,,,,,,,,,,,,,,,,,,,,,,,,,,,,,,,,,,,,,,,,,,,,,"6,289,000","5,590,000","6,176,000","5,258,000",,"5,600,000","5,400,000","4,600,000","4,900,000","6,000,000","5,600,000","6,900,000","7,700,000","7,500,000","7,300,000","6,900,000","7,300,000","7,200,000","7,200,000","6,800,000","6,800,000","6,800,000","6,600,000","6,500,000","5,700,000","5,500,000","5,500,000","4,800,000","4,700,000","4,700,000","4,600,000","4,200,000","4,000,000","3,600,000","3,600,000","4,000,000","2,700,000","2,200,000",
		DepreciationAndAmortizationInIncomeStatement,,,,,,,,,,,,,,,,,,,,,,,,,,,,,,,,,,,,,,,,,,,,,,,,,,,,,,,,,,,,,,,,,,,,,,,,,,,,,,,,,,,,,,"6,289,000","5,590,000","6,176,000","5,258,000",,"5,600,000","5,400,000","4,600,000","4,900,000","6,000,000","5,600,000","6,900,000","7,700,000","7,500,000","7,300,000","6,900,000","7,300,000","7,200,000","7,200,000","6,800,000","6,800,000","6,800,000","6,600,000","6,500,000","5,700,000","5,500,000","5,500,000","4,800,000","4,700,000","4,700,000","4,600,000","4,200,000","4,000,000","3,600,000","3,600,000","4,000,000","2,700,000","2,200,000",
	OtherOperatingExpenses,,"900,000","0","-417,600,000",,,"-700,000","-3,200,000","-900,000","1,100,000","-1,500,000","8,900,000","900,000","-4,100,000","-1,400,000","500,000","3,200,000","2,900,000","-400,000","-2,900,000","-1,700,000","-36,300,000",,,,,,,,,,,,,"14,000,000",,,,,,,,,,"-10,594,000","-10,915,000",,,,,,,,,,,,"-35,438,000",,,,,,,,,,,,"388,600,000",,,,,,,"0",,,"-3,128,000","-8,554,000","-7,813,000",,,"455,000","-6,827,000",,,,,,,,,,,,,,,,,,,,,,,,,,,,,,,,,,,,,,
OperatingIncome,"572,600,000","25,300,000","62,800,000","442,800,000","41,700,000","53,100,000","93,800,000","107,700,000","118,500,000","145,700,000","134,300,000","70,500,000","95,000,000","115,700,000","106,200,000","117,800,000","100,100,000","157,800,000","165,000,000","174,000,000","188,300,000","179,400,000","98,000,000","171,300,000","224,300,000","168,600,000","146,200,000","190,800,000","226,800,000","200,300,000","186,800,000","138,900,000","208,000,000","122,800,000","107,500,000","181,800,000","191,964,000","178,606,000","163,857,000","156,573,000","162,610,000","153,151,000","160,668,000","101,552,000","134,913,000","133,828,000","132,239,000","111,767,000","84,600,000","94,781,000","98,468,000","86,569,000","70,171,000","71,897,000","60,953,000","58,681,000","43,801,000","98,259,000","48,840,000","46,049,000","22,852,000","32,089,000","27,029,000","25,712,000","29,785,000","30,355,000","39,309,000","20,729,000","381,381,000","-369,447,000","24,149,000","26,626,000","12,269,000","26,512,000","38,770,000","25,345,000","6,579,000","22,525,000","26,345,000","31,062,000","16,006,000","29,863,000","27,816,000","20,450,000","7,725,000","20,619,000","20,486,000","16,433,000","-15,503,000","9,987,000","18,900,000","17,800,000","-1,600,000","19,300,000","13,500,000","-13,100,000","-128,500,000","17,700,000","25,600,000","22,800,000","14,000,000","18,600,000","22,100,000","19,500,000","1,900,000","19,800,000","22,900,000","23,600,000","10,300,000","19,600,000","21,200,000","24,400,000","18,900,000","21,900,000","25,100,000","24,300,000","18,400,000","18,500,000","19,300,000","17,200,000","13,400,000","14,400,000","13,700,000","87,100,000"
NetNonOperatingInterestIncomeExpense,"-128,800,000","-35,800,000","-30,500,000","-30,900,000","-31,600,000","-32,000,000","-27,400,000","-34,000,000","-33,400,000","-30,200,000","-31,300,000","-30,500,000","-31,200,000","-28,600,000","-32,800,000","-31,700,000","-32,100,000","-31,400,000","-35,000,000","-34,700,000","-45,100,000","-53,300,000","-53,400,000","-54,600,000","-57,400,000","-51,200,000","-46,500,000","-43,400,000","-46,000,000","-43,300,000","-30,800,000","-25,900,000","-26,200,000","-26,200,000","-29,700,000","-21,400,000","-18,563,000","-16,070,000","-15,314,000","-15,853,000","-15,874,000","-16,651,000","-15,641,000","-12,570,000","-10,594,000","-10,915,000","10,716,000","-10,087,000","-10,575,000","-5,989,000","-5,551,000","-6,663,000","-6,689,000","-6,966,000",,,,,,,,,,,,,,,,,,,,,,,,,,,,,,,,,,,,,,,,,,,,,,,,,,,,,,,,,,,,,,,,,,,,,,
	InterestIncomeNonOperating,,,,,,,,,,,,,,,,,,,,,,,,,,,,,,,,,,,,,,,,"1,275,000",,,,,,,,,,,,,,"5,468,000",,,,,,,,,,,,,,,,,,,,,,,,,,,,,,,,,,,,,,,,,,,,,,,,,,,,,,,,,,,,,,,,,,,,,,
	InterestExpenseNonOperating,"128,800,000","35,800,000","30,500,000","30,900,000","31,600,000","32,000,000","27,400,000","34,000,000","33,400,000","30,200,000",,,,,,,,,,,,,,,,,,,,,,,,,,,,,,"17,128,000","15,874,000","16,651,000","15,641,000","12,570,000","10,594,000","10,915,000",,"10,087,000","10,575,000","5,989,000","5,551,000","6,663,000","-12,130,000","12,434,000",,,,,,,,,,,,,,,,,,,,,,,,,,,,,,,,,,,,,,,,,,,,,,,,,,,,,,,,,,,,,,,,,,,,,,
	TotalOtherFinanceCost,,,,,"31,600,000",,,"34,000,000",,,"31,300,000","30,500,000","31,200,000","28,600,000","32,800,000","31,700,000","32,100,000","31,400,000","35,000,000","34,700,000","45,100,000","53,300,000","53,400,000","54,600,000","57,400,000","51,200,000","46,500,000","43,400,000","46,000,000","43,300,000","30,800,000","25,900,000","26,200,000","26,200,000","29,700,000","21,400,000","18,563,000","16,070,000","15,314,000",,,,,,,,"-10,716,000",,,,,,,,,,,,,,,,,,,,,,,,,,,,,,,,,,,,,,,,,,,,,,,,,,,,,,,,,,,,,,,,,,,,,,,,,,,,,
OtherIncomeExpense,"-215,100,000","-2,500,000","-22,400,000","-23,000,000","-167,200,000","-4,100,000","-274,600,000","-201,400,000","-13,300,000","-800,000","-137,200,000","57,300,000","-36,800,000","-6,200,000","130,300,000","-165,100,000","-12,700,000","-15,900,000","1,900,000","-10,600,000","-219,500,000","-30,300,000","-3,113,800,000","-1,688,200,000","-15,300,000","-476,600,000","-255,100,000","-15,200,000","-23,400,000","-259,700,000","-71,300,000","-4,400,000","-16,100,000","-33,900,000","-190,800,000","-3,100,000","-11,988,000","-2,449,000","-3,125,000","62,000","-2,396,000","-1,879,000","-752,000","-229,000","-317,000","753,000","-633,000","559,000","-7,537,000","-6,147,000","-12,753,000","-1,017,000","-13,351,000","-1,160,000","-16,274,000","-115,000","-2,404,000","-3,582,000","969,000","1,183,000","2,399,000","-6,684,000","1,616,000","61,000","-8,382,000","2,310,000","0",,"1,800,000","-394,982,000",,,,"0","0","0","0",,,"3,128,000","3,464,000","7,813,000","-2,046,000",,"425,000","538,000","-19,743,000",,,,,,,"-2,000,000","-700,000","-1,000,000",,"-1,700,000","-2,100,000","-1,700,000",,,,"-1,800,000",,"-1,800,000","-2,000,000","-2,700,000",,,,,,,,,,"100,000",,,,,,
	GainOnSaleOfSecurity,,,,,,,"-118,500,000","22,200,000","2,100,000","1,600,000","3,600,000","2,600,000","5,500,000","10,400,000","122,800,000","74,900,000","600,000","-9,600,000","-700,000","-2,600,000","-38,700,000","17,100,000",,,,,,,,,,,"0","-12,700,000","0",,"-43,000","-1,608,000","-3,049,000",,,,,,,,,,,,,,,,,,,,,,,,,,,,,,,,,,,,,,,,,,,,,,,,,,,,,,,,,,,,,,,,,,,,,,,,,,,,,,,,,,,,,
	SpecialIncomeCharges,"-191,900,000","-3,600,000","-16,100,000","-4,500,000","-167,600,000","-1,700,000","-146,000,000","-223,200,000","-1,100,000","0","-141,200,000","-16,300,000","-40,000,000","-13,400,000","1,300,000","-239,800,000","-5,400,000","-2,000,000","-6,400,000","-11,600,000","-174,700,000","-50,900,000","-517,000,000","-1,687,200,000","14,000,000","-472,800,000","-241,200,000","-2,200,000","-700,000","-1,100,000","-12,000,000","-1,700,000","-10,500,000","-19,500,000","-186,700,000","-2,100,000","-11,900,000","0",,"62,000","-2,396,000","-1,879,000","-752,000","-229,000","-317,000","753,000","-633,000","559,000","-7,537,000","-6,147,000","-12,753,000","-1,017,000","-13,351,000","-1,160,000","-16,274,000","-115,000","-2,404,000","-3,582,000","969,000","1,183,000","2,399,000","-6,684,000","1,616,000","61,000","-8,382,000","2,310,000",,,"1,800,000","-394,982,000",,,,,,,"0",,,"3,128,000","3,464,000","7,813,000","-2,046,000",,"425,000","538,000","-19,743,000",,,,,,,"-2,000,000","-700,000","-1,000,000",,"-1,700,000","-2,100,000","-1,700,000",,,,"-1,800,000",,"-1,800,000","-2,000,000","-2,700,000",,,,,,,,,,,,,,,,
		RestructuringAndMergernAcquisition,"18,800,000","3,600,000","5,100,000","1,000,000","9,000,000","1,700,000","1,600,000","800,000","1,100,000","0","-400,000","5,200,000","12,200,000","9,300,000","-2,200,000","18,000,000","3,700,000","1,500,000","6,300,000","3,800,000","12,100,000","38,700,000","13,100,000","6,600,000","5,800,000","5,400,000","24,700,000","2,200,000","-200,000","1,100,000","2,400,000","1,700,000","10,500,000","19,500,000","14,900,000","2,100,000","2,900,000","0",,,"1,674,000","7,081,000",,,"1,033,000","0",,,"2,049,000","7,474,000",,,"14,647,000","0",,,"4,750,000","348,000",,,"8,183,000","306,000","642,000",,,,,,"0","6,382,000",,,,,,,,,,,"5,090,000",,"2,046,000",,,,,,,,,,,,,,,,,,,,,,,,,,,,,,,,,,,,,,,,,
		ImpairmentOfCapitalAssets,,,,,,,,"202,400,000","0","0",,"10,900,000",,,,,,,,"7,800,000",,,,,,,,,"0","0","0",,"0","0","6,000,000",,,,,,,,,,,,,,"0","0","0",,"0","0",,,,,,,,,,,,,,,,,,,,,,,,,,,,,,,,,,,,,,,,,,,,,,,,,,,,,,,,,,,,,,,,,,,,,,
		WriteOff,,,"11,000,000","3,500,000","158,600,000",,"144,400,000","202,400,000",,,,,"27,800,000","4,100,000","900,000","221,800,000","1,700,000","0","100,000","7,800,000","27,400,000","12,200,000","503,900,000","1,679,900,000","-19,800,000","467,000,000",,,,,,,,,,,,,,,,,,,,"0","0","0","5,000,000","0","14,000,000",,"0","0",,,,,,,,,,,,,,,,,,,,,,,,,,,,,,,,,,,,,,,,,,,,,,,,,,,,,,,,,,,,,,,,,,,,,,
		OtherSpecialCharges,,,,,,,"0","20,000,000",,,"0","200,000",,,"0",,,"500,000","0","-3,600,000","135,200,000",,"0","700,000",,"400,000",,,"900,000",,"9,600,000",,"0",,"165,800,000",,,,,,"722,000","-5,202,000",,,"-716,000","-753,000","633,000","-559,000","488,000","-1,327,000","-1,247,000",,"-1,296,000","1,160,000",,,"-2,346,000","3,234,000",,,"-10,582,000","6,378,000","-2,258,000",,,,,,"-1,800,000","388,600,000",,,,,,,,,,,"-8,554,000",,,,,,,,,,,,,,,,,,,,,,,,,,,,,,,,,,,,,,,,,,,
	OtherNonOperatingIncomeExpenses,"-23,200,000","1,100,000","-6,300,000","-18,500,000","400,000","-2,400,000","-10,100,000","-400,000","-14,300,000","-2,400,000","400,000","71,000,000","-2,300,000","-3,200,000","6,200,000","-200,000","-7,900,000","-4,300,000","9,000,000","3,600,000","-6,100,000","3,500,000","11,400,000","-1,000,000","-29,300,000","-3,800,000","-13,900,000","-13,000,000","-22,700,000","-258,600,000","-59,300,000","-2,700,000","-5,600,000","-1,700,000","-4,100,000","-1,000,000","-45,000","-841,000","-76,000",,,,,,,,,,,,,,,,,,,,,,,,,,,,,,,,,,,,,,,,,,,,,,,,,,,,,,,,,,,,,,,,,,,,,,,,,,,,,,,,,,,,,
PretaxIncome,"228,700,000","-13,000,000","9,900,000","388,900,000","-157,100,000","17,000,000","-208,200,000","-127,700,000","71,800,000","114,700,000","-34,200,000","97,300,000","27,000,000","80,900,000","203,700,000","-79,000,000","55,300,000","110,500,000","131,900,000","128,700,000","-76,300,000","95,800,000","-3,069,200,000","-1,571,500,000","151,600,000","-359,200,000","-155,400,000","132,200,000","157,400,000","-102,700,000","84,700,000","108,600,000","165,700,000","62,700,000","-113,000,000","157,300,000","161,413,000","160,087,000","145,418,000","140,782,000","144,340,000","134,621,000","144,275,000","88,753,000","113,408,000","112,751,000","122,156,000","102,239,000","66,488,000","82,645,000","80,164,000","78,889,000","50,131,000","63,771,000","37,215,000","52,720,000","36,181,000","55,551,000","46,135,000","42,577,000","20,767,000","21,755,000","25,345,000","21,187,000","17,802,000","30,200,000","39,984,000","17,949,000","-8,628,000","-374,284,000","24,753,000","27,466,000","13,197,000","27,718,000","39,274,000","25,794,000","6,564,000","22,898,000","26,859,000","31,270,000","11,775,000","30,083,000","25,883,000","20,613,000","9,531,000","16,017,000","1,704,000","16,607,000","-11,822,000","9,977,000","17,000,000","15,300,000","-3,100,000","14,300,000","10,000,000","-17,300,000","-124,900,000","15,400,000","22,700,000","20,800,000","14,200,000","18,200,000","21,600,000","16,900,000","7,400,000","16,600,000","19,200,000","19,300,000","8,500,000","18,000,000","20,300,000","23,400,000","18,100,000","21,000,000","24,300,000","23,500,000","17,600,000","17,700,000","18,500,000","16,400,000","12,100,000","12,800,000","10,600,000",
TaxProvision,"363,700,000","-11,700,000","-22,200,000","442,800,000","-45,200,000","14,200,000","-33,200,000","26,900,000","11,200,000","8,300,000","-15,200,000","5,100,000","18,000,000","17,000,000","122,300,000","-11,500,000","19,100,000","29,700,000","58,700,000","84,200,000","-6,700,000","24,200,000","-451,800,000","-316,300,000","-42,700,000","-24,600,000","-48,400,000","19,600,000","100,900,000","-7,800,000","14,500,000","12,300,000","33,800,000","14,600,000","-27,000,000","45,900,000","42,972,000","48,163,000","39,463,000","35,202,000","37,290,000","18,894,000","44,536,000","18,295,000","27,838,000","21,220,000","32,377,000","28,561,000","16,790,000","22,507,000","26,928,000","17,864,000","17,851,000","17,302,000","12,222,000","14,762,000","8,683,000","15,584,000","11,846,000","8,558,000","1,996,000","4,699,000","4,257,000","4,305,000","5,540,000","9,339,000","14,618,000","5,038,000","-1,665,000","5,152,000","8,915,000","9,888,000","5,112,000","9,979,000","1,039,000","9,286,000","2,240,000","8,766,000","10,045,000","11,259,000","10,494,000","10,822,000","9,318,000","7,523,000","3,330,000","5,916,000","884,000","6,073,000","-3,756,000","3,602,000","6,000,000","5,300,000","-100,000","4,600,000","2,900,000","-4,900,000","-36,200,000","5,900,000","8,300,000","7,600,000","5,200,000","6,600,000","7,900,000","6,200,000","2,600,000","6,000,000","7,000,000","7,100,000","3,100,000","6,600,000","7,400,000","8,600,000","6,500,000","7,700,000","9,000,000","8,900,000","6,400,000","6,400,000","6,700,000","6,000,000","4,500,000","4,600,000","3,900,000",
NetIncomeCommonStockholders,"-109,400,000","-2,400,000","9,600,000","-58,900,000","-57,700,000","38,100,000","-175,000,000","-154,600,000","60,600,000","106,400,000","-19,000,000","92,200,000","9,000,000","63,900,000","81,400,000","-67,500,000","36,200,000","80,800,000","73,200,000","44,500,000","-69,600,000","71,600,000","-2,617,400,000","-1,255,200,000","194,300,000","-334,600,000","-107,000,000","112,600,000","56,500,000","-94,900,000","70,200,000","96,300,000","131,900,000","48,100,000","-86,000,000","111,400,000","118,441,000","111,924,000","105,955,000","105,580,000","115,689,000","115,727,000","99,739,000","70,458,000","85,570,000","89,085,000","90,167,000","74,375,000","49,448,000","60,906,000","50,894,000","61,298,000","35,201,000","45,897,000","24,993,000","37,958,000","27,498,000","39,967,000","34,289,000","34,019,000","18,771,000","17,056,000","21,088,000","16,882,000","12,262,000","20,861,000","25,366,000","12,911,000","-6,963,000","-379,436,000","15,838,000","17,578,000","8,085,000","17,739,000","38,235,000","16,508,000","4,324,000","14,132,000","16,814,000","20,011,000","1,281,000","19,261,000","16,565,000","13,090,000","6,201,000","10,101,000","820,000","10,534,000","-8,066,000","6,375,000","11,000,000","10,000,000","-3,000,000","9,700,000","7,100,000","-12,400,000","-88,700,000","9,500,000","14,400,000","13,200,000","9,000,000","11,600,000","13,700,000","10,700,000","4,800,000","10,600,000","12,200,000","12,200,000","5,400,000","11,400,000","12,900,000","14,800,000","11,600,000","13,300,000","15,300,000","14,600,000","11,200,000","11,300,000","11,800,000","10,400,000","7,600,000","8,200,000","6,700,000",
	NetIncome,"-109,400,000","-2,400,000","9,600,000","-58,900,000","-57,700,000","38,100,000","-175,000,000","-154,600,000","60,600,000","106,400,000","-19,000,000","92,200,000","9,000,000","63,900,000","81,400,000","-67,500,000","36,200,000","80,800,000","73,200,000","44,500,000","-69,600,000","71,600,000","-2,617,400,000","-1,255,200,000","194,300,000","-334,600,000","-107,000,000","112,600,000","56,500,000","-94,900,000","70,200,000","96,300,000","131,900,000","48,100,000","-86,000,000","111,400,000","118,441,000","111,924,000","105,955,000","105,580,000","115,689,000","115,727,000","99,739,000","70,458,000","85,570,000","89,085,000","90,167,000","74,375,000","49,448,000","60,906,000","50,894,000","61,298,000","35,201,000","45,897,000","24,993,000","37,958,000","27,498,000","39,967,000","34,289,000","34,019,000","18,771,000","17,056,000","21,088,000","16,882,000","12,262,000","20,861,000","25,366,000","12,911,000","-6,963,000","-379,436,000","15,838,000","17,578,000","8,085,000","17,739,000","38,235,000","16,508,000","4,324,000","14,132,000","16,814,000","20,011,000","1,281,000","19,261,000","16,565,000","13,090,000","6,201,000","10,101,000","820,000","10,534,000","-8,066,000","6,375,000","11,000,000","10,000,000","-3,000,000","9,700,000","7,100,000","-12,400,000","-88,700,000","9,500,000","14,400,000","13,200,000","9,000,000","11,600,000","13,700,000","10,700,000","4,800,000","10,600,000","12,200,000","12,200,000","5,400,000","11,400,000","12,900,000","14,800,000","11,600,000","13,300,000","15,300,000","14,600,000","11,200,000","11,300,000","11,800,000","10,400,000","7,600,000","8,200,000","6,700,000",
		NetIncomeIncludingNoncontrollingInterests,"-109,400,000","-2,400,000","9,600,000","-58,900,000","-57,700,000","38,100,000","-175,000,000","-154,600,000","60,600,000","106,400,000","-19,000,000","92,200,000","9,000,000","63,900,000","81,400,000","-67,500,000","36,200,000","80,800,000","73,200,000","44,500,000","-69,600,000","71,600,000","-2,617,400,000","-1,255,200,000","194,300,000","-334,600,000","-107,000,000","112,600,000","56,500,000","-94,900,000","70,200,000","96,300,000","131,900,000","48,100,000","-86,000,000","111,400,000","118,441,000","111,924,000","105,955,000","105,580,000","115,689,000","115,727,000","99,739,000","70,458,000","85,570,000","89,085,000","90,167,000","74,375,000","49,448,000","60,906,000","50,894,000","61,298,000","35,201,000","45,897,000","24,993,000","37,958,000","27,498,000","39,967,000","34,289,000","34,019,000","18,771,000","17,056,000","21,088,000","16,882,000","12,262,000","20,861,000","25,366,000","12,911,000","-6,963,000","-379,436,000","15,838,000","17,578,000","8,085,000","17,739,000","38,235,000","16,508,000","4,324,000","14,132,000","16,814,000","20,011,000","1,281,000","19,261,000","16,565,000","13,090,000","6,201,000","10,101,000","820,000","10,534,000","-8,066,000","6,375,000","11,000,000","10,000,000","-3,000,000","9,700,000","7,100,000","-12,400,000","-88,700,000","9,500,000","14,400,000","13,200,000","9,000,000","11,600,000","13,700,000","10,700,000","4,800,000","10,600,000","12,200,000","12,200,000","5,400,000","11,400,000","12,900,000","14,800,000","11,600,000","13,300,000","15,300,000","14,600,000","11,200,000","11,300,000","11,800,000","10,400,000","7,600,000","8,200,000","6,700,000","6,200,000"
			NetIncomeContinuousOperations,"-135,000,000","-1,300,000","32,100,000","-53,900,000","-111,900,000","2,800,000","-175,000,000","-154,600,000","60,600,000","106,400,000","-19,000,000","92,200,000","9,000,000","63,900,000","81,400,000","-67,500,000","36,200,000","80,800,000","73,200,000","44,500,000","-69,600,000","71,600,000","-2,617,400,000","-1,255,200,000","194,300,000","-334,600,000","-107,000,000","112,600,000","56,500,000","-94,900,000","70,200,000","96,300,000","131,900,000","48,100,000","-86,000,000","111,400,000","118,441,000","111,924,000","105,955,000","105,580,000","107,050,000","115,727,000","99,739,000","70,458,000","85,570,000","91,531,000","89,779,000","73,678,000","49,698,000","60,138,000","53,236,000","61,025,000","32,280,000","46,469,000","24,993,000","37,958,000","27,498,000","39,967,000","34,289,000","34,019,000","18,771,000","17,056,000","21,088,000","16,882,000","12,262,000","20,861,000","25,366,000","12,911,000","-6,963,000","-379,436,000","15,838,000","17,578,000","8,085,000","17,739,000","38,235,000","16,508,000","4,324,000","14,132,000","16,814,000","20,011,000","1,281,000","19,261,000","16,565,000","13,090,000","6,201,000","10,101,000","820,000","10,534,000","-8,066,000","6,375,000","11,000,000","10,000,000","-3,000,000","9,700,000","7,100,000","-12,400,000","-88,700,000","9,500,000","14,400,000","13,200,000","9,000,000","11,600,000","13,700,000","10,700,000","4,800,000","10,600,000","12,200,000","12,200,000","5,400,000","11,400,000","12,900,000","14,800,000","11,600,000","13,300,000","15,300,000","14,600,000","11,200,000","11,300,000","11,800,000","10,400,000","7,600,000","8,200,000","6,700,000","6,200,000"
			NetIncomeDiscontinuousOperations,"25,600,000","-1,100,000","-22,500,000","-5,000,000","54,200,000","35,300,000",,,,,,,,,,,,,,,,,,,,,,,,,,,,,,,,,,,"8,639,000","0","0","0","0","-2,446,000","388,000","697,000","-250,000","768,000","-2,342,000","273,000","2,921,000","-572,000",,,,,,,,,,,,,,,,,,,,,,,,,,,,,,,,,,,,,,,,,,,,,,,,,,,,,,,,,,,,,,,,,,,,,,
DilutedNIAvailtoComStockholders,"-109,400,000","-2,400,000","9,600,000","-58,900,000","-57,700,000","38,100,000","-175,000,000","-154,600,000","60,600,000","106,400,000","-19,000,000","92,200,000","9,000,000","63,900,000","81,400,000","-67,500,000","36,200,000","80,800,000","73,200,000","44,500,000","-69,600,000","71,600,000","-2,617,400,000","-1,255,200,000","194,300,000","-334,600,000","-107,000,000","112,600,000","56,500,000","-94,900,000","70,200,000","96,300,000","131,900,000","48,100,000","-86,000,000","111,400,000","118,441,000","111,924,000","105,955,000","105,580,000","115,689,000","115,727,000","99,739,000","70,458,000","85,570,000","89,085,000","90,167,000","74,375,000","49,448,000","60,906,000","50,894,000","61,298,000","35,201,000","45,897,000","24,993,000","37,958,000","27,498,000","39,967,000","34,289,000","34,019,000","18,771,000","17,056,000","21,088,000","16,882,000","12,262,000","20,861,000","25,366,000","12,911,000","-6,963,000","-379,436,000","15,838,000","17,578,000","8,085,000","17,739,000","38,235,000","16,508,000","4,324,000","14,132,000","16,814,000","20,011,000","1,281,000","19,261,000","16,565,000","13,090,000","6,201,000","10,101,000","820,000","10,534,000","-8,066,000","6,375,000","11,000,000","10,000,000","-3,000,000","9,700,000","7,100,000","-12,400,000","-88,700,000","9,500,000","14,400,000","13,200,000","9,000,000","11,600,000","13,700,000","10,700,000","4,800,000","10,600,000","12,200,000","12,200,000","5,400,000","11,400,000","12,900,000","14,800,000","11,600,000","13,300,000","15,300,000","14,600,000","11,200,000","11,300,000","11,800,000","10,400,000","7,600,000","8,200,000","6,700,000",
BasicEPS,,"-0.02",,"-0.44","-0.43","0.29",,"-1.13","0.44","0.78",,"0.68","0.07","0.47",,"-0.49","0.26","0.57",,"0.31","-0.49","0.5",,"-8.76","1.36","-0.93",,"0.77","0.39","-0.67","0.52","0.72",,"0.36","-0.87","1.18",,"1.19","1.13","1.13",,"1.24","1.07","0.76",,"0.96","0.98","0.81",,"0.67","0.56","0.67",,"0.5","0.27","0.37",,"0.43","0.37","0.37",,"0.19","0.23","0.18",,"0.23","0.27","0.14",,"-5.15","0.22","0.25",,"0.25","0.55","0.24",,"0.2","0.24","0.28",,"0.26","0.23","0.18",,"0.14","0.01","0.14",,"0.09","0.15","0.14",,"0.13","0.1","-0.17",,"0.13","0.18","0.14",,"0.15","0.18","0.14",,"0.14","0.16","0.16",,"0.15","0.17","0.19",,"0.17","0.2","0.19",,"0.15","0.15","0.14",,"0.11","0.11","0.1"
DilutedEPS,,"-0.02",,"-0.44","-0.43","0.28",,"-1.13","0.44","0.77",,"0.67","0.07","0.47",,"-0.49","0.26","0.57",,"0.31","-0.49","0.5",,"-8.76","1.35","-0.93",,"0.77","0.38","-0.67","0.51","0.72",,"0.36","-0.87","1.18",,"1.18","1.12","1.12",,"1.23","1.06","0.75",,"0.95","0.97","0.8",,"0.66","0.55","0.66",,"0.49","0.27","0.36",,"0.42","0.36","0.36",,"0.18","0.23","0.18",,"0.22","0.27","0.14",,"-5.15","0.22","0.24",,"0.24","0.53","0.23",,"0.2","0.24","0.28",,"0.26","0.22","0.17",,"0.14","0.01","0.14",,"0.09","0.15","0.14",,"0.13","0.1","-0.17",,"0.13","0.18","0.14",,"0.15","0.18","0.14",,"0.14","0.16","0.16",,"0.15","0.17","0.19",,"0.17","0.2","0.19",,"0.15","0.15","0.14",,"0.11","0.11","0.1"
BasicAverageShares,,"134,000,000",,"133,800,000","133,600,000","133,200,000",,"136,500,000","136,400,000","136,200,000",,"136,000,000","136,000,000","135,900,000",,"137,400,000","138,100,000","140,800,000",,"141,300,000","143,300,000","143,400,000",,"143,300,000","143,200,000","143,200,000",,"146,300,000","146,300,000","140,800,000","136,300,000","133,900,000",,"133,700,000","98,700,000","94,200,000",,"93,989,000","93,903,000","93,607,000",,"93,330,000","93,221,000","92,900,000",,"92,459,000","92,232,000","91,824,000",,"91,179,000","91,634,000","92,044,000",,"91,967,000","92,044,000","93,142,000",,"92,854,000","93,147,000","93,142,000",,"91,643,000","91,836,000","92,168,000",,"92,683,000","92,833,000","93,188,000",,"73,660,000","71,206,000","70,948,000",,"70,296,000","69,967,000","70,040,000",,"69,337,000","69,273,000","70,719,000",,"74,080,769","72,021,739","72,722,222",,"72,150,000","82,000,000","75,242,857",,"73,367,000","73,333,333","71,428,571",,"74,615,385","71,000,000","72,941,176",,"73,076,923","80,000,000","94,285,714",,"77,333,333","76,111,111","76,428,571",,"75,714,286","76,250,000","76,250,000",,"76,000,000","75,882,353","77,894,737",,"78,235,294","76,500,000","76,842,105",,"75,333,333","78,666,667","74,285,714",,"74,545,455","60,909,091","70,424,000"
DilutedAverageShares,,"134,000,000",,"133,800,000","133,600,000","134,600,000",,"136,500,000","137,500,000","137,300,000",,"136,800,000","136,500,000","136,200,000",,"137,400,000","138,700,000","141,400,000",,"141,700,000","143,300,000","143,600,000",,"143,300,000","143,600,000","143,200,000",,"146,900,000","146,800,000","140,800,000","136,800,000","134,400,000",,"134,300,000","98,700,000","94,700,000",,"94,519,000","94,450,000","94,335,000",,"94,124,000","94,043,000","93,953,000",,"93,549,000","93,363,000","93,269,000",,"92,589,000","92,999,000","93,396,000",,"93,153,000","93,587,000","94,884,000",,"94,955,000","95,283,000","94,884,000",,"93,298,000","93,506,000","93,521,000",,"94,044,000","93,963,000","94,314,000",,"73,660,000","73,285,000","73,043,000",,"72,598,000","71,500,000","71,809,000",,"70,601,000","70,394,000","72,136,000",,"74,080,769","75,295,455","77,000,000",,"72,150,000","82,000,000","75,242,857",,"73,537,000","73,333,333","71,428,571",,"74,615,385","71,000,000","72,941,176",,"73,076,923","80,000,000","94,285,714",,"77,333,333","76,111,111","76,428,571",,"75,714,286","76,250,000","76,250,000",,"76,000,000","75,882,353","77,894,737",,"78,235,294","76,500,000","76,842,105",,"75,333,333","78,666,667","74,285,714",,"74,545,455","60,909,091","70,424,000"
TotalOperatingIncomeAsReported,"380,700,000","21,700,000","46,700,000","438,300,000","-125,900,000","51,400,000","-52,200,000","-95,500,000","117,400,000","145,700,000","-6,900,000","54,400,000","55,000,000","102,300,000","107,500,000","-122,000,000","94,700,000","156,300,000","158,600,000","162,400,000","148,800,000","128,500,000","-419,000,000","-1,515,200,000","238,300,000","-303,800,000","-94,100,000","188,600,000","227,000,000","199,200,000","184,400,000","137,200,000","197,500,000","103,300,000","86,600,000","179,700,000","180,064,000","178,606,000","163,857,000","156,573,000","160,936,000","146,070,000","160,668,000","101,552,000","123,286,000","122,913,000","132,239,000","111,767,000","77,551,000","87,307,000","84,468,000","86,569,000","55,524,000","71,897,000","60,674,000","58,681,000","41,837,000","95,125,000","48,840,000","46,049,000","22,921,000","23,531,000","26,387,000","25,712,000","20,939,000","30,355,000","39,309,000","20,729,000","-5,419,000","-375,829,000","24,149,000","26,626,000","12,269,000","26,512,000","38,770,000","25,345,000","6,579,000","22,525,000","26,345,000","31,062,000","10,916,000","29,863,000","25,770,000","20,450,000","8,605,000","14,330,000","20,486,000","16,433,000","-15,503,000","9,987,000","18,900,000","17,800,000","-1,600,000","19,300,000","13,500,000","-13,100,000","-128,500,000","17,700,000","25,600,000","22,800,000","14,000,000","18,600,000","22,100,000","19,500,000","1,900,000","19,800,000","22,900,000","23,600,000","10,300,000","19,600,000","21,200,000","24,400,000","18,900,000","21,900,000","25,100,000","24,300,000","18,400,000","18,500,000","19,300,000","17,200,000","13,400,000","14,400,000","13,700,000",
TotalExpenses,"3,630,600,000","1,049,200,000","1,042,100,000","599,900,000","939,400,000","956,900,000","1,195,700,000","1,106,000,000","1,100,600,000","1,195,300,000","1,188,500,000","1,120,600,000","1,054,000,000","1,058,800,000","1,089,000,000","1,015,300,000","1,086,300,000","1,059,200,000","1,118,100,000","1,057,300,000","1,049,600,000","1,014,600,000","963,500,000","1,183,600,000","1,256,700,000","1,214,600,000","1,278,600,000","1,153,900,000","1,304,800,000","848,800,000","884,900,000","812,600,000","936,200,000","881,400,000","871,500,000","751,600,000","775,242,000","741,219,000","719,102,000","613,237,000","669,157,000","624,866,000","677,502,000","623,743,000","569,716,000","557,735,000","585,276,000","529,555,000","534,795,000","443,525,000","484,700,000","441,432,000","438,038,000","434,005,000","500,524,000","421,555,000","456,400,000","405,448,000","386,643,000","336,691,000","351,444,000","330,199,000","343,600,000","314,503,000","325,284,000","301,966,000","320,388,000","299,005,000","-56,843,000","589,540,000","227,599,000","201,093,000","200,296,000","204,228,000","206,324,000","184,460,000","176,056,000","180,091,000","201,176,000","182,153,000","166,015,000","168,628,000","200,878,000","196,666,000","169,592,000","171,337,000","170,396,000","176,900,000","165,953,000","171,507,000","178,300,000","191,600,000","189,400,000","232,100,000","212,600,000","225,400,000","342,900,000","206,000,000","215,100,000","201,000,000","182,200,000","196,000,000","199,600,000","192,700,000","173,700,000","176,500,000","178,100,000","181,500,000","164,100,000","165,700,000","153,500,000","158,300,000","139,300,000","141,700,000","149,300,000","148,800,000","126,300,000","123,700,000","121,700,000","125,700,000","95,400,000","106,400,000","79,300,000",
NetIncomeFromContinuingAndDiscontinuedOperation,"-109,400,000","-2,400,000","9,600,000","-58,900,000","-57,700,000","38,100,000","-175,000,000","-154,600,000","60,600,000","106,400,000","-19,000,000","92,200,000","9,000,000","63,900,000","81,400,000","-67,500,000","36,200,000","80,800,000","73,200,000","44,500,000","-69,600,000","71,600,000","-2,617,400,000","-1,255,200,000","194,300,000","-334,600,000","-107,000,000","112,600,000","56,500,000","-94,900,000","70,200,000","96,300,000","131,900,000","48,100,000","-86,000,000","111,400,000","118,441,000","111,924,000","105,955,000","105,580,000","115,689,000","115,727,000","99,739,000","70,458,000","85,570,000","89,085,000","90,167,000","74,375,000","49,448,000","60,906,000","50,894,000","61,298,000","35,201,000","45,897,000","24,993,000","37,958,000","27,498,000","39,967,000","34,289,000","34,019,000","18,771,000","17,056,000","21,088,000","16,882,000","12,262,000","20,861,000","25,366,000","12,911,000","-6,963,000","-379,436,000","15,838,000","17,578,000","8,085,000","17,739,000","38,235,000","16,508,000","4,324,000","14,132,000","16,814,000","20,011,000","1,281,000","19,261,000","16,565,000","13,090,000","6,201,000","10,101,000","820,000","10,534,000","-8,066,000","6,375,000","11,000,000","10,000,000","-3,000,000","9,700,000","7,100,000","-12,400,000","-88,700,000","9,500,000","14,400,000","13,200,000","9,000,000","11,600,000","13,700,000","10,700,000","4,800,000","10,600,000","12,200,000","12,200,000","5,400,000","11,400,000","12,900,000","14,800,000","11,600,000","13,300,000","15,300,000","14,600,000","11,200,000","11,300,000","11,800,000","10,400,000","7,600,000","8,200,000","6,700,000",
NormalizedIncome,"-19,860,000","860,000","43,853,000","-50,615,000","7,431,200","4,041,000","47,322,286.263","-7,870,000","59,756,000","104,915,200","81,448,000","105,187,600","34,185,000","66,267,000","-9,193,000","73,489,500","39,344,000","89,279,600","77,460,000","53,020,000","70,817,200","96,848,600","47,756,548.938","92,872,800","184,248,000","106,049,600","59,077,220.077","114,474,400","56,920,000","-93,883,544.304","80,148,000","97,806,200","140,258,177.429","72,797,400","46,183,600","112,886,800","127,204,487.842","113,047,992","108,177,721","105,533,500","108,826,997.367","117,342,283.15","100,258,866.422","70,639,795.342","85,809,186.742","90,919,716.348","90,244,225.67","73,275,159.577","55,331,705.721","64,610,966.132","61,705,122.15","61,811,705.688","40,876,881.77","47,314,275.125","35,922,358.646","38,040,799.127","29,325,069.235","42,544,123.616","33,568,808.367","33,073,783.639","16,602,577.551","22,296,280.579","19,743,426.79","16,833,394.629","18,035,513.313","19,265,340.728","25,366,000","12,911,000","-8,415,642.559","-142,446,800","15,838,000","17,578,000","8,085,000","17,739,000","38,235,000","16,508,000","4,324,000","14,132,000","16,814,000","18,009,260.058","-797,400","14,258,633.447","17,874,430.514","13,090,000","5,924,489.141","9,761,714.366","12,665,800","10,534,000","-8,066,000","6,375,000","11,000,000","10,000,000","-3,000,000","11,056,643.357","7,597,000","-11,683,236.994","-88,700,000","10,548,701.299","15,732,158.59","14,278,846.154","9,000,000","11,600,000","13,700,000","11,839,644.97","4,800,000","11,749,397.59","13,470,833.333","13,906,735.751","5,400,000","11,400,000","12,900,000","14,800,000","11,600,000","13,300,000","15,300,000","14,600,000","11,200,000","11,300,000","11,800,000","10,400,000","7,600,000","8,200,000","6,700,000",
InterestIncome,,,,,,,,,,,,,,,,,,,,,,,,,,,,,,,,,,,,,,,,"1,275,000",,,,,,,,,,,,,,"5,468,000",,,,,,,,,,,,,,,,,,,,,,,,,,,,,,,,,,,,,,,,,,,,,,,,,,,,,,,,,,,,,,,,,,,,,,
InterestExpense,"128,800,000","35,800,000","30,500,000","30,900,000","31,600,000","32,000,000","27,400,000","34,000,000","33,400,000","30,200,000",,,,,,,,,,,,,,,,,,,,,,,,,,,,,,"17,128,000","15,874,000","16,651,000","15,641,000","12,570,000","10,594,000","10,915,000",,"10,087,000","10,575,000","5,989,000","5,551,000","6,663,000","-12,130,000","12,434,000",,"5,846,000",,,,,"4,484,000",,"3,300,000",,,,,,,,,,,,,,,,,,,,,,,,,,,,,,,,,"3,200,000",,,,,,,,"700,000",,,,,,,,,,,,,,"900,000",,,,,,
NetInterestIncome,"-128,800,000","-35,800,000","-30,500,000","-30,900,000","-31,600,000","-32,000,000","-27,400,000","-34,000,000","-33,400,000","-30,200,000","-31,300,000","-30,500,000","-31,200,000","-28,600,000","-32,800,000","-31,700,000","-32,100,000","-31,400,000","-35,000,000","-34,700,000","-45,100,000","-53,300,000","-53,400,000","-54,600,000","-57,400,000","-51,200,000","-46,500,000","-43,400,000","-46,000,000","-43,300,000","-30,800,000","-25,900,000","-26,200,000","-26,200,000","-29,700,000","-21,400,000","-18,563,000","-16,070,000","-15,314,000","-15,853,000","-15,874,000","-16,651,000","-15,641,000","-12,570,000","-10,594,000","-10,915,000","10,716,000","-10,087,000","-10,575,000","-5,989,000","-5,551,000","-6,663,000","-6,689,000","-6,966,000",,"-5,846,000",,,,,"-4,484,000",,"-3,300,000",,,,"675,000",,"-3,209,000",,,,,"1,206,000","504,000","449,000",,,,,"859,000",,,,,,"961,000",,,,,,,,,"-3,200,000",,,,,,,,"-700,000",,,,,,,,,,,,,,"-900,000",,,,,,
EBIT,"357,500,000","22,800,000","40,400,000","419,800,000","-125,500,000","49,000,000","-180,800,000","-93,700,000","105,200,000","144,900,000","134,300,000","70,500,000","95,000,000","115,700,000","106,200,000","117,800,000","100,100,000","157,800,000","165,000,000","174,000,000","188,300,000","179,400,000","98,000,000","171,300,000","224,300,000","168,600,000","146,200,000","190,800,000","226,800,000","200,300,000","186,800,000","138,900,000","208,000,000","122,800,000","107,500,000","181,800,000","191,964,000","178,606,000","163,857,000","157,910,000","160,214,000","151,272,000","159,916,000","101,323,000","124,002,000","123,666,000","132,239,000","112,326,000","77,063,000","88,634,000","85,715,000","85,552,000","38,001,000","76,205,000","60,953,000","58,681,000","43,801,000","98,259,000","48,840,000","46,049,000","22,852,000","32,089,000","27,029,000","25,712,000","29,785,000","30,355,000","39,309,000","20,729,000","381,381,000","-369,447,000","24,149,000","26,626,000","12,269,000","26,512,000","38,770,000","25,345,000","6,579,000","22,525,000","26,345,000","31,062,000","16,006,000","29,863,000","27,816,000","20,450,000","7,725,000","20,619,000","20,486,000","16,433,000","-15,503,000","9,987,000","18,900,000","17,800,000","-1,600,000","19,300,000","13,500,000","-13,100,000","-128,500,000","17,700,000","25,600,000","22,800,000","14,000,000","18,600,000","22,100,000","19,500,000","1,900,000","19,800,000","22,900,000","23,600,000","10,300,000","19,600,000","21,200,000","24,400,000","18,900,000","21,900,000","25,100,000","24,300,000","18,400,000","18,500,000","19,300,000","17,200,000","13,400,000","14,400,000","13,700,000","87,100,000"
EBITDA,"648,800,000"
ReconciledCostOfRevenue,"2,817,600,000","736,700,000","742,500,000","706,300,000","632,100,000","641,600,000","820,300,000","785,600,000","784,400,000","857,800,000","842,000,000","778,300,000","718,200,000","725,700,000","752,200,000","708,300,000","715,400,000","724,300,000","770,300,000","733,500,000","733,300,000","729,600,000","606,100,000","848,600,000","913,800,000","860,300,000","865,500,000","795,900,000","903,400,000","670,300,000","687,900,000","629,700,000","728,400,000","689,200,000","618,300,000","577,100,000","611,001,000","588,464,000","575,794,000","484,541,000","537,896,000","498,744,000","543,295,000","497,716,000","462,295,000","452,481,000","468,015,000","427,368,000","420,184,000","352,440,000","386,223,000","364,007,000","344,356,000","356,310,000","407,174,000","336,021,000","355,267,000","345,761,000","305,071,000","266,022,000","265,822,000","262,079,000","272,304,000","245,598,000","247,092,000","235,043,000","254,127,000","232,818,000","258,879,000","157,132,000","184,692,000","163,006,000","143,115,000","164,108,000","171,198,000","151,819,000","137,405,000","143,910,000","163,225,000","151,536,000","137,420,000","143,333,000","167,439,000","166,227,000","157,396,000","138,183,000","133,197,000","140,218,000","125,387,000","144,698,000","143,200,000","153,800,000","144,900,000","188,700,000","165,800,000","171,400,000","157,700,000","159,800,000","166,900,000","157,000,000","136,200,000","149,400,000","151,800,000","149,600,000","106,300,000","137,900,000","139,800,000","143,200,000","123,600,000","130,300,000","119,900,000","122,800,000","108,600,000","110,300,000","119,000,000","118,300,000","98,700,000","97,200,000","96,300,000","97,900,000","72,500,000","83,400,000","63,200,000",
ReconciledDepreciation,"291,300,000","69,500,000","73,400,000","73,500,000","74,900,000","90,400,000","100,100,000","96,900,000","94,700,000","93,100,000","103,000,000","102,000,000","94,900,000","96,600,000","99,600,000","106,200,000","108,300,000","109,500,000","111,700,000","112,300,000","111,400,000","109,400,000","-99,300,000","187,000,000","186,800,000","182,500,000","152,600,000","175,400,000","167,300,000","127,800,000","127,100,000","126,600,000","121,300,000","127,200,000","62,700,000","47,700,000","47,383,000","42,878,000","36,515,000","33,424,000","33,611,000","34,607,000","32,385,000","34,720,000","26,684,000","25,887,000","26,934,000","23,436,000","22,460,000","17,766,000","18,170,000","17,737,000","19,236,000","16,544,000","17,595,000","16,767,000","18,409,000","19,839,000","15,413,000","15,570,000","16,035,000","14,316,000","14,179,000","13,502,000","14,449,000","15,402,000","12,457,000","14,296,000","11,252,000","8,047,000","8,422,000","7,092,000","7,182,000","6,903,000","7,336,000","7,031,000","6,349,000","6,272,000","6,693,000","6,812,000","7,645,000","5,656,000","5,504,000","6,808,000","4,967,000","6,289,000","5,590,000","6,176,000","5,258,000","5,987,000","5,600,000","5,400,000","4,600,000","4,900,000","6,000,000","5,600,000","6,900,000","7,700,000","7,500,000","7,300,000","6,900,000","7,300,000","7,200,000","7,200,000","6,800,000","7,000,000","6,800,000","6,600,000","6,500,000","6,300,000","5,400,000","5,500,000","4,800,000","4,800,000","4,700,000","4,600,000","4,200,000","4,000,000","3,600,000","3,600,000","4,000,000","3,500,000","2,200,000",
NetIncomeFromContinuingOperationNetMinorityInterest,"-135,000,000","-1,300,000","32,100,000","-53,900,000","-111,900,000","2,800,000","-175,000,000","-154,600,000","60,600,000","106,400,000","-19,000,000","92,200,000","9,000,000","63,900,000","81,400,000","-67,500,000","36,200,000","80,800,000","73,200,000","44,500,000","-69,600,000","71,600,000","-2,617,400,000","-1,255,200,000","194,300,000","-334,600,000","-107,000,000","112,600,000","56,500,000","-94,900,000","70,200,000","96,300,000","131,900,000","48,100,000","-86,000,000","111,400,000","118,441,000","111,924,000","105,955,000","105,580,000","107,050,000","115,727,000","99,739,000","70,458,000","85,570,000","91,531,000","89,779,000","73,678,000","49,698,000","60,138,000","53,236,000","61,025,000","32,280,000","46,469,000","24,993,000","37,958,000","27,498,000","39,967,000","34,289,000","34,019,000","18,771,000","17,056,000","21,088,000","16,882,000","12,262,000","20,861,000","25,366,000","12,911,000","-6,963,000","-379,436,000","15,838,000","17,578,000","8,085,000","17,739,000","38,235,000","16,508,000","4,324,000","14,132,000","16,814,000","20,011,000","1,281,000","19,261,000","16,565,000","13,090,000","6,201,000","10,101,000","820,000","10,534,000","-8,066,000","6,375,000","11,000,000","10,000,000","-3,000,000","9,700,000","7,100,000","-12,400,000","-88,700,000","9,500,000","14,400,000","13,200,000","9,000,000","11,600,000","13,700,000","10,700,000","4,800,000","10,600,000","12,200,000","12,200,000","5,400,000","11,400,000","12,900,000","14,800,000","11,600,000","13,300,000","15,300,000","14,600,000","11,200,000","11,300,000","11,800,000","10,400,000","7,600,000","8,200,000","6,700,000",
TotalUnusualItemsExcludingGoodwill,"-191,900,000","-3,600,000","-16,100,000","-4,500,000","-167,600,000","-1,700,000","-264,500,000","-201,000,000","1,000,000","1,600,000","-137,600,000","-13,700,000","-34,500,000","-3,000,000","124,100,000","-164,900,000","-4,800,000","-11,600,000","-7,100,000","-14,200,000","-213,400,000","-33,800,000","-3,125,200,000","-1,687,200,000","14,000,000","-472,800,000","-241,200,000","-2,200,000","-700,000","-1,100,000","-12,000,000","-1,700,000","-10,500,000","-32,200,000","-186,700,000","-2,100,000","-11,943,000","-1,608,000","-3,049,000","62,000","-2,396,000","-1,879,000","-752,000","-229,000","-317,000","753,000","-633,000","559,000","-7,537,000","-6,147,000","-12,753,000","-1,017,000","-13,351,000","-1,160,000","-16,274,000","-115,000","-2,404,000","-3,582,000","969,000","1,183,000","2,399,000","-6,684,000","1,616,000","61,000","-8,382,000","2,310,000",,,"1,800,000","-394,982,000",,,,,,,"0",,,"3,128,000","3,464,000","7,813,000","-2,046,000",,"425,000","538,000","-19,743,000",,,,,,,"-2,000,000","-700,000","-1,000,000",,"-1,700,000","-2,100,000","-1,700,000",,,,"-1,800,000",,"-1,800,000","-2,000,000","-2,700,000",,,,,,,,,,,,,,,,
TotalUnusualItems,"-191,900,000","-3,600,000","-16,100,000","-4,500,000","-167,600,000","-1,700,000","-264,500,000","-201,000,000","1,000,000","1,600,000","-137,600,000","-13,700,000","-34,500,000","-3,000,000","124,100,000","-164,900,000","-4,800,000","-11,600,000","-7,100,000","-14,200,000","-213,400,000","-33,800,000","-3,125,200,000","-1,687,200,000","14,000,000","-472,800,000","-241,200,000","-2,200,000","-700,000","-1,100,000","-12,000,000","-1,700,000","-10,500,000","-32,200,000","-186,700,000","-2,100,000","-11,943,000","-1,608,000","-3,049,000","62,000","-2,396,000","-1,879,000","-752,000","-229,000","-317,000","753,000","-633,000","559,000","-7,537,000","-6,147,000","-12,753,000","-1,017,000","-13,351,000","-1,160,000","-16,274,000","-115,000","-2,404,000","-3,582,000","969,000","1,183,000","2,399,000","-6,684,000","1,616,000","61,000","-8,382,000","2,310,000",,,"1,800,000","-394,982,000",,,,,,,"0",,,"3,128,000","3,464,000","7,813,000","-2,046,000",,"425,000","538,000","-19,743,000",,,,,,,"-2,000,000","-700,000","-1,000,000",,"-1,700,000","-2,100,000","-1,700,000",,,,"-1,800,000",,"-1,800,000","-2,000,000","-2,700,000",,,,,,,,,,,,,,,,
NormalizedEBITDA,"840,700,000","95,900,000","129,900,000","497,800,000","117,000,000","141,100,000","183,800,000","204,200,000","198,900,000","236,400,000","374,900,000","186,200,000","224,400,000","215,300,000","81,700,000","388,900,000","213,200,000","278,900,000","283,800,000","300,500,000","513,100,000","322,600,000","3,223,200,000","2,045,500,000","397,100,000","823,900,000","540,000,000","368,400,000","394,800,000","329,200,000","325,900,000","267,200,000","339,800,000","282,200,000","356,900,000","231,600,000","251,290,000","223,092,000","203,421,000","191,272,000","196,221,000","187,758,000","193,053,000","136,272,000","151,003,000","148,800,000","159,806,000","135,203,000","107,060,000","112,547,000","116,638,000","104,306,000","70,588,000","93,909,000","94,822,000","75,563,000","64,614,000","121,680,000","63,284,000","60,436,000","36,488,000","53,089,000","39,592,000","39,153,000","52,616,000","43,447,000","51,766,000","35,025,000","390,833,000","33,582,000","32,571,000","33,718,000","19,451,000","33,415,000","46,106,000","32,376,000","12,928,000","28,797,000","33,038,000","34,746,000","20,187,000","27,706,000","35,366,000","27,258,000","12,267,000","26,370,000","45,819,000","22,609,000","-10,245,000","15,974,000","24,500,000","23,200,000","3,000,000","26,200,000","20,200,000","-6,500,000","-121,600,000","27,100,000","35,200,000","31,800,000","20,900,000","25,900,000","29,300,000","28,500,000","8,700,000","28,600,000","31,700,000","32,900,000","16,800,000","25,900,000","26,700,000","29,900,000","23,700,000","26,700,000","29,800,000","28,900,000","22,600,000","22,500,000","22,900,000","20,800,000","17,400,000","17,900,000","15,900,000","87,100,000"
TaxRateForCalcs,"0.4","0.4","0.27","0.27","0.288","0.27","0.159","0.27","0.156","0.072","0.27","0.052","0.27","0.211","0.27","0.145","0.345","0.269","0.4","0.4","0.342","0.253","0.147","0.201","0.282","0.068","0.311","0.148","0.4","0.076","0.171","0.114","0.204","0.233","0.292","0.292","0.266","0.301","0.271","0.25","0.258","0.14","0.309","0.206","0.245","0.188","0.265","0.279","0.253","0.272","0.336","0.226","0.356","0.271","0.328","0.28","0.24","0.281","0.257","0.201","0.096","0.216","0.168","0.203","0.311","0.309","0.366","0.281","0.193","0.4","0.36","0.36","0.387","0.36","0.026","0.36","0.341","0.383","0.374","0.36","0.4","0.36","0.36","0.365","0.349","0.369","0.4","0.366","0.318","0.361","0.353","0.346","0.032","0.322","0.29","0.283","0.29","0.383","0.366","0.365","0.366","0.363","0.366","0.367","0.351","0.361","0.365","0.368","0.365","0.367","0.365","0.368","0.359","0.367","0.37","0.379","0.364","0.362","0.362","0.366","0.372","0.359","0.368",
TaxEffectOfUnusualItems,"-76,760,000","-1,440,000","-4,347,000","-1,215,000","-48,268,800","-459,000","-42,177,713.737","-54,270,000","156,000","115,200","-37,152,000","-712,400","-9,315,000","-633,000","33,507,000","-23,910,500","-1,656,000","-3,120,400","-2,840,000","-5,680,000","-72,982,800","-8,551,400","-460,043,451.062","-339,127,200","3,948,000","-32,150,400","-75,122,779.923","-325,600","-280,000","-83,544.304","-2,052,000","-193,800","-2,141,822.571","-7,502,600","-54,516,400","-613,200","-3,179,512.158","-484,008","-826,279","15,500","-619,002.633","-263,716.85","-232,133.578","-47,204.658","-77,813.258","141,716.348","-167,774.33","156,159.577","-1,903,294.279","-1,674,033.868","-4,283,877.85","-230,294.312","-4,754,118.23","-314,724.875","-5,344,641.354","-32,200.873","-576,930.765","-1,004,876.384","248,808.367","237,783.639","230,577.551","-1,443,719.421","271,426.79","12,394.629","-2,608,486.687","714,340.728","0","0","347,357.441","-157,992,800","0","0","0","0","0","0","0","0","0","1,126,260.058","1,385,600","2,810,633.447","-736,569.486","0","148,489.141","198,714.366","-7,897,200","0","0","0","0","0","0","-643,356.643","-203,000","-283,236.994","0","-651,298.701","-767,841.41","-621,153.846","0","0","0","-660,355.03","0","-650,602.41","-729,166.667","-993,264.249","0","0","0","0","0","0","0","0","0","0","0","0","0","0","0",