name,ttm,03/31/2022,12/31/2021,09/30/2021,06/30/2021,03/31/2021,12/31/2020,09/30/2020,06/30/2020,03/31/2020,12/31/2019,09/30/2019,06/30/2019,03/31/2019,12/31/2018,09/30/2018,06/30/2018,03/31/2018,12/31/2017,09/30/2017,06/30/2017,03/31/2017,12/31/2016,09/30/2016,06/30/2016,03/31/2016,12/31/2015,09/30/2015,06/30/2015,03/31/2015,12/31/2014,09/30/2014,06/30/2014,03/31/2014,12/31/2013,09/30/2013,06/30/2013,03/31/2013,12/31/2012,09/30/2012,06/30/2012,03/31/2012,12/31/2011,09/30/2011,06/30/2011,03/31/2011,12/31/2010,09/30/2010,06/30/2010,03/31/2010,12/31/2009,09/30/2009,06/30/2009,03/31/2009,12/31/2008,09/30/2008,06/30/2008,03/31/2008,12/31/2007,09/30/2007,06/30/2007,03/31/2007,12/31/2006,09/30/2006,06/30/2006,03/31/2006,12/31/2005,09/30/2005,06/30/2005,03/31/2005,12/31/2004,09/30/2004,06/30/2004,03/31/2004
TotalRevenue,"603,691,000","166,053,000","138,256,000","141,846,000","157,536,000","144,802,000","119,730,000","117,406,000","118,930,000","87,818,000","62,959,000","69,273,000","73,687,000","74,739,000","64,646,000","69,463,000","76,973,000","78,385,000","68,518,000","73,807,000","80,208,000","80,833,000","71,195,000","73,515,000","78,055,000","80,806,000","67,593,000","70,648,000","76,462,000","76,388,000","70,568,000","67,965,000","76,947,000","68,028,000","59,735,000","61,724,000","67,889,000","65,405,000","62,848,000","73,014,000","80,719,000","87,436,000","77,233,000","78,593,000","84,268,000","86,978,000","80,449,000","72,349,000","53,188,000","56,291,000","45,776,000","47,043,000","43,805,000","39,664,000","33,756,000","36,554,000","43,105,000","40,009,000","37,315,000","37,787,000","42,112,000","43,743,000","36,546,000","27,838,000","27,838,000","27,838,000","15,719,000","14,660,000","14,660,000","14,660,000","10,164,000","10,165,000","10,165,000","10,165,000"
	OperatingRevenue,"603,691,000","166,053,000","138,256,000","141,846,000","157,536,000","144,802,000","119,730,000","117,406,000","118,930,000","87,818,000","62,959,000","69,273,000","73,687,000","74,739,000","64,646,000","69,463,000","76,973,000","78,385,000","68,518,000","73,807,000","80,208,000","80,833,000","71,195,000","73,515,000","78,055,000","80,806,000","67,593,000","70,648,000","76,462,000","76,388,000","70,568,000","67,965,000","76,947,000","68,028,000","59,735,000","61,724,000","67,889,000","65,405,000","62,848,000","73,014,000","80,719,000","87,436,000","77,233,000","78,593,000","84,268,000","86,978,000","80,449,000","72,349,000","53,188,000","56,291,000","45,776,000","47,043,000","43,805,000","39,664,000","33,756,000","36,554,000","43,105,000","40,009,000","37,315,000","37,787,000","42,112,000","43,743,000","36,546,000","27,838,000","27,838,000","27,838,000","15,719,000","14,660,000","14,660,000","14,660,000","10,164,000","10,165,000","10,165,000","10,165,000"
CostOfRevenue,"394,420,000","104,891,000","90,829,000","94,513,000","104,187,000","95,628,000","78,093,000","74,285,000","78,101,000","58,039,000","41,771,000","48,130,000","51,924,000","54,610,000","49,914,000","50,418,000","55,488,000","54,926,000","47,766,000","51,930,000","56,964,000","57,046,000","49,673,000","51,101,000","54,301,000","56,214,000","47,547,000","49,606,000","55,594,000","54,910,000","51,653,000","49,551,000","56,527,000","47,327,000","42,260,000","43,817,000","48,876,000","45,667,000","45,072,000","50,121,000","56,378,000","60,808,000","53,408,000","54,248,000","55,854,000","56,562,000","53,051,000","48,342,000","34,791,000","36,484,000","29,310,000","30,144,000","27,937,000","25,024,000","21,607,000","24,485,000","28,518,000","26,259,000","24,635,000","24,096,000","28,327,000","30,074,000","24,794,000","17,926,000",,,,,,,,,,
GrossProfit,"209,271,000","61,162,000","47,427,000","47,333,000","53,349,000","49,174,000","41,637,000","43,121,000","40,829,000","29,779,000","21,188,000","21,143,000","21,763,000","20,129,000","14,732,000","19,045,000","21,485,000","23,459,000","20,752,000","21,877,000","23,244,000","23,787,000","21,522,000","22,414,000","23,754,000","24,592,000","20,046,000","21,042,000","20,868,000","21,478,000","18,915,000","18,414,000","20,420,000","20,701,000","17,475,000","17,907,000","19,013,000","19,738,000","17,776,000","22,893,000","24,341,000","26,628,000","23,825,000","24,345,000","28,414,000","30,416,000","27,398,000","24,007,000","18,397,000","19,807,000","16,466,000","16,899,000","15,868,000","14,640,000","12,149,000","12,069,000","14,587,000","13,750,000","12,680,000","13,691,000","13,785,000","13,669,000","11,752,000","9,912,000",,,,,,,,,,
OperatingExpense,"213,493,000","58,771,000","52,041,000","51,668,000","51,013,000","51,672,000","44,897,000","41,389,000","38,653,000","30,132,000","23,329,000","22,601,000","22,968,000","23,575,000","21,255,000","19,624,000","20,998,000","21,850,000","20,163,000","20,545,000","21,735,000","22,582,000","21,965,000","22,498,000","22,889,000","23,410,000","20,754,000","21,264,000","21,975,000","21,496,000","21,167,000","20,630,000","22,359,000","20,206,000","18,512,000","19,153,000","22,278,000","22,880,000","23,074,000","25,441,000","25,372,000","27,114,000","27,258,000","29,561,000","30,645,000","30,393,000","29,979,000","25,987,000","17,739,000","17,332,000","15,210,000","15,571,000","14,796,000","14,047,000","18,756,000","13,138,000","34,928,000","15,461,000","19,435,000","12,556,000","13,045,000","12,996,000","11,412,000","7,424,000",,,,,,,,,,
	SellingGeneralAndAdministration,,,,,,,,,,,"23,304,000","22,576,000","22,943,000","16,612,000","40,607,000","13,509,000","14,559,000","20,715,000","18,976,000","19,335,000","20,487,000","21,197,000","20,276,000","20,818,000","21,330,000","22,013,000","19,465,000","19,857,000","20,610,000","20,093,000","19,838,000","19,296,000","20,969,000","18,974,000","17,337,000","17,863,000","20,855,000","21,259,000","21,449,000","23,520,000","23,331,000","25,238,000","25,170,000","27,547,000","27,365,000","26,828,000","26,278,000","23,403,000","17,615,000","17,211,000","18,503,000","14,408,000","14,643,000","13,680,000","15,947,000","11,732,000","13,600,000","12,678,000","16,743,000","10,021,000","10,438,000","10,942,000","8,923,000","6,912,000",,,,,,,,,,
		GeneralAndAdministrativeExpense,,,,,,,,,,,"12,986,000","11,542,000","11,622,000","4,944,000","31,538,000","4,297,000","4,741,000","10,733,000","9,721,000","9,859,000","10,239,000","10,883,000","10,045,000","10,030,000","10,284,000","10,523,000","8,870,000","9,173,000","9,462,000","9,241,000","9,186,000","9,018,000","10,006,000","8,859,000","8,054,000","8,478,000","9,669,000","10,068,000","9,370,000","10,611,000","10,353,000","11,788,000","11,338,000","13,545,000","12,999,000","13,243,000","13,017,000","12,258,000","10,477,000","9,998,000","12,451,000","8,057,000","8,963,000","8,345,000",,,,,,,,,,,,,,,,,,,,
			OtherGandA,,,,,,,,,,,"12,986,000","11,542,000","11,622,000","4,944,000","31,538,000","4,297,000","4,741,000","10,733,000","9,721,000","9,859,000","10,239,000","10,883,000","10,045,000","10,030,000","10,284,000","10,523,000","8,870,000","9,173,000","9,462,000","9,241,000","9,186,000","9,018,000","10,006,000","8,859,000","8,054,000","8,478,000","9,669,000","10,068,000","9,370,000","10,611,000","10,353,000","11,788,000","11,338,000","13,545,000","12,999,000","13,243,000","13,017,000","12,258,000","10,477,000","9,998,000","12,451,000","8,057,000","8,963,000","8,345,000",,,,,,,,,,,,,,,,,,,,
		SellingAndMarketingExpense,,,,,,,,,,,"10,318,000","11,034,000","11,321,000","11,668,000","9,069,000","9,212,000","9,818,000","9,982,000","9,255,000","9,476,000","10,248,000","10,314,000","10,231,000","10,788,000","11,046,000","11,490,000","10,595,000","10,684,000","11,148,000","10,852,000","10,652,000","10,278,000","10,963,000","10,115,000","9,283,000","9,385,000","11,186,000","11,191,000","12,079,000","12,909,000","12,978,000","13,450,000","13,832,000","14,002,000","14,366,000","13,585,000","13,261,000","11,145,000","7,138,000","7,213,000","6,052,000","6,351,000","5,680,000","5,335,000",,,,,,,,,,,,,,,,,,,,
	ResearchAndDevelopment,,,,,,,,,,,,,,,,,"998,000","1,088,000","1,139,000","1,163,000","1,136,000","1,273,000","1,568,000","1,560,000","1,438,000","1,277,000","1,170,000","1,292,000","1,250,000","1,288,000","1,223,000","1,228,000","1,264,000","1,148,000","1,093,000","1,204,000","1,316,000","1,515,000","1,448,000","1,590,000","1,700,000","1,536,000","1,743,000","1,676,000","1,917,000","1,938,000","2,061,000","1,665,000",,"1,018,000",,"1,103,000",,,,"1,041,000","787,000","684,000","593,000","438,000","507,000",,"434,000","300,000",,,,,,,,,,
	DepreciationAmortizationDepletionIncomeStatement,,,,,,,,,,,"25,000","25,000","25,000","25,000","45,000","46,000","47,000","47,000","48,000","47,000","112,000","112,000","121,000","120,000","121,000","120,000","119,000","115,000","115,000","115,000","106,000","106,000","126,000","84,000","82,000","86,000","107,000","106,000","177,000","331,000","341,000","340,000","345,000","338,000","1,363,000","1,627,000","1,640,000","919,000","124,000","121,000","81,000","60,000","153,000","367,000","5,321,000","365,000","20,541,000","2,099,000","2,099,000","2,097,000","2,100,000","2,054,000","2,055,000","1,012,000",,,,,,,,,,
		DepreciationAndAmortizationInIncomeStatement,,,,,,,,,,,"25,000","25,000","25,000","25,000","45,000","46,000","47,000","47,000","48,000","47,000","112,000","112,000","121,000","120,000","121,000","120,000","119,000","115,000","115,000","115,000","106,000","106,000","126,000","84,000","82,000","86,000","107,000","106,000","177,000","331,000","341,000","340,000","345,000","338,000","1,363,000","1,627,000","1,640,000","919,000","124,000","121,000","81,000","60,000","153,000","367,000","5,321,000","365,000","20,541,000","2,099,000","2,099,000","2,097,000","2,100,000","2,054,000","2,055,000","1,012,000",,,,,,,,,,
			Amortization,,,,,,,,,,,"25,000","25,000","25,000","25,000","45,000","46,000","47,000","47,000","48,000","47,000","112,000","112,000","121,000","120,000","121,000","120,000","119,000","115,000","115,000","115,000","106,000","106,000","126,000","84,000","82,000","86,000","107,000","106,000","177,000","331,000","341,000","340,000","345,000","338,000","1,363,000","1,627,000","1,640,000","919,000","124,000","121,000","81,000","60,000","153,000","367,000","5,321,000","365,000","20,541,000","2,099,000","2,099,000","2,097,000","2,100,000","2,054,000","2,055,000","1,012,000",,,,,,,,,,
				AmortizationOfIntangiblesIncomeStatement,,,,,,,,,,,"25,000","25,000","25,000","25,000","45,000","46,000","47,000","47,000","48,000","47,000","112,000","112,000","121,000","120,000","121,000","120,000","119,000","115,000","115,000","115,000","106,000","106,000","126,000","84,000","82,000","86,000","107,000","106,000","177,000","331,000","341,000","340,000","345,000","338,000","1,363,000","1,627,000","1,640,000","919,000","124,000","121,000","81,000","60,000","153,000","367,000","5,321,000","365,000","20,541,000","2,099,000","2,099,000","2,097,000","2,100,000","2,054,000","2,055,000","1,012,000",,,,,,,,,,
	OtherOperatingExpenses,"213,493,000","58,771,000","52,041,000","51,668,000","51,013,000","51,672,000","44,897,000","41,389,000","38,653,000","30,132,000",,,,"6,938,000","6,101,000","6,069,000","6,392,000",,,,,,,,,,,,,,,,,,,,,,,,,,,,,,,,,,,,,,,,,,,,,,,"-800,000",,,,,,,,,,
OperatingIncome,"-4,222,000","2,391,000","-4,614,000","-4,335,000","2,336,000","-2,498,000","-3,260,000","1,732,000","2,176,000","-353,000","-2,141,000","-1,458,000","-1,205,000","-3,446,000","-6,523,000","-579,000","487,000","1,609,000","589,000","1,332,000","1,509,000","1,205,000","-443,000","-84,000","865,000","1,182,000","-708,000","-222,000","-1,107,000","-18,000","-2,252,000","-2,216,000","-1,939,000","495,000","-1,037,000","-1,246,000","-3,265,000","-3,142,000","-5,298,000","-2,548,000","-1,031,000","-486,000","-3,433,000","-5,216,000","-2,231,000","23,000","-2,581,000","-1,980,000","658,000","2,475,000","1,256,000","1,328,000","1,072,000","593,000","-6,607,000","-1,069,000","-20,341,000","-1,711,000","-6,755,000","1,135,000","740,000","673,000","340,000","2,488,000","27,838,000","27,838,000","-37,408,000","14,660,000","14,660,000","14,660,000","-23,069,000","10,165,000","10,165,000","10,165,000"
NetNonOperatingInterestIncomeExpense,"-1,157,000","-292,000","-289,000","-309,000","-267,000","-250,000","-253,000","-308,000","-493,000","-660,000","-486,000","-517,000","-484,000","-412,000","-380,000","-364,000","-421,000","-433,000","-408,000","-400,000","-469,000","-378,000","-349,000","-291,000","-251,000","-347,000","-294,000","-277,000","-272,000","-373,000","-317,000","-287,000","-238,000","-259,000","-270,000","-287,000","-228,000","-187,000","-274,000","-121,000","-181,000","-209,000","-260,000","-291,000","-185,000","-281,000","-257,000","-214,000","34,000","22,000","17,000","32,000","49,000",,,,,,,,,,,,,,,,,,,,,
	InterestIncomeNonOperating,,,,,,,,,,,,,,,,,,,,,,,,,,,,,,,,,,,,,,,,,,,,,"0",,,,,,,,"49,000",,,,,,,,,,,,,,,,,,,,,
	InterestExpenseNonOperating,"1,157,000","292,000","289,000","309,000","267,000","250,000","253,000","308,000","493,000","660,000","486,000","517,000","484,000","412,000","380,000","364,000","421,000","433,000","408,000","400,000","469,000","378,000","349,000","291,000","251,000","347,000","294,000","277,000","272,000","373,000","317,000","287,000","238,000","259,000","270,000","287,000","228,000","187,000","274,000","121,000","181,000","209,000","260,000","291,000","185,000",,,,,,,,,,,,,,,,,,,,,,,,,,,,,
	TotalOtherFinanceCost,,,,,,,,,,,,,,,,,,,,,,,,,,,,,,,,,,,,,,,,,,,,,,"281,000",,"214,000","-34,000","-22,000","-17,000","-32,000",,,,,,,,,,,,,,,,,,,,,,
OtherIncomeExpense,"213,000","56,000","17,000","24,000","116,000","81,000","133,000","6,000","3,000","71,000","-5,000","-1,000","46,000","-3,000","-9,000","1,402,000","-7,000","1,000","4,000","15,000","19,000","16,000","-1,109,000","8,000","11,000","6,000","-5,000","8,000","10,000","23,000","26,000","24,000","18,000","-3,000","-66,000","135,000","-6,005,000","7,000","-26,441,000","-1,000","-356,000","31,000","-5,053,000","201,000","47,000","31,000","6,000","134,000","-5,000","0","0","25,000","-23,000","91,000","55,000","-22,000","2,000","2,000","3,000","3,000","3,000","2,000","-80,000","50,000",,,,,,,,,,
	SpecialIncomeCharges,,,,,,,,,,,,,,,,,,,"4,000","15,000","19,000","16,000","-1,109,000","8,000","11,000","6,000","-5,000","8,000","10,000","23,000","26,000","24,000","18,000","-3,000","-66,000","135,000","-6,005,000","7,000","-26,441,000","-1,000","-356,000","31,000","-5,053,000","201,000","47,000","31,000","6,000","134,000","-5,000",,"0","25,000","-23,000",,"55,000","-22,000","2,000","2,000","3,000","3,000","3,000","2,000","2,000","50,000",,,,,,,,,,
		ImpairmentOfCapitalAssets,,,,,,,,,,,,,,,,,,,,,,,"1,130,000",,,,,,,,"0","0","0",,"0","0","6,077,000",,,,,,,,,,,,,,,,,,,,,,,,,,,,,,,,,,,,,
		OtherSpecialCharges,,,,,,,,,,,,,,,,,,,,,,,"-21,000",,,,,,,,"-26,000","-24,000",,,"66,000","-135,000","-72,000","-7,000","14,000","1,000",,,,,,"-31,000",,,,,,,,,,,,,,,,,,,,,,,,,,,,
	OtherNonOperatingIncomeExpenses,"213,000","56,000","17,000","24,000","116,000","81,000","133,000","6,000","3,000","71,000","-5,000","-1,000","46,000","-3,000","-9,000","1,402,000","-7,000","1,000",,,,,,,,,,,,,,,,,,,,,,,,,,,,,,,,,,,,,,,,,,,,,,,,,,,,,,,,
PretaxIncome,"-5,166,000","2,155,000","-4,886,000","-4,620,000","2,185,000","-2,667,000","-3,380,000","1,430,000","1,686,000","-942,000","-2,632,000","-1,976,000","-1,643,000","-3,861,000","-6,912,000","459,000","59,000","1,177,000","185,000","947,000","1,059,000","843,000","-1,901,000","-367,000","625,000","841,000","-1,007,000","-491,000","-1,369,000","-368,000","-2,543,000","-2,479,000","-2,159,000","233,000","-1,373,000","-1,398,000","-9,498,000","-3,322,000","-32,013,000","-2,670,000","-1,568,000","-664,000","-8,746,000","-5,306,000","-2,369,000","-227,000","-2,832,000","-2,060,000","687,000","2,497,000","1,273,000","1,385,000","1,098,000","684,000","-6,331,000","-853,000","-20,105,000","-1,439,000","-6,269,000","1,527,000","1,288,000","395,000","-218,000","1,421,000",,,,,,,,,,
TaxProvision,"348,000","52,000","144,000","39,000","113,000","55,000","108,000","45,000","118,000","36,000","22,455,000","-552,000","-186,000","-280,000","-1,336,000","21,000","544,000","442,000","4,264,000","28,000","-25,859,000","27,000","13,000","-7,000","-56,000","-149,000","-209,000","-203,000","-347,000","-52,000","70,000","15,000","21,000","32,000","-48,000","1,000","69,000","21,000","-1,230,000","41,000","128,000","124,000","-1,727,000","2,000","195,000","18,000","64,000","10,979,000","225,000","950,000","687,000","604,000","469,000","1,363,000","-2,854,000","-362,000","-8,042,000","-564,000","-771,000","633,000","515,000","160,000","-65,000","205,000",,,,,,,,,,
NetIncomeCommonStockholders,"-5,514,000","2,103,000","-5,030,000","-4,659,000","2,072,000","-2,722,000","-3,559,000","1,385,000","1,535,000","-1,016,000","-25,087,000","-1,424,000","-1,457,000","-3,621,000","-5,618,000","397,000","-525,000","695,000","-4,268,000","919,000","26,967,000","257,000","-1,414,000","-163,000","874,000","1,192,000","-515,000","-53,000","-895,000","-60,000","-2,466,000","-2,555,000","-2,180,000","201,000","-1,201,000","-1,459,000","-9,567,000","-3,343,000","-30,783,000","-2,711,000","-1,696,000","-788,000","-7,019,000","-5,308,000","-2,564,000","-245,000","-2,896,000","-13,039,000","462,000","1,547,000","586,000","781,000","629,000","-679,000","-3,477,000","-491,000","-12,063,000","-875,000","-5,498,000","894,000","773,000","235,000","-153,000","1,216,000","1,216,000","1,216,000","2,061,000","1,586,000","1,586,000","1,586,000","1,783,000","1,783,000","1,783,000","1,783,000"
	NetIncome,"-5,514,000","2,103,000","-5,030,000","-4,659,000","2,072,000","-2,722,000","-3,488,000","1,385,000","1,568,000","-978,000","-25,087,000","-1,424,000","-1,457,000","-3,581,000","-5,577,000","438,000","-485,000","735,000","-4,079,000","919,000","26,918,000","257,000","-1,353,000","-102,000","934,000","1,252,000","-454,000","8,000","-775,000","-60,000","-2,406,000","-2,494,000","-2,180,000","201,000","-1,325,000","-1,399,000","-9,567,000","-3,343,000","-30,783,000","-2,711,000","-1,696,000","-788,000","-7,019,000","-5,308,000","-2,564,000","-245,000","-2,896,000","-13,039,000","462,000","1,547,000","586,000","781,000","629,000","-679,000","-3,477,000","-491,000","-12,063,000","-875,000","-5,498,000","894,000","773,000","235,000","-153,000","1,216,000","1,216,000","1,216,000","2,061,000","1,586,000","1,586,000","1,586,000","1,783,000","1,783,000","1,783,000","1,783,000"
		NetIncomeIncludingNoncontrollingInterests,"-5,514,000","2,103,000","-5,030,000","-4,659,000","2,072,000","-2,722,000","-3,488,000","1,385,000","1,568,000","-978,000","-25,087,000","-1,424,000","-1,457,000","-3,581,000","-5,577,000","438,000","-485,000","735,000","-4,079,000","919,000","26,918,000","257,000","-1,914,000","-360,000","681,000","990,000","-798,000","-288,000","-1,022,000","-316,000","-2,613,000","-2,494,000","-2,180,000","201,000","-1,325,000","-1,399,000","-9,567,000","-3,343,000","-30,783,000","-2,711,000","-1,696,000","-788,000","-7,019,000","-5,308,000","-2,564,000","-245,000","-2,896,000","-13,039,000","462,000","1,547,000","586,000","781,000","629,000","-679,000","-3,477,000","-491,000","-12,063,000","-875,000","-5,498,000","894,000","773,000","235,000","-153,000","1,216,000","1,216,000","1,216,000","2,061,000","1,586,000","1,586,000","1,586,000","1,783,000","1,783,000","1,783,000","1,783,000"
			NetIncomeContinuousOperations,"-5,514,000","2,103,000","-5,030,000","-4,659,000","2,072,000","-2,722,000","-3,488,000","1,385,000","1,568,000","-978,000","-25,087,000","-1,424,000","-1,457,000","-3,581,000","-5,577,000","438,000","-485,000","735,000","-4,079,000","919,000","26,918,000","816,000","-1,914,000","-360,000","681,000","990,000","-798,000","-288,000","-1,022,000","-316,000","-2,613,000","-2,494,000","-2,180,000","201,000","-1,325,000","-1,399,000","-9,567,000","-3,343,000","-30,783,000","-2,711,000","-1,696,000","-788,000","-7,019,000","-5,308,000","-2,564,000","-245,000","-2,896,000","-13,039,000","462,000","1,547,000","586,000","781,000","629,000","-679,000","-3,477,000","-491,000","-12,063,000","-875,000","-5,498,000","894,000","773,000","235,000","-153,000","1,216,000","1,216,000","1,216,000","2,061,000","1,586,000","1,586,000","1,586,000","1,783,000","1,783,000","1,783,000","1,783,000"
			NetIncomeDiscontinuousOperations,,,,,,,,,,,,,,,,"0",,"0","0","0","0","-559,000",,,"-535,000",,,,,,,,,,,,,,,,,,,,,,,,,,,,,,,,,,,,,,,,,,,,,,,,,
		MinorityInterests,,,,,,,,,,,,,,,,,,,,,,,"561,000","258,000","253,000","262,000","344,000","296,000","247,000","256,000","207,000",,"0",,,,,,,,,,,,,,,,,,,,,,,,,,,,,,,,,,,,,,,,,
	PreferredStockDividends,,,,,,,,,"33,000","38,000",,,,"40,000","41,000","41,000","40,000","40,000","40,000",,"-49,000",,"61,000","61,000","60,000","60,000","61,000","61,000","60,000",,"60,000","61,000","60,000",,,"60,000",,,,,,,,,,,,,,,,,,,,,,,,,,,,,,,,,,,,,,
DilutedNIAvailtoComStockholders,"-5,514,000","2,103,000","-5,030,000","-4,659,000","2,072,000","-2,722,000","-3,559,000","1,385,000","1,535,000","-1,016,000","-25,087,000","-1,424,000","-1,457,000","-3,621,000","-5,618,000","397,000","-525,000","695,000","-4,268,000","919,000","26,967,000","257,000","-1,414,000","-163,000","874,000","1,192,000","-515,000","-53,000","-895,000","-60,000","-2,466,000","-2,555,000","-2,180,000","201,000","-1,201,000","-1,459,000","-9,567,000","-3,343,000","-30,783,000","-2,711,000","-1,696,000","-788,000","-7,019,000","-5,308,000","-2,564,000","-245,000","-2,896,000","-13,039,000","462,000","1,547,000","586,000","781,000","629,000","-679,000","-3,477,000","-491,000","-12,063,000","-875,000","-5,498,000","894,000","773,000","235,000","-153,000","1,216,000","1,216,000","1,216,000","2,061,000","1,586,000","1,586,000","1,586,000","1,783,000","1,783,000","1,783,000","1,783,000"
BasicEPS,,"0.04",,"-0.09","0.04","-0.06",,"0.03","0.04","-0.03",,"-0.04","-0.04","-0.1",,"0.01","-0.02","0.02","-0.12","0.02","0.76","0.02","-0.04","-0.005",,"0.03","-0.01","0",,"-0.002","-0.07","-0.08",,"0","-0.04","-0.04","-0.29","-0.11",,"-0.09","-0.06","-0.03",,"-0.17","-0.08","-0.01",,"-0.43","0.02","0.05",,"0.03","0.02","-0.02",,"-0.02","-0.4","-0.03",,"0.03","0.03","0.01",,"0.087","0.087","0.087",,"0.12","0.12","0.12",,"0.135","0.135","0.135"
DilutedEPS,,"0.04",,"-0.09","0.04","-0.06",,"0.03","0.03","-0.03",,"-0.04","-0.04","-0.1",,"0.01","-0.02","0.02","-0.12","0.02","0.67","0.02","-0.04","-0.005",,"0.03","-0.01","0",,"-0.002","-0.07","-0.08",,"0","-0.04","-0.04","-0.29","-0.11",,"-0.09","-0.06","-0.03",,"-0.17","-0.08","-0.01",,"-0.43","0.01","0.05",,"0.03","0.02","-0.02",,"-0.02","-0.4","-0.03",,"0.03","0.03","0.01",,"0.063","0.063","0.063",,"0.12","0.12","0.12",,"0.135","0.135","0.135"
BasicAverageShares,,"53,251,000",,"52,264,000","51,684,000","48,760,000",,"44,686,000","39,386,000","36,871,000",,"35,856,000","35,632,000","35,365,000",,"34,983,000","34,972,000","34,821,000","35,070,000","35,856,000","35,332,000","34,510,000","34,878,000","34,932,000",,"34,497,000","34,084,000","34,018,000",,"33,720,000","33,573,000","33,532,000","33,506,000","33,384,000","33,308,000","33,218,000","33,119,000","31,141,000",,"30,854,000","30,650,519","30,638,320",,"30,571,472","30,543,037","30,450,078",,"30,357,988","30,314,478","30,003,117",,"29,848,694","29,846,757","29,846,757",,"29,846,757","29,846,757","29,846,757",,"29,837,538","29,832,927","23,491,850",,"14,180,869","14,180,869","14,180,869",,"13,200,000","13,200,000","13,200,000",,"13,200,000","13,200,000","13,200,000"
DilutedAverageShares,,"57,172,000",,"52,264,000","57,122,000","48,760,000",,"53,573,000","47,329,000","36,871,000",,"35,856,000","35,632,000","35,365,000",,"35,201,000","34,972,000","38,066,000","35,070,000","39,485,000","39,933,000","39,959,000","34,878,000","34,932,000",,"39,359,000","34,084,000","34,018,000",,"33,720,000","33,573,000","33,532,000","33,506,000","34,158,000","33,308,000","33,218,000","33,119,000","31,141,000",,"30,854,000","30,650,519","30,638,320",,"30,571,472","30,543,037","30,450,078",,"30,357,988","31,994,447","31,425,002",,"31,004,035","30,395,189","29,846,757",,"29,846,757","29,846,757","29,846,757",,"30,009,891","29,853,346","26,564,603",,"19,362,189","19,362,189","19,362,189",,"13,200,000","13,200,000","13,200,000",,"13,200,000","13,200,000","13,200,000"
TotalOperatingIncomeAsReported,"-4,222,000","2,391,000","-4,614,000","-4,335,000","2,336,000","-2,498,000","-3,260,000","1,732,000","2,176,000","-353,000","-2,141,000","-1,458,000","-1,205,000","-3,446,000","-6,523,000","-579,000","487,000","1,609,000","589,000","1,332,000","1,509,000","1,205,000","-1,573,000","-84,000","865,000","1,182,000","-708,000","-222,000","-1,107,000","-18,000","-2,252,000","-2,216,000","-1,939,000","495,000","-1,037,000","-1,246,000","-9,342,000","-3,142,000","-31,725,000","-2,548,000","-1,031,000","-486,000","-8,571,000","-5,216,000","-2,231,000","23,000","-2,581,000","-1,980,000","658,000","2,475,000","1,256,000","1,328,000","1,072,000","593,000","-6,607,000","-1,069,000","-20,341,000","-1,711,000","-6,755,000","1,135,000","740,000","673,000","340,000","1,688,000",,,,,,,,,,
TotalExpenses,"607,913,000","163,662,000","142,870,000","146,181,000","155,200,000","147,300,000","122,990,000","115,674,000","116,754,000","88,171,000","65,100,000","70,731,000","74,892,000","78,185,000","71,169,000","70,042,000","76,486,000","76,776,000","67,929,000","72,475,000","78,699,000","79,628,000","71,638,000","73,599,000","77,190,000","79,624,000","68,301,000","70,870,000","77,569,000","76,406,000","72,820,000","70,181,000","78,886,000","67,533,000","60,772,000","62,970,000","71,154,000","68,547,000","68,146,000","75,562,000","81,750,000","87,922,000","80,666,000","83,809,000","86,499,000","86,955,000","83,030,000","74,329,000","52,530,000","53,816,000","44,520,000","45,715,000","42,733,000","39,071,000","40,363,000","37,623,000","63,446,000","41,720,000","44,070,000","36,652,000","41,372,000","43,070,000","36,206,000","25,350,000",,,,,,,,,,
NetIncomeFromContinuingAndDiscontinuedOperation,"-5,514,000","2,103,000","-5,030,000","-4,659,000","2,072,000","-2,722,000","-3,488,000","1,385,000","1,568,000","-978,000","-25,087,000","-1,424,000","-1,457,000","-3,581,000","-5,577,000","438,000","-485,000","735,000","-4,079,000","919,000","26,918,000","257,000","-1,353,000","-102,000","934,000","1,252,000","-454,000","8,000","-775,000","-60,000","-2,406,000","-2,494,000","-2,180,000","201,000","-1,325,000","-1,399,000","-9,567,000","-3,343,000","-30,783,000","-2,711,000","-1,696,000","-788,000","-7,019,000","-5,308,000","-2,564,000","-245,000","-2,896,000","-13,039,000","462,000","1,547,000","586,000","781,000","629,000","-679,000","-3,477,000","-491,000","-12,063,000","-875,000","-5,498,000","894,000","773,000","235,000","-153,000","1,216,000","1,216,000","1,216,000","2,061,000","1,586,000","1,586,000","1,586,000","1,783,000","1,783,000","1,783,000","1,783,000"
NormalizedIncome,"-5,514,000","2,103,000","-5,030,000","-4,659,000","2,072,000","-2,722,000","-3,488,000","1,385,000","1,568,000","-978,000","-25,087,000","-1,424,000","-1,457,000","-3,581,000","-5,577,000","438,000","-485,000","735,000","-4,081,400","904,450","26,906,600","800,512","-687,600","-109,848","927,400","1,248,400","-450,037.736","3,200","-782,470","-79,757","-2,421,600","-2,509,600","-2,191,700","203,589","-1,261,307.356","-1,486,750","-5,663,750","-3,347,550","-5,357,913.223","-2,710,350","-1,464,600","-808,150","-2,963,773.954","-5,438,650","-2,594,550","-265,150","-2,899,900","-13,126,100","465,362.445","1,547,000","586,000","764,750","643,950","-679,000","-3,512,750","-476,700","-12,064,200","-876,216.122","-5,500,631.042","892,050","771,199.534","233,700","-154,403.67","1,173,213.23","1,216,000","1,216,000","2,061,000","1,586,000","1,586,000","1,586,000","1,783,000","1,783,000","1,783,000","1,783,000"
InterestIncome,,,,,,,,,,,,,,,,,,,,,,,,,,,,,,,,,,,,,,,,,,,,,"0",,,,,,,,"49,000",,"221,000","238,000","234,000","270,000","1,023,000","389,000","545,000",,,"27,000",,,,,,,,,,
InterestExpense,"1,157,000","292,000","289,000","309,000","267,000","250,000","253,000","308,000","493,000","660,000","486,000","517,000","484,000","412,000","380,000","364,000","421,000","433,000","408,000","400,000","469,000","378,000","349,000","291,000","251,000","347,000","294,000","277,000","272,000","373,000","317,000","287,000","238,000","259,000","270,000","287,000","228,000","187,000","274,000","121,000","181,000","209,000","260,000","291,000","185,000",,,,,,,,,,,,,,,,,,"573,000","344,000",,,,,,,,,,
NetInterestIncome,"-1,157,000","-292,000","-289,000","-309,000","-267,000","-250,000","-253,000","-308,000","-493,000","-660,000","-486,000","-517,000","-484,000","-412,000","-380,000","-364,000","-421,000","-433,000","-408,000","-400,000","-469,000","-378,000","-349,000","-291,000","-251,000","-347,000","-294,000","-277,000","-272,000","-373,000","-317,000","-287,000","-238,000","-259,000","-270,000","-287,000","-228,000","-187,000","-274,000","-121,000","-181,000","-209,000","-260,000","-291,000","-185,000","-281,000","-257,000","-214,000","34,000","22,000","17,000","32,000","49,000",,"221,000","238,000","234,000","270,000","483,000","389,000","545,000",,"-478,000","-317,000",,,,,,,,,,
EBIT,"-4,009,000","2,447,000","-4,597,000","-4,311,000","2,452,000","-2,417,000","-3,127,000","1,738,000","2,179,000","-282,000","-2,146,000","-1,459,000","-1,159,000","-3,449,000","-6,532,000","823,000","480,000","1,610,000","593,000","1,347,000","1,528,000","1,221,000","-1,552,000","-76,000","876,000","1,188,000","-713,000","-214,000","-1,097,000","5,000","-2,226,000","-2,192,000","-1,921,000","492,000","-1,103,000","-1,111,000","-9,270,000","-3,135,000","-31,739,000","-2,549,000","-1,387,000","-455,000","-8,486,000","-5,015,000","-2,184,000","23,000","-2,390,000","-1,980,000","658,000","2,475,000","1,256,000","1,328,000","1,072,000","593,000","-5,607,000","-1,069,000","-20,341,000","-1,711,000","-6,755,000","1,135,000","740,000","673,000","340,000","2,488,000","27,838,000","27,838,000","-37,408,000","14,660,000","14,660,000","14,660,000","-23,069,000","10,165,000","10,165,000","10,165,000"
EBITDA,"6,574,000"
ReconciledCostOfRevenue,"394,420,000","104,891,000","90,829,000","94,513,000","104,187,000","95,628,000","78,093,000","74,285,000","78,101,000","58,039,000","40,091,000","46,598,000","50,413,000","53,081,000","48,524,000","48,999,000","53,999,000","53,422,000","46,259,000","50,310,000","55,327,000","55,413,000","47,764,000","49,204,000","52,448,000","54,363,000","45,655,000","47,744,000","53,772,000","52,976,000","49,563,000","47,338,000","54,275,000","44,959,000","39,821,000","41,345,000","45,250,000","42,029,000","41,401,000","46,336,000","52,377,000","57,061,000","49,915,000","51,121,000","52,782,000","53,559,000","50,068,000","45,793,000","32,841,000","34,500,000","27,854,000","28,843,000","26,802,000","24,006,000","25,530,000","23,569,000","46,000,000","25,464,000","24,036,000","23,768,000","28,028,000","29,831,000","24,549,000","17,926,000",,,,,,,,,,
ReconciledDepreciation,"10,583,000","2,985,000","2,799,000","2,601,000","2,198,000","2,407,000","2,386,000","1,791,000","1,659,000","1,923,000","1,705,000","1,557,000","1,536,000","1,554,000","1,435,000","1,465,000","1,536,000","1,551,000","1,555,000","1,667,000","1,749,000","1,745,000","2,030,000","2,017,000","1,974,000","1,971,000","2,011,000","1,977,000","1,937,000","2,049,000","2,196,000","2,319,000","2,378,000","2,452,000","2,521,000","2,558,000","3,733,000","3,744,000","3,848,000","4,116,000","4,342,000","4,087,000","3,838,000","3,465,000","4,435,000","4,630,000","4,623,000","3,468,000","2,074,000","2,105,000","1,537,000","1,361,000","1,288,000","1,385,000","1,398,000","1,281,000","3,059,000","2,894,000","2,698,000","2,425,000","2,399,000","2,297,000","2,300,000","1,012,000",,,,,,,,,,
NetIncomeFromContinuingOperationNetMinorityInterest,"-5,514,000","2,103,000","-5,030,000","-4,659,000","2,072,000","-2,722,000","-3,488,000","1,385,000","1,568,000","-978,000","-25,087,000","-1,424,000","-1,457,000","-3,581,000","-5,577,000","438,000","-485,000","735,000","-4,079,000","919,000","26,918,000","816,000","-1,353,000","-102,000","934,000","1,252,000","-454,000","8,000","-775,000","-60,000","-2,406,000","-2,494,000","-2,180,000","201,000","-1,325,000","-1,399,000","-9,567,000","-3,343,000","-30,783,000","-2,711,000","-1,696,000","-788,000","-7,019,000","-5,308,000","-2,564,000","-245,000","-2,896,000","-13,039,000","462,000","1,547,000","586,000","781,000","629,000","-679,000","-3,477,000","-491,000","-12,063,000","-875,000","-5,498,000","894,000","773,000","235,000","-153,000","1,216,000","1,216,000","1,216,000","2,061,000","1,586,000","1,586,000","1,586,000","1,783,000","1,783,000","1,783,000","1,783,000"
TotalUnusualItemsExcludingGoodwill,,,,,,,,,,,,,,,,,,,"4,000","15,000","19,000","16,000","-1,109,000","8,000","11,000","6,000","-5,000","8,000","10,000","23,000","26,000","24,000","18,000","-3,000","-66,000","135,000","-6,005,000","7,000","-26,441,000","-1,000","-356,000","31,000","-5,053,000","201,000","47,000","31,000","6,000","134,000","-5,000",,"0","25,000","-23,000",,"55,000","-22,000","2,000","2,000","3,000","3,000","3,000","2,000","2,000","50,000",,,,,,,,,,
TotalUnusualItems,,,,,,,,,,,,,,,,,,,"4,000","15,000","19,000","16,000","-1,109,000","8,000","11,000","6,000","-5,000","8,000","10,000","23,000","26,000","24,000","18,000","-3,000","-66,000","135,000","-6,005,000","7,000","-26,441,000","-1,000","-356,000","31,000","-5,053,000","201,000","47,000","31,000","6,000","134,000","-5,000",,"0","25,000","-23,000",,"55,000","-22,000","2,000","2,000","3,000","3,000","3,000","2,000","2,000","50,000",,,,,,,,,,
NormalizedEBITDA,"6,574,000","5,432,000","-1,798,000","-1,710,000","4,650,000","-10,000","-741,000","3,529,000","3,838,000","1,641,000","-441,000","98,000","377,000","-1,895,000","-5,097,000","2,288,000","2,016,000","3,161,000","2,144,000","2,999,000","3,258,000","2,950,000","1,587,000","1,933,000","2,839,000","3,153,000","1,303,000","1,755,000","830,000","2,031,000","-56,000","103,000","439,000","2,947,000","1,484,000","1,312,000","468,000","602,000","-1,450,000","1,568,000","3,311,000","3,601,000","405,000","-1,751,000","2,204,000","4,622,000","2,227,000","1,354,000","2,737,000","4,580,000","2,793,000","2,664,000","2,383,000","1,978,000","-341,000","234,000","198,000","1,181,000","-4,060,000","3,557,000","3,136,000","2,968,000","2,638,000","3,450,000","27,838,000","27,838,000","-37,408,000","14,660,000","14,660,000","14,660,000","-23,069,000","10,165,000","10,165,000","10,165,000"
TaxRateForCalcs,"0.4","0.024","0.27","0.008","0.052","0.27","0.27","0.032","0.07","0.27","0.27","0.279","0.113","0.073","0.193","0.046","0.27","0.376","0.4","0.03","0.4","0.032","0.4","0.019","0.4","0.4","0.208","0.4","0.253","0.141","0.4","0.35","0.35","0.137","0.035","0.35","0.35","0.35","0.038","0.35","0.35","0.35","0.197","0.35","0.35","0.35","0.35","0.35","0.328","0.38","0.35","0.35","0.35","0.35","0.35","0.35","0.4","0.392","0.123","0.35","0.4","0.35","0.298","0.144","0.4","0.4","0.4","0.4","0.4","0.4","0.4","0.4","0.4","0.4"
TaxEffectOfUnusualItems,"0","0","0","0","0","0","0","0","0","0","0","0","0","0","0","0","0","0","1,600","450","7,600","512","-443,600","152","4,400","2,400","-1,037.736","3,200","2,530","3,243","10,400","8,400","6,300","-411","-2,307.356","47,250","-2,101,750","2,450","-1,015,913.223","-350","-124,600","10,850","-997,773.954","70,350","16,450","10,850","2,100","46,900","-1,637.555","0","0","8,750","-8,050","0","19,250","-7,700","800","783.878","368.958","1,050","1,199.534","700","596.33","7,213.23","0","0","0","0","0","0","0","0","0","0"