name,ttm,03/31/2022,12/31/2021,09/30/2021,06/30/2021,03/31/2021,12/31/2020,09/30/2020,06/30/2020,03/31/2020,12/31/2019,09/30/2019,06/30/2019,03/31/2019,12/31/2018,09/30/2018,06/30/2018,03/31/2018,12/31/2017,09/30/2017,06/30/2017,03/31/2017,12/31/2016,09/30/2016,06/30/2016,03/31/2016,12/31/2015,09/30/2015,06/30/2015,03/31/2015,12/31/2014,09/30/2014,06/30/2014,03/31/2014,12/31/2013,09/30/2013,06/30/2013,03/31/2013,12/31/2012,09/30/2012,06/30/2012,03/31/2012,12/31/2011,09/30/2011,06/30/2011,03/31/2011,12/31/2010,09/30/2010,06/30/2010,03/31/2010,12/31/2009,09/30/2009,06/30/2009,03/31/2009,12/31/2008,09/30/2008,06/30/2008,03/31/2008,12/31/2007,09/30/2007,06/30/2007,03/31/2007,12/31/2006,09/30/2006,06/30/2006,03/31/2006,12/31/2005,09/30/2005,06/30/2005,03/31/2005,12/31/2004,09/30/2004,06/30/2004,03/31/2004,12/31/2003,09/30/2003,06/30/2003,03/31/2003,12/31/2002,09/30/2002,06/30/2002,03/31/2002,12/31/2001,09/30/2001,06/30/2001,03/31/2001,12/31/2000,09/30/2000,06/30/2000,03/31/2000,12/31/1999,09/30/1999,06/30/1999,03/31/1999,12/31/1998,09/30/1998,06/30/1998,03/31/1998,12/31/1997,09/30/1997,06/30/1997,03/31/1997,12/31/1996,09/30/1996,06/30/1996,03/31/1996,12/31/1995,09/30/1995,06/30/1995,03/31/1995,12/31/1994,09/30/1994,06/30/1994,03/31/1994,12/31/1993,09/30/1993,06/30/1993,03/31/1993,12/31/1992,09/30/1992,06/30/1992,03/31/1992
TotalRevenue,"1,625,527,000","509,375,000","466,493,000","357,885,000","291,774,000","240,929,000","220,801,000","207,141,000","250,380,000","445,927,000","492,297,000","598,452,000","675,765,000","704,171,000","795,937,000","867,478,000","854,418,000","809,164,000","787,334,000","684,989,000","579,186,000","305,175,000","246,887,000","206,133,000","193,907,000","268,939,000","338,566,000","422,251,000","472,761,000","657,699,000","901,219,000","845,628,000","757,276,000","678,168,000","658,772,000","730,907,000","659,316,000","667,039,000","652,750,000","643,631,000","681,112,000","745,921,000","724,647,000","673,828,000","600,064,000","567,404,000","505,678,000","378,663,000","306,992,000","271,598,000","148,984,000","176,159,000","160,764,000","296,039,000","569,757,000","608,532,000","526,283,000","504,554,000","520,533,000","524,002,000","522,558,000","547,101,000","638,382,000","673,658,000","636,813,000","597,733,000","531,201,000","468,739,000","389,922,000","350,593,000","288,306,000","259,174,000","234,510,000","218,779,000","208,292,000","207,015,000","195,624,000","165,239,000","140,876,000","133,495,000","125,363,000","128,223,000","174,721,000","289,104,000","287,564,000","129,936,000","103,568,000","78,628,000","67,139,000","58,566,000","54,400,000","39,800,000","30,500,000","26,700,000","32,400,000","42,300,000","51,200,000","60,800,000","61,300,000","58,200,000","40,700,000","30,600,000","28,600,000","20,300,000","14,400,000","12,300,000","12,800,000","12,700,000","10,800,000","10,300,000","11,600,000","10,600,000","6,700,000","6,200,000","7,400,000","6,500,000","5,400,000","5,400,000","5,500,000","5,500,000","5,500,000","5,500,000"
	OperatingRevenue,"1,559,821,000","489,564,000","449,378,000","342,287,000","278,592,000","229,010,000","211,930,000","197,298,000","242,409,000","426,956,000","470,805,000","572,709,000","649,364,000","672,952,000","763,588,000","838,442,000","827,930,000","783,203,000","761,812,000","664,055,000","560,155,000","299,902,000","228,754,000","206,133,000","193,907,000","268,939,000","338,566,000","422,251,000","472,761,000","657,699,000","901,219,000","845,628,000","757,276,000","678,168,000","658,772,000","730,907,000","659,316,000","667,039,000","652,750,000","643,631,000","681,112,000","745,921,000","724,647,000","673,828,000","600,064,000","567,404,000","505,678,000","378,663,000","306,992,000","271,598,000","148,984,000","176,159,000","160,764,000","296,039,000","569,757,000","608,532,000","526,283,000","504,554,000","520,533,000","524,002,000","522,558,000","547,101,000","638,382,000","673,658,000","636,813,000","597,733,000","531,201,000","468,739,000","389,922,000","350,593,000","288,306,000","259,174,000","234,510,000","218,779,000","208,292,000","207,015,000","195,624,000","165,239,000","140,876,000","133,495,000","125,363,000","128,223,000","174,721,000","289,104,000","287,564,000","129,936,000","103,568,000","78,628,000","67,139,000","58,566,000","54,400,000","39,800,000","30,500,000","26,700,000","32,400,000","42,300,000","51,200,000","60,800,000","61,300,000","58,200,000","40,700,000","30,600,000","28,600,000","20,300,000","14,400,000","12,300,000","12,800,000","12,700,000","10,800,000","10,300,000","11,600,000","10,600,000","6,700,000","6,200,000","7,400,000","6,500,000","5,400,000","5,400,000","5,500,000","5,500,000","5,500,000","5,500,000"
CostOfRevenue,"2,095,643,000","500,150,000","790,091,000","426,132,000","379,270,000","335,633,000","323,001,000","298,576,000","337,831,000","513,425,000","543,526,000","853,978,000","676,331,000","703,735,000","770,075,000","915,710,000","834,141,000","798,879,000","777,818,000","689,796,000","646,557,000","386,710,000","346,617,000","317,048,000","305,974,000","347,571,000","402,121,000","609,985,000","481,307,000","603,715,000","779,434,000","800,311,000","653,593,000","601,463,000","609,212,000","588,154,000","571,424,000","554,585,000","931,311,000","397,385,000","413,354,000","452,236,000","438,496,000","416,301,000","349,723,000","339,271,000","300,623,000","227,788,000","193,048,000","176,339,000","78,395,000","117,640,000","100,637,000","179,825,000","331,215,000","357,038,000","318,865,000","303,472,000","305,241,000","297,661,000","289,163,000","295,974,000","318,277,000","327,710,000","305,250,000","292,265,000","261,040,000","245,441,000","219,071,000","211,949,000","187,676,000","172,629,000","165,320,000","153,286,000","146,723,000","148,700,000","145,323,000","124,285,000","104,708,000","103,283,000","96,524,000","93,250,000","114,419,000","159,398,000","167,032,000","81,060,000","69,636,000","56,507,000","49,326,000","46,182,000","44,600,000","33,400,000","25,400,000","22,900,000","31,700,000","33,300,000","38,300,000","44,000,000","40,200,000","39,400,000","28,800,000","23,100,000","22,600,000","14,400,000","10,700,000","9,200,000","9,700,000","9,600,000","7,900,000","7,900,000","9,400,000","8,000,000","5,300,000","4,600,000",,,,,,,,
GrossProfit,"-470,116,000","9,225,000","-323,598,000","-68,247,000","-87,496,000","-94,704,000","-102,200,000","-91,435,000","-87,451,000","-67,498,000","-51,229,000","-255,526,000","-566,000","436,000","25,862,000","-48,232,000","20,277,000","10,285,000","9,516,000","-4,807,000","-67,371,000","-81,535,000","-99,730,000","-110,915,000","-112,067,000","-78,632,000","-63,555,000","-187,734,000","-8,546,000","53,984,000","121,785,000","45,317,000","103,683,000","76,705,000","49,560,000","142,753,000","87,892,000","112,454,000","-278,561,000","246,246,000","267,758,000","293,685,000","286,151,000","257,527,000","250,341,000","228,133,000","205,055,000","150,875,000","113,944,000","95,259,000","70,589,000","58,519,000","60,127,000","116,214,000","238,542,000","251,494,000","207,418,000","201,082,000","215,292,000","226,341,000","233,395,000","251,127,000","320,105,000","345,948,000","331,563,000","305,468,000","270,161,000","223,298,000","170,851,000","138,644,000","100,630,000","86,545,000","69,190,000","65,493,000","61,569,000","58,315,000","50,301,000","40,954,000","36,168,000","30,212,000","28,839,000","34,973,000","60,302,000","129,706,000","120,532,000","48,876,000","33,932,000","22,121,000","17,813,000","12,384,000","9,800,000","6,400,000","5,100,000","3,800,000","700,000","9,000,000","12,900,000","16,800,000","21,100,000","18,800,000","11,900,000","7,500,000","6,000,000","5,900,000","3,700,000","3,100,000","3,100,000","3,100,000","2,900,000","2,400,000","2,200,000","2,600,000","1,400,000","1,600,000",,,,,,,,
OperatingExpense,"96,565,000","26,243,000","28,712,000","20,844,000","20,766,000","23,664,000","27,604,000","24,027,000","28,744,000","32,036,000","34,285,000","34,616,000","51,530,000","30,364,000","33,295,000","35,763,000","35,596,000","40,806,000","54,467,000","23,760,000","23,478,000","18,852,000","18,011,000","15,035,000","17,087,000","19,072,000","16,578,000","18,582,000","19,216,000","32,797,000","22,028,000","18,896,000","19,548,000","19,673,000","18,556,000","19,580,000","18,319,000","17,397,000","-377,659,000","159,615,000","145,196,000","138,421,000","147,250,000","125,233,000","118,481,000","110,586,000","109,114,000","98,366,000","68,187,000","87,179,000","90,085,000","85,804,000","87,269,000","90,505,000","98,623,000","86,212,000","80,999,000","81,208,000","83,977,000","82,241,000","18,259,000","71,402,000","77,358,000","64,043,000","62,650,000","59,869,000","79,044,000","49,787,000","48,435,000","44,392,000","40,133,000","39,137,000","38,391,000","32,983,000","30,730,000","30,961,000","31,148,000","31,110,000","33,290,000","29,529,000","17,548,000","28,545,000","30,411,000","30,834,000","28,138,000","16,187,000","14,031,000","9,985,000","10,598,000","9,913,000","8,800,000","9,200,000","8,800,000","8,700,000","9,200,000","9,200,000","9,300,000","8,900,000","7,900,000","7,300,000","5,900,000","4,900,000","3,200,000","4,800,000","3,300,000","2,600,000","3,100,000","2,200,000","2,200,000","1,800,000","1,700,000","1,800,000","1,400,000","1,100,000",,,,,,,,
	SellingGeneralAndAdministration,"97,285,000","27,461,000","24,206,000","22,063,000","23,555,000","23,028,000","20,919,000","23,185,000","23,991,000","31,146,000","31,833,000","34,231,000","34,894,000","29,084,000","34,157,000","34,797,000","39,104,000","38,697,000","35,966,000","27,551,000","23,478,000","18,852,000","18,011,000","15,035,000","17,087,000","19,072,000","16,578,000","18,582,000","19,216,000","32,797,000","22,028,000","18,896,000","19,548,000","19,673,000","18,556,000","19,580,000","18,319,000","17,397,000","16,664,000","17,222,000","16,719,000","13,868,000","15,590,000","15,957,000","16,749,000","15,975,000","15,551,000","13,685,000","12,343,000","11,463,000","8,530,000","15,871,000","16,236,000","15,984,000","14,128,000","18,719,000","18,047,000","16,996,000","15,439,000","17,193,000","16,722,000","15,471,000","15,637,000","13,777,000","14,113,000","13,411,000","8,935,000","10,571,000","10,068,000","9,902,000","10,916,000","8,348,000","8,127,000","6,888,000","7,149,000","6,950,000","6,895,000","6,974,000","10,544,000","6,351,000","6,640,000","6,343,000","6,164,000","7,623,000","8,757,000","4,846,000","4,400,000","2,647,000","2,151,000","2,196,000","2,000,000","1,900,000","1,800,000","1,600,000","1,200,000","1,800,000","2,900,000","2,700,000","2,600,000","2,300,000","2,000,000","1,600,000","1,000,000","1,800,000","1,300,000","900,000","1,400,000","1,000,000","800,000","800,000","1,000,000","800,000","700,000","600,000",,,,,,,,
		GeneralAndAdministrativeExpense,,,,,,"23,028,000","20,919,000","23,185,000","23,991,000","31,146,000","31,833,000","34,231,000","34,894,000","29,084,000","34,157,000","34,797,000","39,104,000","38,697,000","35,966,000","27,551,000","23,478,000","18,852,000","18,011,000","15,035,000","17,087,000","19,072,000","16,578,000","18,582,000","19,216,000","32,797,000","22,028,000","18,896,000","19,548,000","19,673,000","18,556,000","19,580,000","18,319,000","17,397,000","16,664,000",,,,,,,,,,,,,,,,,,,,,,,,,,,,,,,,,,,,,,,,,,,,,,,,,,,,,,,,,,,,,,,,,,,,,,,,,,,,,,,,,,,
			OtherGandA,,,,,,"23,028,000","20,919,000","23,185,000","23,991,000","31,146,000","31,833,000","34,231,000","34,894,000","29,084,000","34,157,000","34,797,000","39,104,000","38,697,000","35,966,000","27,551,000","23,478,000","18,852,000","18,011,000","15,035,000","17,087,000","19,072,000","16,578,000","18,582,000","19,216,000","32,797,000","22,028,000","18,896,000","19,548,000","19,673,000","18,556,000","19,580,000","18,319,000","17,397,000","16,664,000",,,,,,,,,,,,,,,,,,,,,,,,,,,,,,,,,,,,,,,,,,,,,,,,,,,,,,,,,,,,,,,,,,,,,,,,,,,,,,,,,,,
	ResearchAndDevelopment,,,,,,"624,000",,"842,000",,"895,000","1,729,000","385,000","371,000","1,355,000","377,000","958,000",,"2,109,000",,,,,,,,,,,,,,,,,,,,,,,,,,,,,,,,,,,,,,,,,,,,,,,,,,,,,,,,,,,,,,,,,,,,,,,,,,,,,,,,,,,,,,,,,,,,,,,,,,,,,,,,
	DepreciationAmortizationDepletionIncomeStatement,,,,,,,,,,,,,,,,,,,,,,,,,,,,,,,,,,,,,,,,"142,393,000","128,477,000","122,953,000","127,602,000","110,713,000","102,749,000","96,215,000","93,563,000","85,431,000","78,783,000","75,716,000","80,512,000","70,131,000","68,857,000","70,347,000","71,034,000","67,998,000","65,673,000","63,726,000","66,805,000","66,523,000","59,947,000","55,931,000","56,125,000","49,215,000","47,481,000","43,549,000","45,818,000","39,216,000","36,959,000","34,400,000","30,872,000","30,789,000","30,451,000","27,283,000","24,173,000","24,716,000","24,973,000","24,136,000","22,746,000","23,178,000","23,090,000","22,202,000","24,247,000","23,211,000","19,381,000","11,341,000","9,631,000","7,338,000","8,447,000","7,717,000","6,800,000","7,300,000","7,000,000","7,100,000","8,000,000","7,400,000","6,400,000","6,200,000","5,300,000","5,000,000","3,900,000","3,300,000","2,200,000","3,000,000","2,000,000","1,700,000","1,700,000","1,200,000","1,400,000","1,000,000","700,000","1,000,000","700,000","500,000",,,,,,,,
		DepreciationAndAmortizationInIncomeStatement,,,,,,,,,,,,,,,,,,,,,,,,,,,,,,,,,,,,,,,,,,,,,,,,,,,,,,,,"67,998,000","65,673,000","63,726,000","66,805,000","66,523,000","59,947,000","55,931,000","56,125,000","49,215,000","47,481,000","43,549,000","45,818,000","39,216,000","36,959,000","34,400,000","30,872,000","30,789,000","30,451,000","27,283,000","24,173,000","24,716,000","24,973,000","24,136,000","22,746,000","23,178,000","23,090,000","22,202,000","24,247,000","23,211,000","19,381,000","11,341,000","9,631,000","7,338,000","8,447,000","7,717,000","6,800,000","7,300,000","7,000,000","7,100,000","8,000,000","7,400,000","6,400,000","6,200,000","5,300,000","5,000,000","3,900,000","3,300,000","2,200,000","3,000,000","2,000,000","1,700,000","1,700,000","1,200,000","1,400,000","1,000,000","700,000","1,000,000","700,000","500,000",,,,,,,,
	ProvisionForDoubtfulAccounts,,,,,,,,"0","4,551,000","1,055,000","2,089,000","0","3,594,000",,,,,,,,,,,,,,,,,,,,,,"0","0","0","0","-500,000","0","0","1,600,000",,,"0",,,"-500,000","-1,000,000",,,,,,,,,,,,,,,,,,,,,,,,,,,,,,,,,,,,,,,,,,,,,,,,,,,,,,,,,,,,,,,,,,,,,,,,,
	OtherOperatingExpenses,"-720,000","-1,218,000","4,506,000","-1,219,000","-2,789,000","12,000","1,079,000","776,000","4,753,000","-5,000","-1,366,000","-252,000","12,671,000","-75,000","-1,239,000","8,000","-3,508,000","-2,421,000","-13,456,000","-3,791,000","-1,806,000","-12,904,000","-4,038,000","-4,118,000","-4,822,000","-1,345,000",,,,,,,,,,,,,,,,,,"-1,437,000","-1,017,000","-1,604,000",,"-750,000","-21,939,000",,"1,043,000","-198,000","2,176,000","4,174,000","13,461,000","-505,000","-2,721,000","486,000","1,733,000","-1,475,000","-58,410,000",,"5,596,000","1,051,000","1,056,000","2,909,000",,,"1,408,000","90,000",,,"-187,000","-1,188,000","-592,000","-705,000","-720,000",,,,"-12,182,000",,,,,,,,,,,,,,,,,,,,,,,,,,,,,,,,,,,,,,,,,
OperatingIncome,"-566,681,000","-17,018,000","-352,310,000","-89,091,000","-108,262,000","-118,368,000","-129,804,000","-115,462,000","-116,195,000","-99,534,000","-85,514,000","-290,142,000","-52,096,000","-29,928,000","-7,433,000","-83,995,000","-15,319,000","-30,521,000","-44,951,000","-28,567,000","-90,849,000","-100,387,000","-117,741,000","-125,950,000","-129,154,000","-97,704,000","-80,133,000","-206,316,000","-27,762,000","21,187,000","99,757,000","26,421,000","84,135,000","57,032,000","31,004,000","123,173,000","69,573,000","95,057,000","99,098,000","86,631,000","122,562,000","155,264,000","138,901,000","132,294,000","131,860,000","117,547,000","95,941,000","52,509,000","45,757,000","8,080,000","-19,496,000","-27,285,000","-27,142,000","25,709,000","139,919,000","165,282,000","126,419,000","119,874,000","131,315,000","144,100,000","215,136,000","179,725,000","242,747,000","281,905,000","268,913,000","245,599,000","191,117,000","173,511,000","122,416,000","94,252,000","60,497,000","47,408,000","30,799,000","32,510,000","30,839,000","27,354,000","19,153,000","9,844,000","2,878,000","683,000","11,291,000","6,428,000","29,891,000","98,872,000","92,394,000","32,689,000","19,901,000","12,136,000","7,215,000","2,471,000","1,000,000","-2,800,000","-3,700,000","-4,900,000","-8,500,000","-200,000","3,600,000","7,900,000","13,200,000","11,500,000","6,000,000","2,600,000","2,800,000","1,100,000","400,000","500,000","0","900,000","700,000","600,000","500,000","800,000","0","500,000","-15,700,000","6,500,000","5,400,000","5,400,000","-16,300,000","5,500,000","5,500,000","5,500,000"
NetNonOperatingInterestIncomeExpense,"-42,436,000","-10,550,000","-10,556,000","-10,646,000","-10,684,000","-9,870,000","-7,249,000","-11,050,000","-10,650,000","-10,567,000","-26,651,000","-19,046,000","-11,542,000","-11,952,000","-11,913,000","-11,559,000","-10,307,000","-12,202,000","-9,826,000","-9,483,000","-8,433,000","-7,864,000","-8,590,000","-10,181,000","-10,578,000","-10,690,000","-9,391,000","-8,931,000","-8,931,000","-8,258,000","-8,034,000","-6,759,000","-7,041,000","-7,012,000","-6,947,000","-7,210,000","-6,691,000","-6,593,000","-5,738,000","-7,058,000","-4,872,000","-4,528,000","-4,362,000","-3,788,000","-3,469,000","-3,846,000","-3,718,000","-6,163,000","-3,000","-1,214,000","-1,351,000","-1,395,000","-635,000","-386,000",,,,,,,,,,,,,,,,,,,,,,,,,,,,,,,,,,,,,,,,,,,,,,,,,,,,,,,,,,,,,,,,,,,,
	InterestIncomeNonOperating,"98,000","15,000","26,000","37,000","20,000","139,000","25,000","238,000","334,000","657,000","1,532,000","1,693,000","1,756,000","1,032,000","997,000","817,000","2,360,000","1,423,000","717,000","101,000","642,000","406,000","54,000","63,000","100,000","110,000","40,000","323,000","318,000","283,000","361,000","234,000","208,000","176,000","202,000","293,000","250,000","173,000","172,000","149,000","179,000","54,000","52,000","47,000","45,000","43,000","43,000","64,000","1,380,000","187,000","63,000","53,000","204,000","61,000",,,,,,,,,,,,,,,,,,,,,,,,,,,,,,,,,,,,,,,,,,,,,,,,,,,,,,,,,,,,,,,,,,,,
	InterestExpenseNonOperating,"42,534,000","10,565,000","10,582,000","10,683,000","10,704,000","10,009,000","7,274,000","11,288,000","10,984,000","11,224,000","28,183,000","20,739,000","13,298,000","12,984,000","12,910,000","12,376,000","12,667,000","13,625,000","10,543,000","9,584,000","9,075,000","8,270,000","8,644,000","10,244,000","10,678,000","10,800,000","9,431,000","9,254,000","9,249,000","8,541,000","8,395,000","6,993,000","7,249,000","7,188,000","7,149,000","7,503,000","6,941,000","6,766,000","5,910,000","7,207,000","5,051,000","4,582,000","4,414,000","3,835,000","3,514,000","3,889,000","3,761,000","6,227,000","1,383,000","1,401,000","1,414,000","1,448,000","839,000","447,000",,,,,,,,,,,,,,,,,,,,,,,,,,,,,,,,,,,,,,,,,,,,,,,,,,,,,,,,,,,,,,,,,,,,
OtherIncomeExpense,"-11,130,000","-281,000","-9,609,000","-904,000","-336,000","855,000","5,680,000","1,408,000","-42,804,000","-394,791,000","2,812,000","-17,044,000","4,063,000","6,662,000","-203,273,000","3,995,000","6,531,000","8,588,000","23,421,000","-9,371,000","-49,256,000","7,765,000","4,532,000","2,560,000","4,839,000","2,461,000","3,355,000","-123,183,000","2,998,000","2,916,000","7,076,000","3,870,000","3,094,000","1,744,000","2,009,000","1,758,000","1,414,000","-106,000","1,619,000","1,963,000","28,188,000","2,455,000","5,009,000","375,000","78,000","119,000","-695,000","260,000","174,000","-174,000","163,000","228,000","12,000","23,000","-13,283,000","549,000","3,074,000","-102,000","-1,615,000","1,517,000","58,519,000","94,000","-5,480,000","-963,000","-997,000","-2,825,000","-23,902,000","19,000","-1,392,000","-86,000","1,577,000","56,000","359,000","1,273,000","598,000","757,000","797,000","8,000","-27,000","-135,000","-5,692,000","17,000","227,000","27,000","-13,082,000","48,000","173,000","54,000","24,000","23,000",,"100,000",,"200,000","200,000","500,000","600,000","300,000","500,000","1,200,000","700,000","400,000","200,000","-1,500,000","400,000","100,000","200,000","300,000","100,000","100,000","200,000","300,000","100,000","100,000",,,,,,,,
	SpecialIncomeCharges,"-12,423,000","-1,863,000","-8,494,000","-918,000","-1,148,000","841,000","5,606,000","896,000","-42,889,000","-394,876,000","2,751,000","-17,163,000","3,971,000","6,545,000","-203,357,000","3,714,000","6,315,000","8,419,000","23,304,000","-9,449,000","-49,387,000","7,748,000","4,515,000","2,541,000","4,822,000","2,445,000","3,337,000","-123,199,000","2,998,000","2,916,000","7,076,000","3,870,000","3,091,000","1,744,000","1,098,000","1,378,000","1,033,000","-125,000","1,111,000","1,963,000","28,188,000","2,455,000","5,009,000","375,000","78,000","119,000","-695,000","260,000","174,000","-174,000","163,000","228,000","12,000","23,000","-13,283,000","549,000","3,074,000","-102,000","-1,615,000","1,517,000","58,519,000","94,000","-5,480,000","-963,000","-997,000","-2,825,000","-23,902,000","19,000","-1,392,000","-86,000","1,577,000","56,000","359,000","1,273,000","598,000","757,000","797,000","8,000","-27,000","-135,000","-5,692,000","17,000","227,000","27,000","-13,082,000","48,000","173,000","54,000","24,000","23,000",,"100,000",,"200,000","200,000","500,000","600,000","300,000","500,000","1,200,000","700,000","400,000","200,000","-1,500,000","400,000","100,000","200,000","300,000","100,000","100,000","200,000","300,000","100,000","100,000",,,,,,,,
		RestructuringAndMergernAcquisition,"13,923,000","1,863,000","9,994,000","918,000","1,148,000",,"0","0","38,338,000",,"0","0","0","0","0","0","747,000","1,991,000","8,653,000","9,449,000","51,193,000","5,156,000",,,,,,,,,,,,,,,,,,,,,,,,,,,,,,,,,,,,,,,,,,,,,,,,,,,,,"0",,,,"0",,"4,700,000",,"0",,"13,145,000",,,,,,,,,,,,,,,,,,,,,,,,,,,,,,,,,,,,,
		ImpairmentOfCapitalAssets,,,"0","0","0","0","0","0","0","395,060,000","0","17,800,000",,,"211,129,000",,,,,,,,"0",,,,"0","124,561,000",,,,,,,,,,,,,,,,,,,,,,,,,,,,,,,,,,,,,,,,,,,,,,,,,,,,,,,,,,,,,,,,,,,,,,,,,,,,,,,,,,,,,,,,,,,,,,
		WriteOff,,,"-1,500,000","0","0","0","0","0","4,551,000","1,055,000",,,,,,,,,,,,,,,,,,,,,,,,,,,,,,,,,,,,,,,,,,,,,,,,,,,,,,,,,,,,,,,,,,,,,,,,,,,,,,,,,,,,,,,,,,,,,,,,,,,,,,,,,,,,,,,,
		OtherSpecialCharges,,,,,,,,"830,000",,"800,000","0",,,"-3,471,000","1,386,000","1,977,000","3,441,000","5,880,000",,,"1,000","656,000","925,000","-1,577,000",,"1,100,000",,,,,,,,,,,,,,,,,,,,,,,,,,,,,,,,,,,,,,,,,,,,,,,,,"-598,000",,,,"27,000",,"992,000",,"-227,000",,"-63,000",,,,,,,,,,,,,,,,,,,,,,,,,,,,,,,,,,,,,
		GainOnSaleOfPPE,,,,,,"841,000",,"896,000",,"1,239,000","2,751,000","637,000","3,971,000","6,545,000","7,772,000","3,714,000","7,062,000","10,410,000",,,"1,807,000","13,560,000","4,963,000","2,541,000","4,822,000","2,445,000","3,337,000","1,362,000","2,998,000","2,916,000","7,076,000","3,870,000","3,091,000","1,744,000","1,098,000","1,378,000","1,033,000","-125,000","1,111,000",,,,,,,,,,,,,,,,,,,,,,,,,,,,,,,,,,,,,,,,,,,,,,,,,,,,,,,,,,,,,,,,,,,,,,,,,,,,,,,,,,,
	OtherNonOperatingIncomeExpenses,"1,293,000","1,582,000","-1,115,000","14,000","812,000","14,000","74,000","512,000","85,000","85,000","61,000","119,000","92,000","117,000","84,000","281,000","216,000","169,000","117,000","78,000","131,000","17,000","17,000","19,000","17,000","16,000","18,000","16,000",,,"0",,"3,000",,"911,000","380,000","381,000","19,000","-27,000",,,,,,,,,,,,,,,,,,,,,,,,,,,,,,,,,,,,,,,,,,,,,,,,,,,,,,,,,,,,,,,,,,,,,,,,,,,,,,,,,,,
PretaxIncome,"-620,247,000","-27,849,000","-372,475,000","-100,641,000","-119,282,000","-127,383,000","-131,373,000","-125,104,000","-169,649,000","-504,892,000","-109,353,000","-326,232,000","-59,575,000","-35,218,000","-222,619,000","-91,559,000","-19,095,000","-34,135,000","-31,356,000","-47,421,000","-148,538,000","-100,486,000","-121,799,000","-133,571,000","-134,893,000","-105,933,000","-86,169,000","-338,430,000","-33,695,000","15,845,000","98,799,000","23,532,000","80,188,000","51,764,000","26,066,000","117,721,000","64,296,000","88,358,000","94,444,000","82,160,000","145,878,000","153,191,000","139,548,000","128,881,000","128,469,000","113,820,000","91,528,000","46,606,000","45,928,000","6,692,000","-20,684,000","-28,452,000","-27,765,000","25,346,000","129,620,000","165,802,000","127,202,000","120,324,000","131,635,000","144,876,000","214,871,000","179,425,000","242,083,000","282,578,000","271,197,000","247,976,000","192,709,000","174,418,000","123,009,000","94,096,000","60,381,000","47,622,000","31,121,000","32,770,000","31,077,000","27,601,000","19,439,000","10,040,000","2,973,000","716,000","-6,409,000","6,559,000","30,360,000","98,801,000","78,785,000","32,966,000","19,962,000","10,791,000","5,831,000","1,414,000","600,000","-3,500,000","-4,600,000","-5,800,000","-9,400,000","-900,000","2,800,000","7,300,000","13,200,000","12,500,000","6,700,000","2,600,000","2,300,000","-700,000","600,000","200,000",,,,,"700,000","1,000,000","200,000",,,,,,,,,
TaxProvision,"-40,804,000","928,000","-8,116,000","-17,643,000","-15,973,000","-20,970,000","-24,846,000","-12,993,000","-19,317,000","-70,170,000","-23,430,000","-64,513,000","-10,128,000","-6,604,000","-21,370,000","-16,517,000","-8,382,000","282,000","-226,758,000","-13,652,000","-56,354,000","-36,947,000","-43,677,000","-49,428,000","-49,027,000","-35,430,000","-27,511,000","-112,452,000","-14,720,000","6,720,000","41,216,000","7,556,000","25,905,000","16,942,000","9,475,000","43,301,000","23,528,000","32,128,000","35,585,000","31,354,000","53,340,000","55,917,000","51,953,000","46,953,000","46,831,000","42,201,000","36,718,000","17,232,000","16,400,000","2,506,000","-6,844,000","-9,872,000","-10,022,000","9,143,000","50,128,000","57,056,000","45,780,000","42,915,000","46,529,000","46,695,000","75,320,000","63,624,000","85,765,000","96,588,000","99,507,000","89,407,000","67,517,000","64,283,000","45,344,000","34,875,000","21,901,000","17,658,000","11,514,000","12,088,000","10,672,000","10,488,000","7,387,000","3,815,000","1,143,000","467,000","-2,564,000","2,624,000","11,657,000","38,419,000","30,319,000","12,422,000","7,676,000","4,042,000","2,023,000","503,000","300,000","-1,100,000","-1,500,000","-1,900,000","-3,400,000","-400,000","1,100,000","2,800,000","4,800,000","4,600,000","2,400,000","1,000,000","100,000","-100,000","200,000","-1,600,000",,,,,"-300,000","100,000","100,000",,,,,,,,,
NetIncomeCommonStockholders,"-576,909,000","-28,777,000","-361,825,000","-82,998,000","-103,309,000","-106,413,000","-106,527,000","-112,111,000","-150,332,000","-434,722,000","-85,923,000","-261,719,000","-49,447,000","-28,614,000","-201,249,000","-75,042,000","-10,713,000","-34,417,000","195,232,000","-33,769,000","-92,184,000","-63,539,000","-78,122,000","-84,143,000","-85,020,000","-69,822,000","-58,072,000","-223,619,000","-18,777,000","9,039,000","56,994,000","15,816,000","53,724,000","34,469,000","16,392,000","73,612,000","40,376,000","55,748,000","56,327,000","50,806,000","92,538,000","97,274,000","87,595,000","81,928,000","81,638,000","71,252,000","53,854,000","29,374,000","29,528,000","4,186,000","-18,170,000","-18,580,000","-17,743,000","16,203,000","79,492,000","108,746,000","81,422,000","77,409,000","85,106,000","98,181,000","139,551,000","115,801,000","156,318,000","185,990,000","171,690,000","159,256,000","125,192,000","110,135,000","77,665,000","59,748,000","38,480,000","29,964,000","19,607,000","20,682,000","20,405,000","17,113,000","12,052,000","5,756,000","1,830,000","249,000","-3,845,000","3,935,000","18,703,000","60,382,000","48,466,000","20,544,000","12,286,000","6,749,000","3,808,000","911,000","300,000","-2,400,000","-3,100,000","-3,900,000","-6,000,000","-500,000","1,700,000","4,500,000","8,400,000","7,900,000","4,300,000","1,600,000","2,200,000","-600,000","400,000","1,800,000","0","900,000","600,000","400,000","1,000,000","900,000","100,000","500,000","600,000","300,000","400,000","300,000","0",,,
	NetIncome,"-576,909,000","-28,777,000","-361,825,000","-82,998,000","-103,309,000","-106,413,000","-106,527,000","-112,111,000","-150,332,000","-434,722,000","-85,923,000","-261,719,000","-49,447,000","-28,614,000","-201,249,000","-75,042,000","-10,713,000","-34,417,000","195,402,000","-33,769,000","-92,184,000","-63,539,000","-78,122,000","-84,143,000","-85,866,000","-70,503,000","-58,658,000","-225,978,000","-18,975,000","9,125,000","57,583,000","15,976,000","54,283,000","34,822,000","16,591,000","74,420,000","40,768,000","56,230,000","58,859,000","50,806,000","92,538,000","97,274,000","87,595,000","81,928,000","81,638,000","71,252,000","53,854,000","29,374,000","29,528,000","4,186,000","-18,170,000","-18,580,000","-17,743,000","16,203,000","79,492,000","108,746,000","81,422,000","77,409,000","85,106,000","98,181,000","139,551,000","115,801,000","156,318,000","185,990,000","171,690,000","159,256,000","125,192,000","110,135,000","77,665,000","59,748,000","38,480,000","29,964,000","19,607,000","20,682,000","20,405,000","17,113,000","12,052,000","5,756,000","1,830,000","249,000","-3,845,000","3,935,000","18,703,000","60,382,000","48,466,000","20,544,000","12,286,000","6,749,000","3,808,000","911,000","300,000","-2,400,000","-3,100,000","-3,900,000","-6,000,000","-500,000","1,700,000","4,500,000","8,400,000","7,900,000","4,300,000","1,600,000","2,200,000","-600,000","400,000","1,800,000","0","900,000","600,000","400,000","1,000,000","900,000","100,000","500,000","600,000","300,000","400,000","300,000","0",,,
		NetIncomeIncludingNoncontrollingInterests,"-576,909,000","-28,777,000","-361,825,000","-82,998,000","-103,309,000","-106,413,000","-106,527,000","-112,111,000","-150,332,000","-434,722,000","-85,923,000","-261,719,000","-49,447,000","-28,614,000","-201,249,000","-75,042,000","-10,713,000","-34,417,000","195,402,000","-33,769,000","-92,184,000","-63,539,000","-78,122,000","-84,143,000","-85,866,000","-70,503,000","-58,658,000","-225,978,000","-18,975,000","9,125,000","57,583,000","15,976,000","54,283,000","34,822,000","16,591,000","74,420,000","40,768,000","56,230,000","58,859,000","50,806,000","92,538,000","97,274,000","87,595,000","81,928,000","81,638,000","71,252,000","53,854,000","29,374,000","29,528,000","4,186,000","-18,170,000","-18,580,000","-17,743,000","16,203,000","79,492,000","108,746,000","81,422,000","77,409,000","85,106,000","98,181,000","139,551,000","115,801,000","156,318,000","185,990,000","171,690,000","159,256,000","125,192,000","110,135,000","77,665,000","59,748,000","38,480,000","29,964,000","19,607,000","20,682,000","20,405,000","17,113,000","12,052,000","5,756,000","1,830,000","249,000","-3,845,000","3,935,000","18,703,000","60,382,000","48,466,000","20,544,000","12,286,000","6,749,000","3,808,000","911,000","300,000","-2,400,000","-3,100,000","-3,900,000","-6,000,000","-500,000","1,700,000","4,500,000","8,400,000","7,900,000","4,300,000","1,600,000","2,200,000","-600,000","400,000","1,800,000","0","900,000","600,000","400,000","1,000,000","900,000","100,000","500,000","600,000","300,000","400,000","300,000","0","0","0","0"
			NetIncomeContinuousOperations,"-579,443,000","-28,777,000","-364,359,000","-82,998,000","-103,309,000","-106,413,000","-106,527,000","-112,111,000","-150,332,000","-434,722,000","-85,923,000","-261,719,000","-49,447,000","-28,614,000","-201,249,000","-75,042,000","-10,713,000","-34,417,000","195,402,000","-33,769,000","-92,184,000","-63,539,000","-78,122,000","-84,143,000","-85,866,000","-70,503,000","-58,658,000","-225,978,000","-18,975,000","9,125,000","57,583,000","15,976,000","54,283,000","34,822,000","16,591,000","74,420,000","40,768,000","56,230,000","58,859,000","50,806,000","92,538,000","97,274,000","87,595,000","81,928,000","81,638,000","71,619,000","54,810,000","29,374,000","29,528,000","4,186,000","-13,840,000","-18,580,000","-17,743,000","16,203,000","79,492,000","108,746,000","81,422,000","77,409,000","85,106,000","98,181,000","139,551,000","115,801,000","156,318,000","185,990,000","171,690,000","158,569,000","125,192,000","110,135,000","77,665,000","59,748,000","38,480,000","29,964,000","19,607,000","20,682,000","20,405,000","17,113,000","12,052,000","6,225,000","1,830,000","249,000","-3,845,000","3,935,000","18,703,000","60,382,000","48,466,000","20,544,000","12,286,000","6,749,000","3,808,000","911,000","300,000","-2,400,000","-3,100,000","-3,900,000","-6,000,000","-500,000","1,700,000","4,500,000","8,400,000","7,900,000","4,300,000","1,600,000","2,200,000","-600,000","400,000","1,800,000","0","900,000","600,000","400,000","1,000,000","900,000","100,000","500,000","600,000","300,000","400,000","300,000","200,000","100,000","100,000","100,000"
			NetIncomeDiscontinuousOperations,,,"2,534,000",,,,,,,,,,,,,,,,,,,,,,,,,,,,,,,,,,,,"0","0","0","0","0","0","0","-367,000","-956,000","0","0","0",,,,,,,,,,,,,,,,,,,,,,,,,,,,,,,,,,,,,,,,,,,,,,,,,,,,,,,,,,,,,,,,,,,,,,,,
			NetIncomeExtraordinary,,,,,,,,,,,,,,,,,,,,,,,,,,,,,,,,,,,,,,,,,,,,,,,,,,,,,,,,,,,,,,,"0",,,"687,000",,,,,,,,,"0",,,"-469,000",,,,,,,,,,,,,,,,,,,,,,,,,,,,,,,,,,,,,,,,,,,,
			NetIncomeFromTaxLossCarryforward,,,,,,,,,,,,,,,,,,,,,,,,,,,,,,,,,,,,,,,,,,,,,,,,,,,,,,,,,,,,,,,,,,,,,,,,,,,,,,,,,,,,,,,,,,,,,,,,,,,,,,,,,,,,,,,,,,,,,,,"-200,000","-100,000","-100,000","-100,000"
	OtherunderPreferredStockDividend,,,,,,,,,,,,,,,,,,,,,"0","0",,,"-846,000","-681,000","-586,000","-2,359,000","-198,000","86,000","589,000","160,000","559,000","353,000","199,000","808,000","392,000","482,000",,,,,,,,,,,,,,,,,,,,,,,,,,,,,,,,,,,,,,,,,,,,,,,,,,,,,,,,,,,,,,,,,,,,,,,,,,,,,,,,,,,,
AverageDilutionEarnings,,,,,,,,,,,,,,,,,,,,,,,,,,,,,,,,,,"0","0","5,000","2,000","6,000",,,,,,,,,,,,,,,,,,,,,,,,,,,,,,,,,,,,,,,,,,,,,,,,,,,,,,,,,,,,,,,,,,,,,,,,,,,,,,,,,,,,
DilutedNIAvailtoComStockholders,"-576,909,000","-28,777,000","-361,825,000","-82,998,000","-103,309,000","-106,413,000","-106,527,000","-112,111,000","-150,332,000","-434,722,000","-85,923,000","-261,719,000","-49,447,000","-28,614,000","-201,249,000","-75,042,000","-10,713,000","-34,417,000","195,232,000","-33,769,000","-92,184,000","-63,539,000","-78,122,000","-84,143,000","-85,020,000","-69,822,000","-58,072,000","-223,619,000","-18,777,000","9,039,000","56,994,000","15,816,000","53,724,000","34,469,000","16,392,000","73,617,000","40,378,000","55,754,000","56,327,000","50,806,000","92,538,000","97,274,000","87,595,000","81,928,000","81,638,000","71,252,000","53,854,000","29,374,000","29,528,000","4,186,000","-18,170,000","-18,580,000","-17,743,000","16,203,000","79,492,000","108,746,000","81,422,000","77,409,000","85,106,000","98,181,000","139,551,000","115,801,000","156,318,000","185,990,000","171,690,000","159,256,000","125,192,000","110,135,000","77,665,000","59,748,000","38,480,000","29,964,000","19,607,000","20,682,000","20,405,000","17,113,000","12,052,000","5,756,000","1,830,000","249,000","-3,845,000","3,935,000","18,703,000","60,382,000","48,466,000","20,544,000","12,286,000","6,749,000","3,808,000","911,000","300,000","-2,400,000","-3,100,000","-3,900,000","-6,000,000","-500,000","1,700,000","4,500,000","8,400,000","7,900,000","4,300,000","1,600,000","2,200,000","-600,000","400,000","1,800,000","0","900,000","600,000","400,000","1,000,000","900,000","100,000","500,000","600,000","300,000","400,000","300,000","0",,,
BasicEPS,,"-0.13","-1.68","-0.44","-0.55","-0.57","-0.57","-0.6","-0.81","-2.28","-0.44","-1.31","-0.24","-0.14","-0.93","-0.34","-0.05","-0.16","0.88","-0.16","-0.46","-0.4","-0.53","-0.58","-0.58","-0.48","-0.4","-1.54","-0.13","0.06","0.39","0.11","0.37","0.24","0.12","0.51","0.28","0.38","0.4","0.34","0.6","0.62",,"0.53","0.53","0.46",,"0.19","0.19","0.03",,"-0.12","-0.12","0.11",,"0.7","0.53","0.51",,"0.63","0.9","0.75",,"1.14","1.02","0.93",,"0.64","0.46","0.35",,"0.18","0.12","0.125",,"0.105","0.075","0.035",,"0","-0.025","0.025",,"0.395","0.315","0.27",,"0.1","0.06","0.015",,"-0.035","-0.05","-0.06",,"-0.01","0.025","0.07",,"0.135","0.04","0.03",,"-0.015","0.005","0.065",,"0.04","0.03","0.02",,"0.045","0.005","0.03",,"0.03","0.03","0.025",,"0.005","0.005","0.005"
DilutedEPS,,"-0.13","-1.68","-0.44","-0.55","-0.57","-0.57","-0.6","-0.81","-2.28","-0.44","-1.31","-0.24","-0.14","-0.93","-0.34","-0.05","-0.16","0.88","-0.16","-0.46","-0.4","-0.53","-0.58","-0.58","-0.48","-0.4","-1.54","-0.13","0.06","0.39","0.11","0.37","0.24","0.11","0.51","0.28","0.38","0.4","0.33","0.6","0.62",,"0.53","0.52","0.46",,"0.19","0.19","0.03",,"-0.12","-0.12","0.11",,"0.7","0.52","0.5",,"0.62","0.88","0.73",,"1.12","1","0.91",,"0.63","0.45","0.35",,"0.18","0.12","0.125",,"0.105","0.075","0.035",,"0","-0.025","0.025",,"0.385","0.305","0.26",,"0.095","0.055","0.015",,"-0.035","-0.05","-0.06",,"-0.01","0.025","0.07",,"0.125","0.04","0.03",,"-0.015","0.005","0.065",,"0.04","0.03","0.02",,"0.045","0.005","0.03",,"0.03","0.03","0.025",,"0.005","0.005","0.005"
BasicAverageShares,,"215,267,000","215,087,000","188,965,000","188,408,000","187,677,000","187,478,000","187,280,000","186,633,000","190,674,000","193,687,000","199,343,000","207,499,000","211,868,000","215,700,000","218,059,000","220,093,000","220,783,000","219,843,000","211,875,000","201,204,000","160,062,000","146,664,000","146,326,000","145,944,000","145,770,000","145,709,000","145,662,000","145,300,000","144,983,000","144,922,000","144,798,000","143,622,000","142,892,000","142,698,000","144,446,000","145,465,000","144,827,000","146,895,000","149,846,000","153,269,000","154,625,000",,"152,617,000","153,556,000","153,122,000",,"152,933,000","152,650,000","152,458,000",,"152,242,000","151,941,000","151,735,000",,"154,266,000","153,978,000","152,600,000",,"154,934,000","155,527,000","155,387,000",,"163,412,000","168,894,000","171,818,000",,"171,613,000","169,992,000","168,757,000",,"167,006,000","166,681,000","163,748,000",,"161,808,000","161,058,000","160,326,000",,"157,928,000","157,484,000","154,824,000",,"153,134,000","152,700,000","76,590,000",,"69,146,000","65,760,000","65,106,000",,"68,571,429","62,000,000","65,000,000",,"50,000,000","68,000,000","64,285,714",,"58,518,519","53,333,333","53,333,333",,"30,000,000","27,692,308","27,692,308",,"22,500,000","20,000,000","20,000,000",,"20,000,000","20,000,000","16,666,667",,"10,000,000","13,333,333","12,000,000",,"11,616,000","11,616,000","11,616,000"
DilutedAverageShares,,"215,267,000","215,087,000","188,965,000","188,408,000","187,677,000","187,478,000","187,280,000","186,633,000","190,674,000","193,687,000","199,343,000","207,499,000","211,868,000","215,700,000","218,059,000","220,093,000","220,783,000","221,904,000","211,875,000","201,204,000","160,062,000","146,664,000","146,326,000","145,944,000","145,770,000","145,709,000","145,662,000","145,984,000","145,745,000","145,593,000","146,991,000","146,029,000","145,099,000","144,170,000","145,432,000","146,374,000","146,783,000","147,515,000","150,522,000","153,655,000","155,401,000",,"154,120,000","155,581,000","154,653,000",,"154,109,000","152,871,000","153,122,000",,"152,242,000","151,941,000","151,829,000",,"155,919,000","156,437,000","155,055,000",,"157,339,000","157,912,000","157,742,000",,"165,742,000","171,522,000","174,313,000",,"174,587,000","173,162,000","171,742,000",,"169,664,000","169,062,000","167,234,000",,"164,382,000","164,914,000","164,170,000",,"161,926,000","157,484,000","159,788,000",,"156,664,000","158,304,000","79,028,000",,"72,018,000","68,474,000","67,944,000",,"68,571,429","62,000,000","65,000,000",,"50,000,000","68,000,000","64,285,714",,"63,200,000","53,333,333","53,333,333",,"30,000,000","27,692,308","27,692,308",,"22,500,000","20,000,000","20,000,000",,"20,000,000","20,000,000","16,666,667",,"10,000,000","13,333,333","12,000,000",,"11,616,000","11,616,000","11,616,000"
TotalOperatingIncomeAsReported,"-579,104,000","-18,881,000","-360,804,000","-90,009,000","-109,410,000","-117,527,000","-124,198,000","-114,566,000","-159,084,000","-494,410,000","-82,763,000","-307,305,000","-48,125,000","-23,383,000","-210,790,000","-80,281,000","-9,004,000","-22,102,000",,"-38,016,000","-140,236,000","-92,639,000","-113,226,000","-123,409,000","-124,332,000","-95,259,000","-76,796,000","-329,515,000","-24,764,000","24,103,000","106,833,000","30,291,000","87,226,000","58,776,000","32,102,000","124,551,000","70,606,000","94,932,000","100,209,000","88,594,000","150,894,000","157,664,000","143,900,000","132,294,000","131,860,000","117,547,000","94,828,000","52,509,000","45,757,000","7,831,000","-19,496,000","-27,285,000","-27,142,000","25,709,000","129,955,000","165,282,000","126,419,000","119,874,000","131,315,000","144,100,000","215,136,000","179,725,000","242,747,000","281,905,000","268,913,000","245,599,000","191,117,000","173,511,000","122,416,000","94,252,000","60,497,000","47,408,000","30,799,000","32,510,000","30,839,000","27,354,000","19,153,000","9,844,000","2,878,000","683,000","6,591,000","6,428,000","29,891,000","98,872,000","79,249,000","32,689,000","19,901,000","12,136,000","7,215,000","2,471,000","1,000,000","-2,800,000","-3,700,000","-4,900,000","-8,500,000","-200,000","3,600,000","7,900,000","13,200,000","11,500,000","6,000,000","2,600,000","2,800,000","1,100,000","400,000","500,000","0","900,000","700,000","600,000","500,000","800,000",,"500,000",,,,,,,,
TotalExpenses,"2,192,208,000","526,393,000","818,803,000","446,976,000","400,036,000","359,297,000","350,605,000","322,603,000","366,575,000","545,461,000","577,811,000","888,594,000","727,861,000","734,099,000","803,370,000","951,473,000","869,737,000","839,685,000","832,285,000","713,556,000","670,035,000","405,562,000","364,628,000","332,083,000","323,061,000","366,643,000","418,699,000","628,567,000","500,523,000","636,512,000","801,462,000","819,207,000","673,141,000","621,136,000","627,768,000","607,734,000","589,743,000","571,982,000","553,652,000","557,000,000","558,550,000","590,657,000","585,746,000","541,534,000","468,204,000","449,857,000","409,737,000","326,154,000","261,235,000","263,518,000","168,480,000","203,444,000","187,906,000","270,330,000","429,838,000","443,250,000","399,864,000","384,680,000","389,218,000","379,902,000","307,422,000","367,376,000","395,635,000","391,753,000","367,900,000","352,134,000","340,084,000","295,228,000","267,506,000","256,341,000","227,809,000","211,766,000","203,711,000","186,269,000","177,453,000","179,661,000","176,471,000","155,395,000","137,998,000","132,812,000","114,072,000","121,795,000","144,830,000","190,232,000","195,170,000","97,247,000","83,667,000","66,492,000","59,924,000","56,095,000","53,400,000","42,600,000","34,200,000","31,600,000","40,900,000","42,500,000","47,600,000","52,900,000","48,100,000","46,700,000","34,700,000","28,000,000","25,800,000","19,200,000","14,000,000","11,800,000","12,800,000","11,800,000","10,100,000","9,700,000","11,100,000","9,800,000","6,700,000","5,700,000",,,,,,,,
NetIncomeFromContinuingAndDiscontinuedOperation,"-576,909,000","-28,777,000","-361,825,000","-82,998,000","-103,309,000","-106,413,000","-106,527,000","-112,111,000","-150,332,000","-434,722,000","-85,923,000","-261,719,000","-49,447,000","-28,614,000","-201,249,000","-75,042,000","-10,713,000","-34,417,000","195,402,000","-33,769,000","-92,184,000","-63,539,000","-78,122,000","-84,143,000","-85,866,000","-70,503,000","-58,658,000","-225,978,000","-18,975,000","9,125,000","57,583,000","15,976,000","54,283,000","34,822,000","16,591,000","74,420,000","40,768,000","56,230,000","58,859,000","50,806,000","92,538,000","97,274,000","87,595,000","81,928,000","81,638,000","71,252,000","53,854,000","29,374,000","29,528,000","4,186,000","-18,170,000","-18,580,000","-17,743,000","16,203,000","79,492,000","108,746,000","81,422,000","77,409,000","85,106,000","98,181,000","139,551,000","115,801,000","156,318,000","185,990,000","171,690,000","158,569,000","125,192,000","110,135,000","77,665,000","59,748,000","38,480,000","29,964,000","19,607,000","20,682,000","20,405,000","17,113,000","12,052,000","6,225,000","1,830,000","249,000","-3,845,000","3,935,000","18,703,000","60,382,000","48,466,000","20,544,000","12,286,000","6,749,000","3,808,000","911,000","300,000","-2,400,000","-3,100,000","-3,900,000","-6,000,000","-500,000","1,700,000","4,500,000","8,400,000","7,900,000","4,300,000","1,600,000","2,200,000","-600,000","400,000","1,800,000","0","900,000","600,000","400,000","1,000,000","900,000","100,000","500,000","600,000","300,000","400,000","300,000","200,000",,,
NormalizedIncome,"-567,837,268.108","-27,659,200","-356,050,079.009","-82,240,650","-102,314,832","-107,115,235","-111,072,761.778","-112,913,816","-112,326,534.904","-94,733,764","-88,084,570.08","-247,954,274","-52,715,133","-33,928,540","-17,412,971.211","-78,087,480","-15,322,950","-40,562,870","181,419,600","-27,041,312","-61,514,673","-68,435,736","-81,017,925.5","-85,743,701.971","-88,935,439.126","-72,131,370","-60,929,602.85","-143,715,010.247","-20,773,800","7,375,400","52,983,600","13,348,636.41","52,190,557.827","33,648,288","15,892,123.379","73,548,866.048","40,113,008.336","56,309,548.541","58,166,607.164","49,592,122.468","74,656,886.028","95,715,111.619","84,450,824.842","81,689,617.306","81,588,433.459","71,544,121.587","55,227,000","29,210,131.829","29,416,132.033","4,294,841.004","-13,949,065.945","-18,728,890.763","-17,750,668.504","16,188,296.733","87,638,059.528","108,385,922.594","79,454,332.605","77,474,620.475","86,150,146.238","97,152,944.442","101,545,010.504","115,740,332.345","159,856,549.341","186,623,836.923","172,321,182.978","160,375,454.758","140,719,760.426","110,123,002.586","78,543,876.18","59,802,125.638","37,474,999.089","29,928,764.521","19,380,821.118","19,878,576.564","20,012,356.244","16,643,649.578","11,557,867.38","6,220,039.841","1,846,619.576","330,000","-429,800","3,924,800","18,563,158.729","60,365,499.013","56,513,625.969","20,514,086.999","12,179,523.795","6,715,226.856","3,792,326.531","896,181.754","300,000","-2,468,571.429","-3,100,000","-4,034,482.759","-6,127,659.574","-800,000","1,335,714.286","4,315,068.493","8,081,818.182","7,141,600","3,850,746.269","1,353,846.154","2,008,695.652","685,714.286","133,333.333","1,740,000","-120,000","720,000","540,000","340,000","880,000","630,000","40,000","440,000","600,000","300,000","400,000","300,000","200,000",,,
InterestIncome,"98,000","15,000","26,000","37,000","20,000","139,000","25,000","238,000","334,000","657,000","1,532,000","1,693,000","1,756,000","1,032,000","997,000","817,000","2,360,000","1,423,000","717,000","101,000","642,000","406,000","54,000","63,000","100,000","110,000","40,000","323,000","318,000","283,000","361,000","234,000","208,000","176,000","202,000","293,000","250,000","173,000","172,000","149,000","179,000","54,000","52,000","47,000","45,000","43,000","43,000","64,000","1,380,000","187,000","63,000","53,000","204,000","61,000",,,,,,,,,,,,,,,,,,,,,,,,,,,,,,,,,,,,,,,,,,,,,,,,,,,,,,,,,,,,,,,,,,,,
InterestExpense,"42,534,000","10,565,000","10,582,000","10,683,000","10,704,000","10,009,000","7,274,000","11,288,000","10,984,000","11,224,000","28,183,000","20,739,000","13,298,000","12,984,000","12,910,000","12,376,000","12,667,000","13,625,000","10,543,000","9,584,000","9,075,000","8,270,000","8,644,000","10,244,000","10,678,000","10,800,000","9,431,000","9,254,000","9,249,000","8,541,000","8,395,000","6,993,000","7,249,000","7,188,000","7,149,000","7,503,000","6,941,000","6,766,000","5,910,000","7,207,000","5,051,000","4,582,000","4,414,000","3,835,000","3,514,000","3,889,000","3,761,000","6,227,000","1,383,000","1,401,000","1,414,000","1,448,000","839,000","447,000",,,,,,,,,,,,,,,,,,,,,,,,,,,,,,,,,,,,,,,,,,,,,,,,,,,,,,,,,,,,,,,,,,,,
NetInterestIncome,"-42,436,000","-10,550,000","-10,556,000","-10,646,000","-10,684,000","-9,870,000","-7,249,000","-11,050,000","-10,650,000","-10,567,000","-26,651,000","-19,046,000","-11,542,000","-11,952,000","-11,913,000","-11,559,000","-10,307,000","-12,202,000","-9,826,000","-9,483,000","-8,433,000","-7,864,000","-8,590,000","-10,181,000","-10,578,000","-10,690,000","-9,391,000","-8,931,000","-8,931,000","-8,258,000","-8,034,000","-6,759,000","-7,041,000","-7,012,000","-6,947,000","-7,210,000","-6,691,000","-6,593,000","-5,738,000","-7,058,000","-4,872,000","-4,528,000","-4,362,000","-3,788,000","-3,469,000","-3,846,000","-3,718,000","-6,163,000","-3,000","-1,214,000","-1,351,000","-1,395,000","-635,000","-386,000",,,,,,,,,,,,,,,,,,,,,,,,,,,,,,,,,,,,,,,,,,,,,,,,,,,,,,,,,,,,,,,,,,,,
EBIT,"-577,713,000","-17,284,000","-361,893,000","-89,958,000","-108,578,000","-117,374,000","-124,099,000","-113,816,000","-158,665,000","-493,668,000","-81,170,000","-305,493,000","-46,277,000","-22,234,000","-209,709,000","-79,183,000","-6,428,000","-20,510,000","-20,813,000","-37,837,000","-139,463,000","-92,216,000","-113,155,000","-123,327,000","-124,215,000","-95,133,000","-76,738,000","-329,176,000","-24,446,000","24,386,000","107,194,000","30,525,000","87,437,000","58,952,000","33,215,000","125,224,000","71,237,000","95,124,000","100,354,000","89,367,000","150,929,000","157,773,000","143,962,000","132,716,000","131,983,000","117,709,000","95,289,000","52,833,000","47,311,000","8,093,000","-19,270,000","-27,004,000","-26,926,000","25,793,000","132,012,000","165,282,000","126,419,000","119,874,000","131,315,000","144,100,000","215,136,000","179,725,000","242,747,000","281,905,000","268,913,000","245,599,000","191,117,000","173,511,000","122,416,000","94,252,000","60,497,000","47,408,000","30,799,000","32,510,000","30,839,000","27,354,000","19,153,000","9,844,000","2,878,000","683,000","11,291,000","6,428,000","29,891,000","98,872,000","92,394,000","32,689,000","19,901,000","12,136,000","7,215,000","2,471,000","1,000,000","-2,800,000","-3,700,000","-4,900,000","-8,500,000","-200,000","3,600,000","7,900,000","13,200,000","11,500,000","6,000,000","2,600,000","2,800,000","1,100,000","400,000","500,000","0","900,000","700,000","600,000","500,000","800,000","0","500,000","-15,700,000","6,500,000","5,400,000","5,400,000","-16,300,000","5,500,000","5,500,000","5,500,000"
EBITDA,"235,521,000"
ReconciledCostOfRevenue,"2,095,643,000","500,150,000","790,091,000","426,132,000","379,270,000","335,633,000","323,001,000","298,576,000","337,831,000","513,425,000","543,526,000","853,978,000","676,331,000","703,735,000","770,075,000","915,710,000","834,141,000","798,879,000","777,818,000","689,796,000","646,557,000","386,710,000","346,617,000","317,048,000","305,974,000","347,571,000","402,121,000","609,985,000","481,307,000","603,715,000","779,434,000","800,311,000","653,593,000","601,463,000","609,212,000","588,154,000","571,424,000","554,585,000","931,311,000","397,385,000","413,354,000","452,236,000","438,496,000","416,301,000","349,723,000","339,271,000","300,623,000","227,788,000","193,048,000","176,339,000","78,395,000","117,640,000","100,637,000","179,825,000","331,215,000","357,038,000","318,865,000","303,472,000","305,241,000","297,661,000","289,163,000","295,974,000","318,277,000","327,710,000","305,250,000","292,265,000","260,336,000","244,428,000","218,439,000","211,473,000","187,203,000","172,143,000","165,057,000","153,286,000","146,723,000","148,700,000","145,323,000","124,285,000","104,708,000","103,283,000","96,524,000","93,250,000","114,419,000","159,398,000","159,053,000","81,060,000","69,636,000","56,507,000","49,326,000","46,182,000","44,600,000","33,400,000","25,400,000","22,900,000","31,700,000","33,200,000","38,300,000","44,000,000","40,200,000","39,400,000","28,800,000","23,100,000","22,600,000","13,300,000","10,700,000","9,200,000","9,700,000","9,600,000","7,900,000","7,900,000","9,400,000","8,000,000","5,300,000","4,600,000",,,,,,,,
ReconciledDepreciation,"813,234,000","116,938,000","411,194,000","141,065,000","144,037,000","152,882,000","153,709,000","157,319,000","173,085,000","186,797,000","180,011,000","400,764,000","208,688,000","214,410,000","212,390,000","281,652,000","212,384,000","209,892,000","211,154,000","196,642,000","219,328,000","156,217,000","157,225,000","163,464,000","170,975,000","176,770,000","175,302,000","332,151,000","181,924,000","175,382,000","180,157,000","237,825,000","153,426,000","147,322,000","183,118,000","140,734,000","137,182,000","136,435,000","132,791,000","142,393,000","128,477,000","122,953,000","127,602,000","110,713,000","102,749,000","96,215,000","93,563,000","85,431,000","78,783,000","75,716,000","80,512,000","70,131,000","68,857,000","70,347,000","71,034,000","67,998,000","65,673,000","63,726,000","66,805,000","66,523,000","59,947,000","55,931,000","56,125,000","49,215,000","47,481,000","43,549,000","46,522,000","40,229,000","37,591,000","34,876,000","31,345,000","31,275,000","30,714,000","27,283,000","24,173,000","24,716,000","24,973,000","24,136,000","22,746,000","23,178,000","23,090,000","22,202,000","24,247,000","23,211,000","27,360,000","11,341,000","9,631,000","7,338,000","8,447,000","7,717,000","6,800,000","7,300,000","7,000,000","7,100,000","8,000,000","7,500,000","6,400,000","6,200,000","5,300,000","5,000,000","3,900,000","3,300,000","2,200,000","4,100,000","2,000,000","1,700,000","1,700,000","1,200,000","1,400,000","1,000,000","700,000","1,000,000","700,000","500,000",,,,,,,,
NetIncomeFromContinuingOperationNetMinorityInterest,"-579,443,000","-28,777,000","-364,359,000","-82,998,000","-103,309,000","-106,413,000","-106,527,000","-112,111,000","-150,332,000","-434,722,000","-85,923,000","-261,719,000","-49,447,000","-28,614,000","-201,249,000","-75,042,000","-10,713,000","-34,417,000","195,402,000","-33,769,000","-92,184,000","-63,539,000","-78,122,000","-84,143,000","-85,866,000","-70,503,000","-58,658,000","-225,978,000","-18,975,000","9,125,000","57,583,000","15,976,000","54,283,000","34,822,000","16,591,000","74,420,000","40,768,000","56,230,000","58,859,000","50,806,000","92,538,000","97,274,000","87,595,000","81,928,000","81,638,000","71,619,000","54,810,000","29,374,000","29,528,000","4,186,000","-13,840,000","-18,580,000","-17,743,000","16,203,000","79,492,000","108,746,000","81,422,000","77,409,000","85,106,000","98,181,000","139,551,000","115,801,000","156,318,000","185,990,000","171,690,000","158,569,000","125,192,000","110,135,000","77,665,000","59,748,000","38,480,000","29,964,000","19,607,000","20,682,000","20,405,000","17,113,000","12,052,000","6,225,000","1,830,000","249,000","-3,845,000","3,935,000","18,703,000","60,382,000","48,466,000","20,544,000","12,286,000","6,749,000","3,808,000","911,000","300,000","-2,400,000","-3,100,000","-3,900,000","-6,000,000","-500,000","1,700,000","4,500,000","8,400,000","7,900,000","4,300,000","1,600,000","2,200,000","-600,000","400,000","1,800,000","0","900,000","600,000","400,000","1,000,000","900,000","100,000","500,000","600,000","300,000","400,000","300,000","200,000",,,
TotalUnusualItemsExcludingGoodwill,"-12,423,000","-1,863,000","-8,494,000","-918,000","-1,148,000","841,000","5,606,000","896,000","-42,889,000","-394,876,000","2,751,000","-17,163,000","3,971,000","6,545,000","-203,357,000","3,714,000","6,315,000","8,419,000","23,304,000","-9,449,000","-49,387,000","7,748,000","4,515,000","2,541,000","4,822,000","2,445,000","3,337,000","-123,199,000","2,998,000","2,916,000","7,076,000","3,870,000","3,091,000","1,744,000","1,098,000","1,378,000","1,033,000","-125,000","1,111,000","1,963,000","28,188,000","2,455,000","5,009,000","375,000","78,000","119,000","-695,000","260,000","174,000","-174,000","163,000","228,000","12,000","23,000","-13,283,000","549,000","3,074,000","-102,000","-1,615,000","1,517,000","58,519,000","94,000","-5,480,000","-963,000","-997,000","-2,825,000","-23,902,000","19,000","-1,392,000","-86,000","1,577,000","56,000","359,000","1,273,000","598,000","757,000","797,000","8,000","-27,000","-135,000","-5,692,000","17,000","227,000","27,000","-13,082,000","48,000","173,000","54,000","24,000","23,000",,"100,000",,"200,000","200,000","500,000","600,000","300,000","500,000","1,200,000","700,000","400,000","200,000","-1,500,000","400,000","100,000","200,000","300,000","100,000","100,000","200,000","300,000","100,000","100,000",,,,,,,,
TotalUnusualItems,"-12,423,000","-1,863,000","-8,494,000","-918,000","-1,148,000","841,000","5,606,000","896,000","-42,889,000","-394,876,000","2,751,000","-17,163,000","3,971,000","6,545,000","-203,357,000","3,714,000","6,315,000","8,419,000","23,304,000","-9,449,000","-49,387,000","7,748,000","4,515,000","2,541,000","4,822,000","2,445,000","3,337,000","-123,199,000","2,998,000","2,916,000","7,076,000","3,870,000","3,091,000","1,744,000","1,098,000","1,378,000","1,033,000","-125,000","1,111,000","1,963,000","28,188,000","2,455,000","5,009,000","375,000","78,000","119,000","-695,000","260,000","174,000","-174,000","163,000","228,000","12,000","23,000","-13,283,000","549,000","3,074,000","-102,000","-1,615,000","1,517,000","58,519,000","94,000","-5,480,000","-963,000","-997,000","-2,825,000","-23,902,000","19,000","-1,392,000","-86,000","1,577,000","56,000","359,000","1,273,000","598,000","757,000","797,000","8,000","-27,000","-135,000","-5,692,000","17,000","227,000","27,000","-13,082,000","48,000","173,000","54,000","24,000","23,000",,"100,000",,"200,000","200,000","500,000","600,000","300,000","500,000","1,200,000","700,000","400,000","200,000","-1,500,000","400,000","100,000","200,000","300,000","100,000","100,000","200,000","300,000","100,000","100,000",,,,,,,,
NormalizedEBITDA,"247,944,000","101,517,000","57,795,000","52,025,000","36,607,000","34,667,000","24,004,000","42,607,000","57,309,000","88,005,000","96,090,000","112,434,000","158,440,000","185,631,000","206,038,000","198,755,000","199,641,000","180,963,000","167,037,000","168,254,000","129,252,000","56,253,000","39,555,000","37,596,000","41,938,000","79,192,000","95,227,000","126,174,000","154,480,000","196,852,000","280,275,000","264,480,000","237,772,000","204,530,000","215,235,000","264,580,000","207,386,000","231,684,000","232,034,000","229,797,000","251,218,000","278,271,000","266,555,000","243,054,000","234,654,000","213,805,000","189,547,000","138,004,000","125,920,000","83,983,000","61,079,000","42,899,000","41,919,000","96,117,000","216,329,000","232,731,000","189,018,000","183,702,000","199,735,000","209,106,000","216,564,000","235,562,000","304,352,000","332,083,000","317,391,000","291,973,000","261,541,000","213,721,000","161,399,000","129,214,000","90,265,000","78,627,000","61,154,000","58,520,000","54,414,000","51,313,000","43,329,000","33,972,000","25,651,000","23,996,000","40,073,000","28,613,000","53,911,000","122,056,000","132,836,000","43,982,000","29,359,000","19,420,000","15,638,000","10,165,000","7,800,000","4,400,000","3,300,000","2,000,000","-700,000","6,800,000","9,400,000","13,800,000","18,000,000","15,300,000","9,200,000","5,500,000","4,800,000","6,700,000","2,000,000","2,100,000","1,500,000","1,800,000","2,000,000","1,500,000","1,000,000","1,500,000","600,000","900,000","-15,700,000","6,500,000","5,400,000","5,400,000","-16,300,000","5,500,000","5,500,000","5,500,000"
TaxRateForCalcs,"0.066","0.4","0.022","0.175","0.134","0.165","0.189","0.104","0.114","0.139","0.214","0.198","0.177","0.188","0.096","0.18","0.27","0.27","0.4","0.288","0.379","0.368","0.359","0.37","0.363","0.334","0.319","0.332","0.4","0.4","0.35","0.321","0.323","0.327","0.364","0.368","0.366","0.364","0.377","0.382","0.366","0.365","0.372","0.364","0.365","0.371","0.4","0.37","0.357","0.374","0.331","0.347","0.361","0.361","0.387","0.344","0.36","0.357","0.353","0.322","0.351","0.355","0.354","0.342","0.367","0.361","0.35","0.369","0.369","0.371","0.363","0.371","0.37","0.369","0.343","0.38","0.38","0.38","0.384","0.4","0.4","0.4","0.384","0.389","0.385","0.377","0.385","0.375","0.347","0.356","0.4","0.314","0.326","0.328","0.362","0.4","0.393","0.384","0.364","0.368","0.358","0.385","0.043","0.143","0.333","0.4","0.4","0.4","0.4","0.4","0.4","0.1","0.4","0.4","0.4","0.4","0.4","0.4","0.4",,,
TaxEffectOfUnusualItems,"-817,268.108","-745,200","-185,079.009","-160,650","-153,832","138,765","1,060,238.222","93,184","-4,883,534.904","-54,887,764","589,429.92","-3,398,274","702,867","1,230,460","-19,520,971.211","668,520","1,705,050","2,273,130","9,321,600","-2,721,312","-18,717,673","2,851,264","1,619,074.5","940,298.029","1,752,560.874","816,630","1,065,397.15","-40,936,010.247","1,199,200","1,166,400","2,476,600","1,242,636.41","998,557.827","570,288","399,123.379","506,866.048","378,008.336","-45,451.459","418,607.164","749,122.468","10,306,886.028","896,111.619","1,864,824.842","136,617.306","28,433.459","44,121.587","-278,000","96,131.829","62,132.033","-65,158.996","53,934.055","79,109.237","4,331.496","8,296.733","-5,136,940.472","188,922.594","1,106,332.605","-36,379.525","-570,853.762","488,944.442","20,513,010.504","33,332.345","-1,941,450.659","-329,163.077","-365,817.022","-1,018,545.242","-8,374,239.574","7,002.586","-513,123.82","-31,874.362","571,999.089","20,764.521","132,821.118","469,576.564","205,356.244","287,649.578","302,867.38","3,039.841","-10,380.424","-54,000","-2,276,800","6,800","87,158.729","10,499.013","-5,034,374.031","18,086.999","66,523.795","20,226.856","8,326.531","8,181.754","0","31,428.571","0","65,517.241","72,340.426","200,000","235,714.286","115,068.493","181,818.182","441,600","250,746.269","153,846.154","8,695.652","-214,285.714","133,333.333","40,000","80,000","120,000","40,000","40,000","80,000","30,000","40,000","40,000","0","0","0","0","0",,,