name,ttm,03/31/2022,12/31/2021,09/30/2021,06/30/2021,03/31/2021,12/31/2020,09/30/2020,06/30/2020,03/31/2020,12/31/2019,09/30/2019,06/30/2019,03/31/2019,12/31/2018,09/30/2018,06/30/2018,03/31/2018,12/31/2017,09/30/2017,06/30/2017,03/31/2017,12/31/2016,09/30/2016,06/30/2016,03/31/2016,12/31/2015,09/30/2015,06/30/2015,03/31/2015,12/31/2014,09/30/2014,06/30/2014,03/31/2014,12/31/2013,09/30/2013,06/30/2013,03/31/2013,12/31/2012,09/30/2012,06/30/2012,03/31/2012,12/31/2011,09/30/2011,06/30/2011,03/31/2011,12/31/2010,09/30/2010,06/30/2010,03/31/2010,12/31/2009,09/30/2009,06/30/2009,03/31/2009,12/31/2008,09/30/2008,06/30/2008,03/31/2008,12/31/2007,09/30/2007,06/30/2007,03/31/2007,12/31/2006,09/30/2006,06/30/2006,03/31/2006,12/31/2005,09/30/2005,06/30/2005,03/31/2005,12/31/2004,09/30/2004,06/30/2004,03/31/2004,12/31/2003,09/30/2003,06/30/2003,03/31/2003,12/31/2002,09/30/2002,06/30/2002,03/31/2002,12/31/2001,09/30/2001,06/30/2001,03/31/2001,12/31/2000,09/30/2000,06/30/2000,03/31/2000,12/31/1999,09/30/1999,06/30/1999,03/31/1999,12/31/1998,09/30/1998,06/30/1998,03/31/1998,12/31/1997,09/30/1997,06/30/1997,03/31/1997,12/31/1996,09/30/1996,06/30/1996,03/31/1996,12/31/1995,09/30/1995,06/30/1995,03/31/1995,12/31/1994,09/30/1994,06/30/1994,03/31/1994,12/31/1993,09/30/1993,06/30/1993,03/31/1993,12/31/1992,09/30/1992,06/30/1992,03/31/1992
TotalRevenue,"2,099,367,000","542,692,000","528,885,000","512,782,000","515,008,000","511,746,000","469,811,000","472,941,000","460,623,000","409,859,000","417,514,000","403,706,000","399,623,000","398,405,000","373,981,000","364,007,000","407,959,000","427,369,000","467,606,000","431,709,000","434,778,000","449,266,000","439,619,000","422,442,000","422,964,000","428,595,000","416,816,000","389,284,000","398,991,000","432,284,000","425,509,000","390,399,000","380,864,000","401,377,000","387,890,000","346,342,000","349,186,000","355,604,000","367,284,000","325,514,000","318,579,000","331,276,000","306,213,000","305,668,000","293,534,000","312,467,000","286,838,000","273,126,000","280,647,000","285,786,000","280,478,000","263,946,000","276,637,000","284,972,000","279,646,000","280,028,000","283,408,000","289,005,000","283,940,000","262,775,000","256,256,000","260,624,000","277,923,000","239,692,000","241,593,000","242,349,000","237,945,000","236,335,000","242,134,000","252,374,000","247,655,000","227,825,000","230,037,000","236,909,000","239,038,000","219,589,000","226,469,000","232,282,000","236,118,000","227,853,000","236,583,000","245,665,000","243,992,000","240,073,000","239,161,000","248,006,000","261,290,000","224,803,000","231,535,000","227,049,000","215,500,000","202,100,000","200,400,000","187,400,000","188,200,000","166,400,000","162,300,000","152,900,000","144,700,000","128,300,000","126,200,000","109,600,000","103,000,000","92,700,000","87,700,000","76,700,000","81,700,000","62,400,000","57,300,000","52,000,000","50,200,000","42,600,000","37,100,000","31,600,000","29,400,000","22,900,000","19,400,000","17,100,000","12,400,000","12,200,000","12,200,000","12,200,000"
	OperatingRevenue,"1,847,604,000","477,329,000","466,272,000","451,149,000","452,854,000","449,434,000","415,062,000","418,430,000","406,392,000","362,361,000","369,070,000","360,441,000","356,042,000","353,904,000","354,214,000","342,984,000","387,815,000","406,875,000","467,606,000","431,709,000","434,778,000","449,266,000","439,619,000","422,442,000","422,964,000","428,595,000","402,215,000","375,208,000","384,571,000","410,670,000","401,034,000","367,040,000","367,269,000","388,627,000","373,185,000","332,776,000","336,742,000","342,997,000","316,061,000","325,514,000","318,579,000","331,276,000","306,213,000","305,668,000","293,534,000","312,467,000","286,838,000","273,126,000","280,647,000","285,786,000","280,478,000","263,946,000","276,637,000","284,972,000","279,646,000","280,028,000","283,408,000","289,005,000","283,940,000","262,775,000","256,256,000","260,624,000","277,923,000","239,692,000","241,593,000","242,349,000","237,945,000","236,335,000","242,134,000","252,374,000","247,655,000","227,825,000","230,037,000","236,909,000","239,038,000","219,589,000","226,469,000","232,282,000","236,118,000","227,853,000","236,583,000","245,665,000","243,992,000","240,073,000","239,161,000","248,006,000","261,290,000","224,803,000","231,535,000","227,049,000","215,500,000","202,100,000","200,400,000","187,400,000","188,200,000","166,400,000","162,300,000","152,900,000","144,700,000","128,300,000","126,200,000","109,600,000","103,000,000","92,700,000","87,700,000","76,700,000","81,700,000","62,400,000","57,300,000","52,000,000","50,200,000","42,600,000","37,100,000","31,600,000","29,400,000","22,900,000","19,400,000","17,100,000","12,400,000","12,200,000","12,200,000","12,200,000"
CostOfRevenue,"1,676,322,000","439,220,000","424,248,000","408,658,000","404,196,000","401,997,000","382,282,000","383,027,000","369,284,000","334,441,000","338,213,000","335,170,000","283,346,000","285,915,000","293,370,000","288,948,000","309,329,000","328,030,000","377,109,000","349,683,000","344,904,000","357,121,000","347,439,000","337,896,000","333,479,000","335,706,000","259,914,000","244,094,000","248,599,000","266,376,000","455,618,000","229,016,000","229,028,000","243,572,000","201,749,000","220,216,000","217,170,000","220,843,000","377,166,000","156,562,000","148,268,000","248,431,000","499,783,000","151,456,000","236,878,000","239,361,000","221,417,000","130,200,000","218,996,000","215,847,000","256,633,000","197,365,000","204,362,000","228,643,000","518,211,000","131,157,000","129,319,000","121,578,000","326,854,000","114,513,000","111,199,000","110,901,000","408,585,000","101,266,000","178,146,000","106,528,000","145,689,000","132,039,000","133,393,000","140,939,000","221,235,000","102,802,000","133,547,000","144,139,000","303,466,000","126,784,000","127,405,000","130,895,000","134,601,000","129,068,000","127,012,000","134,478,000","148,428,000","140,369,000","190,622,000","197,567,000","286,461,000","102,171,000","128,634,000","127,268,000","180,700,000","98,500,000","113,300,000","105,100,000","112,900,000","97,800,000","93,100,000","89,200,000","96,200,000","74,300,000","73,200,000","64,200,000","91,700,000","47,600,000","45,100,000","39,200,000","50,300,000","38,400,000","34,800,000","42,500,000","41,400,000","35,600,000","30,600,000","10,900,000","24,300,000","18,900,000","16,100,000","14,200,000",,,,
GrossProfit,"423,045,000","103,472,000","104,637,000","104,124,000","110,812,000","109,749,000","87,529,000","89,914,000","91,339,000","75,418,000","79,301,000","68,536,000","116,277,000","112,490,000","80,611,000","75,059,000","98,630,000","99,339,000","90,497,000","82,026,000","89,874,000","92,145,000","92,180,000","84,546,000","89,485,000","92,889,000","156,902,000","145,190,000","150,392,000","165,908,000","-30,109,000","161,383,000","151,836,000","157,805,000","186,141,000","126,126,000","132,016,000","134,761,000","-9,882,000","168,952,000","170,311,000","82,845,000","-193,570,000","154,212,000","56,656,000","73,106,000","65,421,000","142,926,000","61,651,000","69,939,000","23,845,000","66,581,000","72,275,000","56,329,000","-238,565,000","148,871,000","154,089,000","167,427,000","-42,914,000","148,262,000","145,057,000","149,723,000","-130,662,000","138,426,000","63,447,000","135,821,000","92,256,000","104,296,000","108,741,000","111,435,000","26,420,000","125,023,000","96,490,000","92,770,000","-64,428,000","92,805,000","99,064,000","101,387,000","101,517,000","98,785,000","109,571,000","111,187,000","95,564,000","99,704,000","48,539,000","50,439,000","-25,171,000","122,632,000","102,901,000","99,781,000","34,800,000","103,600,000","87,100,000","82,300,000","75,300,000","68,600,000","69,200,000","63,700,000","48,500,000","54,000,000","53,000,000","45,400,000","11,300,000","45,100,000","42,600,000","37,500,000","31,400,000","24,000,000","22,500,000","9,500,000","8,800,000","7,000,000","6,500,000","20,700,000","5,100,000","4,000,000","3,300,000","2,900,000",,,,
OperatingExpense,"247,224,000","58,241,000","62,742,000","63,394,000","62,847,000","59,004,000","61,846,000","65,365,000","60,805,000","59,946,000","82,283,000","65,335,000","102,209,000","106,981,000","90,554,000","89,049,000","71,141,000","72,226,000","52,219,000","48,511,000","52,657,000","48,464,000","50,991,000","51,163,000","52,654,000","49,991,000","116,673,000","117,753,000","119,396,000","130,079,000","-68,774,000","138,235,000","126,801,000","127,336,000","154,163,000","105,770,000","105,068,000","105,136,000","67,723,000","112,175,000","145,984,000","55,589,000","-217,263,000","137,254,000","37,501,000","45,895,000","43,201,000","129,143,000","38,852,000","41,997,000","3,192,000","46,907,000","47,673,000","25,979,000","-259,704,000","135,580,000","140,282,000","152,200,000","-55,120,000","142,755,000","132,609,000","127,837,000","-158,483,000","117,999,000","38,948,000","110,613,000","72,345,000","86,648,000","90,542,000","94,493,000","9,972,000","106,589,000","99,851,000","77,936,000","-79,186,000","85,116,000","80,202,000","82,156,000","82,063,000","80,441,000","88,066,000","89,063,000","75,541,000","81,336,000","26,599,000","27,987,000","-48,268,000","102,450,000","80,758,000","80,534,000","17,800,000","84,600,000","68,200,000","64,600,000","60,200,000","54,800,000","55,200,000","51,300,000","36,600,000","44,300,000","43,700,000","37,100,000","2,900,000","38,500,000","36,700,000","32,500,000","26,100,000","20,100,000","19,000,000","6,300,000","5,400,000","4,400,000","4,200,000","18,900,000","3,100,000","2,400,000","2,100,000","1,900,000",,,,
	SellingGeneralAndAdministration,"199,344,000","46,301,000","50,756,000","51,917,000","50,370,000","46,128,000","49,577,000","52,601,000","48,428,000","47,651,000","70,104,000","53,503,000","48,718,000","51,135,000","58,648,000","55,462,000","38,712,000","39,729,000","40,843,000","37,330,000","42,003,000","38,007,000","40,393,000","40,549,000","42,623,000","40,247,000","93,834,000","93,817,000","95,612,000","97,619,000","25,333,000","62,527,000","60,326,000","64,066,000","63,386,000","57,047,000","58,339,000","57,847,000","-83,997,000","103,983,000","103,552,000","47,662,000","-127,918,000","97,041,000","29,076,000","37,583,000","35,977,000","90,481,000","30,677,000","36,926,000","12,781,000","38,777,000","39,492,000","27,763,000","-252,120,000","122,921,000","124,329,000","135,879,000","-82,247,000","125,804,000","117,826,000","119,454,000","-156,058,000","114,368,000","36,207,000","78,564,000","76,719,000","80,239,000","81,484,000","81,379,000","-1,908,000","98,815,000","73,353,000","69,632,000","-86,787,000","77,375,000","72,395,000","74,246,000","74,192,000","72,455,000","80,031,000","81,214,000","66,635,000","72,375,000","17,817,000","19,460,000","-57,051,000","93,723,000","72,319,000","72,311,000","10,100,000","78,300,000","62,500,000","59,100,000","58,600,000","48,500,000","49,100,000","45,400,000","30,200,000","39,000,000","39,000,000","33,000,000","-1,500,000","34,900,000","33,400,000","29,600,000","23,200,000","18,100,000","16,900,000","4,600,000","3,700,000","3,000,000","3,000,000","18,000,000","2,400,000","1,900,000","1,700,000","1,600,000",,,,
		GeneralAndAdministrativeExpense,"199,344,000","46,301,000","50,756,000","51,917,000","50,370,000","46,128,000","49,577,000","52,601,000","48,428,000","47,651,000","70,104,000","53,503,000","48,718,000","51,135,000","58,648,000","55,462,000","38,712,000","39,729,000","40,843,000","37,330,000","42,003,000","38,007,000","40,393,000","40,549,000","42,623,000","40,247,000","76,225,000","77,524,000","79,120,000","80,849,000","8,849,000","47,158,000","44,972,000","47,810,000","48,108,000","42,623,000","43,662,000","43,054,000","-98,683,000","90,063,000","90,274,000","47,662,000",,"85,251,000","37,832,000","37,583,000","35,977,000","79,217,000","38,107,000","36,926,000","12,781,000","38,777,000","39,492,000","27,763,000",,"110,798,000","112,416,000","123,182,000","-94,308,000","112,806,000","106,667,000","108,551,000","-167,939,000","103,983,000","26,386,000","69,372,000","67,730,000","70,843,000","71,538,000","71,768,000","-12,413,000","89,791,000","64,071,000","60,185,000","-96,855,000","68,287,000","62,984,000","64,484,000","65,041,000","64,025,000","71,239,000","71,777,000","59,245,000","63,852,000",,,,,,,,,,,,,,,,,,,,,,,,,,,,,,,,,,,,,,
			SalariesAndWages,,,,,,,,,,,,,,,,,,,,,,,,,,,"76,904,000","74,258,000",,,,,,,"53,140,000","52,048,000",,"53,339,000",,"49,241,000","49,057,000",,,"35,012,000",,,,"33,320,000",,,,,,,,,,,,,,,,,,,,,,,,,,,,,,,,,,,,,,,,,,,,,,,,,,,,,,,,,,,,,,,,,,,,,,,,,,
			RentAndLandingFees,,,,,,,,,,,,,,,,,,,,,,,,,,,"37,055,000","39,864,000","36,073,000","37,100,000","39,677,000","10,344,000","9,446,000","9,311,000","9,313,000","9,583,000","8,939,000","8,711,000","9,032,000",,,,,,,,,,,,,,,,,,,,,,,,,,,,,,,,,,,,,,,,,,,,,,,,,,,,,,,,,,,,,,,,,,,,,,,,,,,,,,,,,,,
			OtherGandA,"199,344,000","46,301,000","50,756,000","51,917,000","50,370,000","46,128,000","49,577,000","52,601,000","48,428,000","47,651,000","70,104,000","53,503,000","48,718,000","51,135,000","58,648,000","55,462,000","38,712,000","39,729,000","40,843,000","37,330,000","42,003,000","38,007,000","40,393,000","40,549,000","42,623,000","40,247,000","39,170,000","37,660,000","43,047,000","43,749,000","37,950,000","36,814,000","35,526,000","38,499,000","38,795,000","33,040,000","34,723,000","34,343,000","12,697,000","40,822,000","41,217,000",,,"50,239,000",,,,"45,897,000",,,,,,,,"110,798,000","112,416,000","123,182,000","-94,308,000","112,806,000","106,667,000","108,551,000","-167,939,000","103,983,000","26,386,000","69,372,000","67,730,000","70,843,000","71,538,000","71,768,000","-12,413,000","89,791,000","64,071,000","60,185,000","-96,855,000","68,287,000","62,984,000","64,484,000","65,041,000","64,025,000","71,239,000","71,777,000","59,245,000","63,852,000",,,,,,,,,,,,,,,,,,,,,,,,,,,,,,,,,,,,,,
		SellingAndMarketingExpense,,,,,,,,,,,,,,,,,,,,,,,,,,,"17,609,000","16,293,000","16,492,000","16,770,000","16,484,000","15,369,000","15,354,000","16,256,000","15,278,000","14,424,000","14,677,000","14,793,000","14,686,000","13,920,000","13,278,000",,,"11,790,000",,,,"11,264,000",,,,,,,,"12,123,000","11,913,000","12,697,000","12,061,000","12,998,000","11,159,000","10,903,000","11,881,000","10,385,000","9,821,000","9,192,000","8,989,000","9,396,000","9,946,000","9,611,000","10,505,000","9,024,000","9,282,000","9,447,000","10,068,000","9,088,000","9,411,000","9,762,000","9,151,000","8,430,000","8,792,000","9,437,000","7,390,000","8,523,000",,,,,,,,,,,,,,,,,,,,,,,,,,,,,,,,,,,,,,
	ResearchAndDevelopment,,,,,,,,,,,,,,,,,,,,,,,,,,,,,,"1,344,000",,,"1,229,000","1,303,000",,,,,,,,,,,,,,,,,,,,,,,,,,,,,,,,,,,,,,,,,,,,,,,,,,,,,,,,,,,,,,,,,,,,,,,,,,,,,,,,,,,,,,,,
	DepreciationAmortizationDepletionIncomeStatement,"47,880,000","11,940,000","11,986,000","11,477,000","12,477,000","12,876,000","12,269,000","12,764,000","12,377,000","12,295,000","12,179,000","11,832,000","11,521,000","11,749,000","11,548,000","11,585,000","11,731,000","11,539,000","11,376,000","11,181,000","10,654,000","10,457,000","10,598,000","10,614,000","10,031,000","9,744,000","9,669,000","10,461,000","10,136,000","10,041,000","10,426,000","10,520,000","9,855,000","9,164,000","9,433,000","8,605,000","8,530,000","8,537,000","8,575,000","8,192,000","8,104,000","7,927,000","7,970,000","7,974,000","8,425,000","8,312,000","8,285,000","8,067,000","8,175,000","7,880,000","8,490,000","8,130,000","8,181,000","7,955,000","7,846,000","8,590,000","8,404,000","8,006,000","8,471,000","7,911,000","7,589,000","7,895,000","7,370,000","6,674,000","6,603,000","6,561,000","6,805,000","7,277,000","7,294,000","7,374,000","8,007,000","7,774,000","7,817,000","7,561,000","7,601,000","7,741,000","7,807,000","7,910,000","7,871,000","7,986,000","8,035,000","7,849,000","8,906,000","8,961,000","8,782,000","8,527,000","8,783,000","8,727,000","8,439,000","8,223,000","7,700,000","6,300,000","5,700,000","5,500,000","1,600,000","6,300,000","6,100,000","5,900,000","6,400,000","5,300,000","4,700,000","4,100,000","4,400,000","3,600,000","3,300,000","2,900,000","2,900,000","2,000,000","2,100,000","1,700,000","1,700,000","1,400,000","1,200,000","900,000","700,000","500,000","400,000","300,000",,,,
		DepreciationAndAmortizationInIncomeStatement,"47,880,000","11,940,000","11,986,000","11,477,000","12,477,000","12,876,000","12,269,000","12,764,000","12,377,000","12,295,000","12,179,000","11,832,000","11,521,000","11,749,000","11,548,000","11,585,000","11,731,000","11,539,000","11,376,000","11,181,000","10,654,000","10,457,000","10,598,000","10,614,000","10,031,000","9,744,000","9,669,000","10,461,000","10,136,000","10,041,000","10,426,000","10,520,000","9,855,000","9,164,000","9,433,000","8,605,000","8,530,000","8,537,000","8,575,000","8,192,000","8,104,000","7,927,000","7,970,000","7,974,000","8,425,000","8,312,000","8,285,000","8,067,000","8,175,000","7,880,000","8,490,000","8,130,000","8,181,000","7,955,000","7,846,000","8,590,000","8,404,000","8,006,000","8,471,000","7,911,000","7,589,000","7,895,000","7,370,000","6,674,000","6,603,000","6,561,000","6,805,000","7,277,000","7,294,000","7,374,000","8,007,000","7,774,000","7,817,000","7,561,000","7,601,000","7,741,000","7,807,000","7,910,000","7,871,000","7,986,000","8,035,000","7,849,000","8,906,000","8,961,000","8,782,000","8,527,000","8,783,000","8,727,000","8,439,000","8,223,000","7,700,000","6,300,000","5,700,000","5,500,000","1,600,000","6,300,000","6,100,000","5,900,000","6,400,000","5,300,000","4,700,000","4,100,000","4,400,000","3,600,000","3,300,000","2,900,000","2,900,000","2,000,000","2,100,000","1,700,000","1,700,000","1,400,000","1,200,000","900,000","700,000","500,000","400,000","300,000",,,,
	ProvisionForDoubtfulAccounts,,,,,,,,,,,,,,,,,,,,,,,,,,,,,,,,"546,000",,,,,,,,,,,,,,,,,,,,,,,,,,,,,,,,,,,,,,,,,,,,,,,,,,,,,,,,,,,,,,,,,,,,,,,,,,,,,,,,,,,,,,,,,,
	OtherOperatingExpenses,,,,,"56,246,000","55,807,000","52,085,000","50,917,000","51,345,000","45,957,000","46,573,000","42,952,000","41,970,000","44,097,000","20,358,000","22,002,000","20,698,000","20,958,000",,,,,,"115,982,000",,,"13,170,000","13,475,000","13,648,000","22,419,000","-103,433,000","64,642,000","56,620,000","54,106,000","81,344,000","40,118,000","38,199,000","38,752,000","38,521,000",,"34,328,000",,,"32,239,000",,,"-1,061,000","30,595,000","-2,173,000","-2,809,000",,,,"-9,739,000","-15,430,000","4,069,000","7,549,000","8,315,000","18,656,000","9,040,000","7,194,000","488,000","-9,795,000","-3,043,000","-3,862,000","25,488,000","-11,179,000","-868,000","1,764,000","5,740,000","3,873,000",,"18,681,000","743,000",,,,,,,,,,,,,,,,,,,,,,,,,,,,,,,,,,,,,,,,,,,,,,,,
OperatingIncome,"175,821,000","45,231,000","41,895,000","40,730,000","47,965,000","50,745,000","25,683,000","24,549,000","30,534,000","15,472,000","-2,982,000","3,201,000","14,068,000","5,509,000","-9,943,000","-13,990,000","27,489,000","27,113,000","38,278,000","33,515,000","37,217,000","43,681,000","41,189,000","33,383,000","36,831,000","42,898,000","40,229,000","27,437,000","30,996,000","35,829,000","38,665,000","23,148,000","25,035,000","30,469,000","31,978,000","20,356,000","26,948,000","29,625,000","-77,605,000","56,777,000","24,327,000","27,256,000","23,693,000","16,958,000","19,155,000","27,211,000","22,220,000","13,783,000","22,799,000","27,942,000","20,653,000","19,674,000","24,602,000","30,350,000","21,139,000","13,291,000","13,807,000","15,227,000","12,206,000","5,507,000","12,448,000","21,886,000","27,821,000","20,427,000","24,499,000","25,208,000","19,911,000","17,648,000","18,199,000","16,942,000","16,448,000","18,434,000","-3,361,000","14,834,000","14,758,000","7,689,000","18,862,000","19,231,000","19,454,000","18,344,000","21,505,000","22,124,000","20,023,000","18,368,000","21,940,000","22,452,000","23,097,000","20,182,000","22,143,000","19,247,000","17,000,000","19,000,000","18,900,000","17,700,000","15,100,000","13,800,000","14,000,000","12,400,000","11,900,000","9,700,000","9,300,000","8,300,000","8,400,000","6,600,000","5,900,000","5,000,000","5,300,000","3,900,000","3,500,000","3,200,000","3,400,000","2,600,000","2,300,000","1,800,000","2,000,000","1,600,000","1,200,000","1,000,000","-33,500,000","12,200,000","12,200,000","12,200,000"
NetNonOperatingInterestIncomeExpense,"-19,822,000","-4,264,000","-7,930,000","-3,979,000","-3,649,000","-3,647,000","-5,792,000","-3,636,000","-3,627,000","-3,967,000","-5,796,000","-4,249,000","-4,272,000","-6,276,000","-8,726,000","-5,963,000","-5,662,000","-4,955,000","-5,148,000","-2,566,000","-1,759,000","-1,810,000","-2,521,000","-1,756,000","-1,631,000","-1,489,000","-2,100,000","-1,180,000","-1,187,000","-1,209,000","-1,252,000","-1,114,000","-975,000","-736,000","442,000","-646,000","-457,000","672,000","-1,809,000","-148,000","-87,000","-118,000","-866,000","-112,000","-88,000","-431,000","-1,345,000","-1,243,000","-1,136,000","-1,244,000","-1,424,000","-1,434,000","-1,440,000","-1,416,000",,,,,,,,,,,,,,,,,,,,,,,,,,,,,,,,,,,,,,,,,,,,,,,,,,,,,,,,,,,,,,,,,,,,
	InterestIncomeNonOperating,,,,,,,,,,,,,,,,,,,,,,,,,,,,,,,,,,"171,000","164,000","87,000",,,"249,000","136,000","195,000","170,000",,"170,000","205,000","177,000",,"173,000","197,000",,,,,,,,,,,,,,,,,,,,,,,,,,,,,,,,,,,,,,,,,,,,,,,,,,,,,,,,,,,,,,,,,,,,,,,,,
	InterestExpenseNonOperating,"19,822,000","4,264,000","7,930,000","3,979,000","3,649,000","3,647,000","5,792,000","3,636,000","3,627,000","3,967,000","5,796,000","4,249,000","4,272,000","6,276,000","8,726,000","5,963,000","5,662,000","4,955,000","5,148,000","2,566,000","1,759,000","1,810,000","2,521,000","1,756,000","1,631,000","1,489,000","2,100,000","1,180,000","1,187,000","1,209,000","1,252,000","1,114,000","975,000","736,000","-442,000","646,000","457,000",,"1,308,000","284,000","282,000","288,000","314,000","282,000","293,000","608,000","1,345,000","1,416,000","1,333,000","1,244,000","1,424,000","1,434,000","1,440,000","1,416,000",,,,,,,,,,,,,,,,,,,,,,,,,,,,,,,,,,,,,,,,,,,,,,,,,,,,,,,,,,,,,,,,,,,,
	TotalOtherFinanceCost,,,,,,,,,,,,,,,,,,,,,,,,,,,,,,,,,,,,,,,,,,,,,,,,,,,,,"1,296,000",,,,,,,,,,,,,,,,,,,,,,,,,,,,,,,,,,,,,,,,,,,,,,,,,,,,,,,,,,,,,,,,,,,,,
OtherIncomeExpense,"-38,095,000","-30,796,000","-1,818,000","-2,153,000","-3,328,000","-3,883,000","436,000",,,,"3,954,000","1,726,000","163,000",,"2,446,000",,"-2,122,000","204,000","-1,674,000",,,,"11,120,000",,,,"794,000",,"-12,278,000",,"1,618,000","-959,000","212,000","144,000","-437,000","293,000","-340,000","672,000","105,374,000","-35,572,000",,,,,,,"274,000",,,"231,000","204,000","149,000","144,000","132,000","7,543,000","2,780,000","-4,364,000","-5,558,000","-7,375,000","-7,854,000","-6,814,000","99,000","8,270,000","3,225,000","5,189,000","-23,790,000","4,662,000","502,000","369,000","-5,363,000","-18,227,000","-4,163,000","-18,538,000","-602,000","139,000","117,000","162,000","254,000","252,000","332,000","198,000",,"375,000","479,000","521,000","583,000","-26,906,000","685,000","592,000","292,000","900,000","800,000","800,000","800,000","1,500,000","1,400,000","900,000","600,000","800,000","1,200,000","800,000","700,000","1,100,000","1,300,000","900,000","600,000","600,000","500,000","400,000","500,000","400,000","300,000","300,000","300,000","100,000","100,000",,,,,,
	GainOnSaleOfSecurity,,,"530,000",,,,"436,000",,,,"-145,000",,,,"75,000",,,,,,,,,,,,,,,,"196,000","171,000","164,000","171,000","164,000","87,000","-340,000","672,000",,,,,,,,,,,,,,,,,,,,,,,,,,,,,,,,,,,,,,,,,,,,,,,,,,,,,,,,,,,,,,,,,,,,,,,,,,,,,,,,,,,,
	SpecialIncomeCharges,"-40,007,000","-30,796,000","-3,730,000","-2,153,000","-3,328,000","-3,883,000","-5,985,000","0","0","0","2,850,000","1,726,000","163,000","0","1,629,000","0","-2,122,000","204,000","-1,674,000",,,,"11,120,000",,,,"0","0","-12,278,000",,,"-1,105,000",,,,"-168,000",,,"104,624,000","-35,572,000",,,,,,,"274,000",,,"231,000","204,000","149,000","144,000","132,000","7,543,000","2,780,000","-4,364,000","-5,558,000","-7,375,000","-7,854,000","-6,814,000","99,000","8,270,000","3,225,000","5,189,000","-23,790,000","4,662,000","502,000","369,000","-5,363,000","-18,227,000","-4,163,000","-18,538,000","-602,000","139,000","117,000","162,000","254,000","252,000","332,000","198,000",,"375,000","479,000","521,000","583,000","-26,906,000","685,000","592,000","292,000","900,000","800,000","800,000","800,000","1,500,000","1,400,000","900,000","600,000","800,000","1,200,000","800,000","700,000","1,100,000","1,300,000","900,000","600,000","600,000","500,000","400,000","500,000","400,000","300,000","300,000","300,000","100,000","100,000",,,,,,
		RestructuringAndMergernAcquisition,"40,007,000","30,796,000","3,730,000","2,153,000","3,328,000","3,883,000","5,985,000","0","0","0","-2,850,000","-1,726,000","-163,000","0","-1,629,000","0","2,122,000","-204,000","1,674,000",,,,"-10,222,000",,,,,,,,,,,,,,,,,,,,,,,,,,,,,,,,,,,,,,,,,,,,,,,,,,,,,,,,,,,,,,,,,,,,,,,,,,,,,,,,,,,,,,,,,,,,,,,,,,,
		OtherSpecialCharges,,,,,,,,,,,,,,,,,,,,,,,"-898,000",,,,"0",,"12,278,000",,,,,,,,,,,,,,,,,,,,,,,,,,,,,,,,,,,,,,,,,,,,,,,,,,,,,,,,,,,,,,,,,,,,,,,,,,,,,,,,,,,,,,,,,,,,,
		GainOnSaleOfBusiness,,,,,,,,,,,,,,"0","1,629,000","0","-2,122,000","204,000","-1,674,000",,,,"10,222,000",,,,,,,,,,,,,,,,,,,,,,,,,,,,,,,,,,,,,,,,,,,,,,,,,,,,,,,,,,,,,,,,,,,,,,,,,,,,,,,,,,,,,,,,,,,,,,,,,,,
		GainOnSaleOfPPE,,,,,,,,,,,,,,,,,,,,,,,,,,,,,,,,"-1,105,000",,,,"-168,000",,,,,,,,,,,,,,,,,,,,,,,,,,,,,,,,,,,,,,,,,,,,,,,,,,,,,,,,,,,,,,,,,,,,,,,,,,,,,,,,,,,,,,
	OtherNonOperatingIncomeExpenses,,,,,,,,,,,,,,,,,,,,,,,,,,,,,,,,"-25,000","48,000","-27,000",,"374,000",,,,,,,,,,,,,,,,,,,,,,,,,,,,,,,,,,,,,,,,,,,,,,,,,,,,,,,,,,,,,,,,,,,,,,,,,,,,,,,,,,,,,,
PretaxIncome,"117,904,000","10,171,000","32,147,000","34,598,000","40,988,000","43,215,000","16,037,000","20,913,000","26,907,000","11,505,000","-4,824,000","678,000","9,959,000","-767,000","-16,223,000","-19,953,000","19,705,000","22,362,000","32,064,000","30,949,000","35,458,000","41,871,000","50,573,000","31,627,000","35,200,000","41,409,000","38,923,000","26,257,000","17,531,000","36,436,000","32,391,000","24,218,000","26,236,000","31,410,000","27,941,000","21,263,000","26,608,000","30,297,000","25,960,000","21,057,000","24,240,000","27,138,000","23,582,000","16,846,000","19,067,000","26,780,000","21,149,000","12,540,000","21,663,000","26,929,000","19,433,000","18,389,000","23,306,000","29,066,000","19,435,000","11,554,000","12,186,000","13,601,000","10,366,000","3,839,000","11,110,000","20,713,000","27,344,000","19,798,000","24,232,000","24,783,000","19,397,000","17,163,000","17,255,000","15,817,000","15,111,000","12,581,000","-4,117,000","13,578,000","13,198,000","6,221,000","17,365,000","17,577,000","17,722,000","16,741,000","19,820,000","20,593,000","18,517,000","16,786,000","20,097,000","20,484,000","-6,701,000","18,487,000","21,065,000","18,735,000","17,900,000","19,800,000","19,700,000","18,300,000","16,700,000","15,200,000","14,900,000","13,200,000","12,800,000","10,900,000","10,000,000","9,000,000","9,400,000","7,800,000","6,700,000","5,600,000","5,800,000","4,300,000","4,000,000","3,600,000","3,800,000","2,900,000","2,600,000","2,100,000","2,200,000","1,800,000","1,300,000","1,100,000",,,,
TaxProvision,"16,805,000","-1,256,000","6,606,000","4,057,000","7,398,000","7,932,000","2,764,000","4,516,000","4,956,000","2,512,000","-3,146,000","421,000","1,283,000","831,000","-2,017,000","-7,359,000","7,040,000","4,982,000","3,089,000","8,280,000","10,476,000","11,972,000","16,294,000","8,977,000","11,088,000","13,358,000","12,642,000","7,281,000","5,063,000","12,197,000","10,036,000","7,256,000","8,397,000","10,869,000","8,204,000","6,385,000","8,563,000","9,978,000","7,914,000","7,112,000","8,299,000","9,068,000","6,737,000","4,906,000","6,014,000","9,231,000","6,311,000","4,020,000","7,560,000","8,965,000","4,893,000","5,753,000","8,037,000","10,302,000","6,659,000","3,807,000","4,538,000","4,976,000","2,622,000","-988,000","4,101,000","7,558,000","8,345,000","6,690,000","8,966,000","9,170,000","6,777,000","6,350,000","6,385,000","5,852,000","5,666,000","4,718,000","-1,544,000","5,092,000","4,949,000","2,333,000","6,511,000","6,592,000","6,646,000","6,278,000","7,433,000","7,722,000","6,989,000","6,335,000","7,584,000","7,731,000","-2,547,000","7,026,000","8,089,000","7,194,000","6,700,000","7,400,000","7,400,000","6,900,000","6,200,000","5,600,000","5,500,000","4,900,000","4,700,000","4,000,000","3,700,000","3,300,000","3,500,000","2,900,000","2,500,000","2,100,000","2,100,000","1,500,000","1,500,000","1,400,000","1,400,000","1,100,000","1,000,000","800,000","800,000","700,000","500,000","400,000",,,,
NetIncomeCommonStockholders,"-12,606,000","10,434,000","24,496,000","28,961,000","-79,898,000","27,113,000","9,327,000","11,457,000","15,707,000","4,972,000","-5,612,000","-3,088,000","4,868,000","-3,801,000","-13,702,000","-13,033,000","11,719,000","16,662,000","28,391,000","21,965,000","24,101,000","28,831,000","32,723,000","21,223,000","22,729,000","26,292,000","24,466,000","17,947,000","10,803,000","22,206,000","21,111,000","15,956,000","16,636,000","19,166,000","17,765,000","14,276,000","17,150,000","19,306,000","16,996,000","13,151,000","14,769,000","16,744,000","15,981,000","11,123,000","12,124,000","16,427,000","14,025,000","7,848,000","13,192,000","16,875,000","13,698,000","11,739,000","14,177,000","17,839,000","12,776,000","7,747,000","7,648,000","8,625,000","7,744,000","4,827,000","7,009,000","13,155,000","18,999,000","13,108,000","15,266,000","16,002,000","14,408,000","10,813,000","10,870,000","9,965,000","9,445,000","7,863,000","-2,573,000","8,486,000","8,249,000","3,475,000","10,854,000","10,985,000","11,076,000","10,463,000","12,387,000","12,871,000","11,528,000","10,451,000","12,513,000","12,753,000","-4,154,000","11,461,000","12,976,000","11,541,000","11,200,000","12,400,000","12,300,000","11,400,000","7,900,000","9,600,000","9,400,000","8,300,000","8,100,000","6,900,000","6,300,000","5,700,000","5,900,000","4,900,000","4,200,000","3,500,000","3,700,000","2,800,000","2,500,000","2,200,000","2,400,000","1,800,000","1,600,000","1,300,000","1,400,000","1,100,000","800,000","700,000","700,000","600,000","600,000","600,000"
	NetIncome,"96,627,000","10,494,000","24,623,000","29,256,000","32,254,000","33,883,000","13,167,000","15,708,000","20,614,000","8,443,000","-2,142,000","385,000","8,354,000","-1,731,000","-13,849,000","-13,033,000","11,791,000","16,737,000","28,509,000","22,054,000","24,200,000","28,948,000","32,855,000","21,310,000","22,820,000","26,402,000","24,568,000","18,020,000","10,853,000","22,306,000","21,218,000","16,033,000","16,717,000","19,303,000","18,295,000","14,276,000","17,150,000","19,306,000","16,996,000","13,151,000","14,769,000","16,744,000","15,981,000","11,123,000","12,124,000","16,427,000","14,025,000","7,848,000","13,192,000","16,875,000","13,698,000","11,739,000","14,177,000","18,764,000","12,776,000","7,747,000","7,648,000","8,625,000","7,744,000","4,827,000","7,009,000","13,155,000","18,999,000","13,108,000","15,266,000","16,002,000","14,408,000","10,813,000","10,870,000","9,965,000","9,445,000","7,863,000","-2,573,000","8,486,000","8,249,000","3,475,000","10,854,000","10,985,000","11,076,000","10,463,000","12,387,000","12,871,000","11,528,000","10,451,000","12,513,000","12,753,000","-4,154,000","11,461,000","12,976,000","11,541,000","11,200,000","12,400,000","12,300,000","11,400,000","7,900,000","9,600,000","9,400,000","8,300,000","8,100,000","6,900,000","6,300,000","5,700,000","5,900,000","4,900,000","4,200,000","3,500,000","3,700,000","2,800,000","2,500,000","2,200,000","2,400,000","1,800,000","1,600,000","1,300,000","1,400,000","1,100,000","800,000","700,000","700,000","600,000","600,000","600,000"
		NetIncomeIncludingNoncontrollingInterests,"101,099,000","11,427,000","25,541,000","30,541,000","33,590,000","35,283,000","13,273,000","16,397,000","21,951,000","8,993,000","-1,678,000","257,000","8,676,000","-1,598,000","-14,206,000","-12,594,000","12,665,000","17,380,000","28,975,000","22,669,000","24,982,000","29,899,000","34,279,000","22,650,000","24,112,000","28,051,000","26,281,000","18,976,000","12,468,000","24,239,000","22,355,000","16,962,000","17,839,000","20,541,000","19,737,000","14,878,000","18,045,000","20,319,000","18,046,000","13,945,000","15,941,000","18,070,000","16,845,000","11,940,000","13,053,000","17,549,000","14,838,000","8,520,000","14,103,000","17,964,000","14,540,000","12,636,000","15,269,000","19,689,000","3,930,000","12,638,000","8,846,000","11,382,000","11,561,000","6,013,000","7,389,000","13,742,000","15,792,000","13,290,000","16,593,000","17,700,000","16,215,000","8,164,000","10,703,000","9,965,000","-5,110,000","8,074,000","-2,573,000","8,486,000","8,249,000","3,475,000","10,854,000","10,985,000","11,076,000","10,463,000","12,387,000","12,871,000","11,528,000","10,451,000","12,513,000","12,753,000","-4,154,000","11,461,000","12,976,000","11,541,000","11,200,000","12,400,000","12,300,000","11,400,000","7,900,000","9,600,000","9,400,000","8,300,000","8,100,000","6,900,000","6,300,000","5,700,000","5,900,000","4,900,000","4,200,000","3,500,000","3,700,000","2,800,000","2,500,000","2,200,000","2,400,000","1,800,000","1,600,000","1,300,000","1,400,000","1,100,000","800,000","700,000","700,000","600,000","600,000","600,000"
			NetIncomeContinuousOperations,"101,099,000","11,427,000","25,541,000","30,541,000","33,590,000","35,283,000","13,273,000","16,397,000","21,951,000","8,993,000","-1,678,000","257,000","8,676,000","-1,598,000","-14,206,000","-12,594,000","12,665,000","17,380,000","28,975,000","22,669,000","24,982,000","29,899,000","34,279,000","22,650,000","24,112,000","28,051,000","26,281,000","18,976,000","12,468,000","24,239,000","22,355,000","16,962,000","17,839,000","20,541,000","19,737,000","14,878,000","18,045,000","20,319,000","18,046,000","13,945,000","15,941,000","18,070,000","16,845,000","11,940,000","13,053,000","17,549,000","14,838,000","8,520,000","14,103,000","17,964,000","14,540,000","12,636,000","15,269,000","19,689,000","12,776,000","7,747,000","7,648,000","8,625,000","7,744,000","4,827,000","7,009,000","13,155,000","18,999,000","13,108,000","15,266,000","15,613,000","12,620,000","10,813,000","10,870,000","9,965,000","9,445,000","7,863,000","-2,573,000","8,486,000","8,249,000","3,888,000","10,854,000","10,985,000","11,076,000","10,463,000","12,387,000","12,871,000","11,528,000","10,451,000","12,513,000","12,753,000","-4,154,000","11,461,000","12,976,000","11,541,000","11,200,000","12,400,000","12,300,000","11,400,000","10,500,000","9,600,000","9,400,000","8,300,000","8,100,000","6,900,000","6,300,000","5,700,000","5,900,000","4,900,000","4,200,000","3,500,000","3,700,000","2,800,000","2,500,000","2,200,000","2,400,000","1,800,000","1,600,000","1,300,000","1,400,000","1,100,000","800,000","700,000","700,000","600,000","600,000","600,000"
			NetIncomeDiscontinuousOperations,,,,,,,,,,,,,,,,,,,,,,,,,,,,,,,,,,,,,,,,,,,,,,,,,,,,,,,,,,,,,,,"0",,,"389,000",,,,,,,,,,,,,,,,,,,,,,,,,,,,,,,,,,,,,,,,,,,,,,,,,,,,,,,,
			NetIncomeExtraordinary,,,,,,,,,,,,,,,,,,,,,,,,,,,,,,,,,,,,,,,,,,,,,,,,,,,,,,,,,,,,,,,,,,,,,,,,,,,"0","-413,000",,,,,,,,,,,,,,,,,,,,,,,,,,,,,,,,,,,,,,,,,,,,,,
		MinorityInterests,"-4,472,000","-933,000","-918,000","-1,285,000","-1,336,000","-1,400,000","-106,000","-689,000","-1,337,000","-550,000","-464,000","128,000","-322,000","-133,000","357,000","-439,000","-874,000","-643,000","-466,000","-615,000","-782,000","-951,000","-1,424,000","-1,340,000","-1,292,000","-1,649,000","-1,713,000","-956,000","-1,615,000","-1,933,000","-1,137,000","-929,000","-1,122,000","-1,238,000","-1,442,000","-602,000","-895,000","-1,013,000","-1,050,000","-794,000","-1,172,000","-1,326,000","-864,000","-817,000","-929,000","-1,122,000","-813,000","-672,000","-911,000","-1,089,000","-842,000","-897,000","-1,092,000","-925,000",,"-4,891,000","-1,198,000","-2,757,000","-3,817,000","-1,186,000","-380,000","-587,000",,"-182,000","-1,327,000","-1,698,000",,"2,649,000","167,000",,,"-211,000",,,,,,,,,,,,,,,,,,,,,,,,,,,,,,,,,,,,,,,,,,,,,,,,,,
	PreferredStockDividends,,,"0",,"109,852,000",,,,"3,347,000","3,471,000","3,470,000","3,473,000","3,486,000","2,070,000",,,,,,,,,,,,,,,,,,,,,,,,,,,,,,,,,,,,,,,,,,,,,,,,,,,,,,,,,,,,,,,,,,,,,,,,,,,,,,,,,,,,,,,,,,,,,,,,,,,,,,,,,,,,
	OtherunderPreferredStockDividend,"-619,000","60,000","127,000","295,000","2,300,000","6,770,000","3,840,000","4,251,000","1,560,000",,"0","0","0","0","-147,000","0","72,000","75,000","118,000","89,000","99,000","117,000","132,000","87,000","91,000","110,000","102,000","73,000","50,000","100,000","107,000","77,000","81,000","137,000","530,000",,,,,,,,,,,,,,,,,,"1,092,000","925,000",,,,,,,,,,,,,,,,,,,,,,,,,,,,,,,,,,,,,,,,,,,,,,,,,,,,,,,,,,,,,,,,,,,,
DilutedNIAvailtoComStockholders,"-12,606,000","10,434,000","24,496,000","28,961,000","-79,898,000","27,113,000","9,327,000","11,457,000","15,707,000","4,972,000","-5,612,000","-3,088,000","4,868,000","-3,801,000","-13,702,000","-13,033,000","11,719,000","16,662,000","28,391,000","21,965,000","24,101,000","28,831,000","32,723,000","21,223,000","22,729,000","26,292,000","24,466,000","17,947,000","10,803,000","22,206,000","21,111,000","15,956,000","16,636,000","19,166,000","17,765,000","14,276,000","17,150,000","19,306,000","16,996,000","13,151,000","14,769,000","16,744,000","15,981,000","11,123,000","12,124,000","16,427,000","14,025,000","7,848,000","13,192,000","16,875,000","13,698,000","11,739,000","14,177,000","17,839,000","12,776,000","7,747,000","7,648,000","8,625,000","7,744,000","4,827,000","7,009,000","13,155,000","18,999,000","13,108,000","15,266,000","16,002,000","14,408,000","10,813,000","10,870,000","9,965,000","9,445,000","7,863,000","-2,573,000","8,486,000","8,249,000","3,475,000","10,854,000","10,985,000","11,076,000","10,463,000","12,387,000","12,871,000","11,528,000","10,451,000","12,513,000","12,753,000","-4,154,000","11,461,000","12,976,000","11,541,000","11,200,000","12,400,000","12,300,000","11,400,000","7,900,000","9,600,000","9,400,000","8,300,000","8,100,000","6,900,000","6,300,000","5,700,000","5,900,000","4,900,000","4,200,000","3,500,000","3,700,000","2,800,000","2,500,000","2,200,000","2,400,000","1,800,000","1,600,000","1,300,000","1,400,000","1,100,000","800,000","700,000","700,000","600,000","600,000","600,000"
BasicEPS,,"0.29","0.67","0.8","-2.3","0.83","0.29","0.35","0.49","0.15","-0.18","-0.1","0.15","-0.12","-0.44","-0.41","0.37","0.5","0.82","0.61","0.66","0.78","0.89","0.57","0.61","0.69","0.63","0.46","0.27","0.56","0.53","0.39","0.4","0.46","0.42","0.33","0.395","0.435","0.38","0.285","0.31","0.35",,"0.225","0.24","0.32",,"0.15","0.245","0.31",,"0.21","0.255","0.325",,"0.14","0.135","0.15",,"0.08","0.115","0.22",,"0.205","0.235","0.24",,"0.158","0.163","0.15",,"0.118","-0.038","0.12",,"0.048","0.153","0.153",,"0.133","0.15","0.15",,"0.115","0.14","0.14",,"0.12","0.128","0.108",,"0.103","0.103","0.095",,"0.083","0.078","0.07",,"0.06","0.055","0.05",,"0.043","0.038","0.033",,"0.028","0.025","0.023",,"0.02","0.018","0.015",,"0.013","0.01","0.01",,"0.008","0.008","0.008"
DilutedEPS,,"0.29","0.67","0.79","-2.3","0.82","0.28","0.35","0.48","0.15","-0.18","-0.1","0.15","-0.12","-0.44","-0.41","0.36","0.5","0.81","0.6","0.65","0.77","0.88","0.57","0.61","0.69","0.62","0.45","0.27","0.55","0.52","0.39","0.4","0.45","0.41","0.325","0.385","0.425","0.37","0.275","0.305","0.345",,"0.22","0.235","0.32",,"0.15","0.245","0.31",,"0.21","0.255","0.32",,"0.14","0.135","0.15",,"0.08","0.115","0.215",,"0.2","0.23","0.235",,"0.155","0.16","0.148",,"0.115","-0.038","0.118",,"0.048","0.15","0.153",,"0.133","0.148","0.15",,"0.115","0.138","0.14",,"0.12","0.128","0.108",,"0.1","0.1","0.093",,"0.08","0.078","0.07",,"0.058","0.053","0.048",,"0.043","0.038","0.033",,"0.028","0.025","0.023",,"0.02","0.018","0.015",,"0.013","0.01","0.01",,"0.008","0.008","0.008"
BasicAverageShares,,"35,927,000","36,171,000","36,387,000","34,729,000","32,756,000","32,698,000","32,616,000","32,335,000","32,093,000","31,783,000","31,601,000","31,587,000","31,554,000","31,534,000","31,573,000","31,941,000","33,279,000","34,745,000","36,146,000","36,732,000","36,810,000","36,892,000","36,989,000","37,203,000","37,931,000","38,909,000","39,394,000","39,692,000","39,827,000","40,097,000","40,739,000","41,225,000","41,778,000","42,417,000","43,182,000","43,484,000","44,512,000","45,652,000","46,536,000","47,466,000","48,106,000",,"49,928,000","50,928,000","50,968,000",,"51,902,000","53,520,000","54,076,000",,"55,838,000","55,578,000","55,280,000",,"55,574,000","56,744,000","57,400,000",,"59,416,000","60,108,000","60,128,000",,"63,914,000","65,178,000","66,244,000",,"68,864,000","66,672,000","66,356,000",,"67,172,000","69,608,000","71,332,000",,"71,724,000","71,620,000","71,676,000",,"78,572,000","82,624,000","85,444,000",,"90,296,000","89,976,000","91,228,000",,"95,464,000","101,104,000","107,404,000",,"120,975,610","120,000,000","120,000,000",,"116,363,636","121,290,323","118,571,429",,"115,000,000","114,545,455","114,000,000",,"115,294,118","112,000,000","107,692,308",,"101,818,182","100,000,000","97,777,778",,"90,000,000","91,428,571","86,666,667",,"88,000,000","80,000,000","70,000,000",,"80,000,000","80,000,000","80,000,000"
DilutedAverageShares,,"36,236,000","36,513,000","36,719,000","34,729,000","33,090,000","32,981,000","32,971,000","32,619,000","32,320,000","31,783,000","31,601,000","31,773,000","31,554,000","31,534,000","31,573,000","32,175,000","33,552,000","35,052,000","36,581,000","37,217,000","37,350,000","37,311,000","37,359,000","37,507,000","38,297,000","39,367,000","39,895,000","40,217,000","40,510,000","40,789,000","41,386,000","41,970,000","42,696,000","43,301,000","44,168,000","44,500,000","45,612,000","46,604,000","47,442,000","48,224,000","48,876,000",,"50,292,000","51,370,000","51,514,000",,"52,162,000","53,942,000","54,308,000",,"56,022,000","55,978,000","55,414,000",,"55,968,000","57,410,000","57,770,000",,"60,054,000","61,200,000","61,126,000",,"65,166,000","66,618,000","67,966,000",,"70,088,000","67,492,000","67,128,000",,"67,668,000","69,608,000","72,596,000",,"72,140,000","71,996,000","72,092,000",,"79,540,000","83,952,000","86,168,000",,"90,856,000","90,716,000","91,604,000",,"96,020,000","102,168,000","108,416,000",,"124,000,000","123,000,000","123,243,243",,"120,000,000","121,290,323","118,571,429",,"120,000,000","120,000,000","120,000,000",,"115,294,118","112,000,000","107,692,308",,"101,818,182","100,000,000","97,777,778",,"90,000,000","91,428,571","86,666,667",,"88,000,000","80,000,000","70,000,000",,"80,000,000","80,000,000","80,000,000"
TotalOperatingIncomeAsReported,"135,814,000","14,435,000","38,165,000","38,577,000","44,637,000","46,862,000","19,698,000","24,549,000","30,534,000","15,472,000","-132,000","4,927,000","14,231,000","5,509,000","-8,314,000","-13,990,000","25,367,000","27,317,000","36,604,000","33,515,000","37,217,000","43,681,000","51,411,000","33,383,000","36,831,000","42,898,000","40,229,000","27,437,000","30,996,000","37,645,000","33,443,000","25,186,000","26,999,000","32,002,000","28,482,000","21,448,000","26,948,000","29,625,000","27,019,000","21,205,000","24,327,000","27,256,000","23,693,000","16,958,000","19,155,000","27,211,000","22,220,000","13,783,000","22,799,000","27,942,000","20,653,000","19,674,000","24,602,000","30,350,000","21,139,000","13,291,000","13,807,000","15,227,000","12,206,000","5,507,000","12,448,000","21,886,000","27,821,000","20,427,000","24,499,000","25,208,000","19,911,000","17,648,000","18,199,000","16,942,000","16,448,000","18,434,000","-3,361,000","14,834,000","14,758,000","7,689,000","18,862,000","19,231,000","19,454,000","18,344,000","21,505,000","22,124,000","20,023,000","18,368,000","21,940,000","22,452,000","23,097,000","20,182,000","22,143,000","19,247,000","17,000,000","19,000,000","18,900,000","17,700,000","15,100,000","13,800,000","14,000,000","12,400,000","11,900,000","9,700,000","9,300,000","8,300,000","8,400,000","6,600,000","5,900,000","5,000,000","5,300,000","3,900,000","3,500,000","3,200,000","3,400,000","2,600,000","2,300,000","1,800,000","2,000,000","1,600,000","1,200,000","1,000,000",,,,
RentExpenseSupplemental,,,,,,,,,,,,,,,,,,,,,,,,,,,"37,055,000","39,864,000","36,073,000","37,100,000","39,677,000","10,344,000","9,446,000","9,311,000","9,313,000","9,583,000","8,939,000","8,711,000","9,032,000",,,,,,,,,,,,,,,,,,,,,,,,,,,,,,,,,,,,,,,,,,,,,,,,,,,,,,,,,,,,,,,,,,,,,,,,,,,,,,,,,,,
TotalExpenses,"1,923,546,000","497,461,000","486,990,000","472,052,000","467,043,000","461,001,000","444,128,000","448,392,000","430,089,000","394,387,000","420,496,000","400,505,000","385,555,000","392,896,000","383,924,000","377,997,000","380,470,000","400,256,000","429,328,000","398,194,000","397,561,000","405,585,000","398,430,000","389,059,000","386,133,000","385,697,000","376,587,000","361,847,000","367,995,000","396,455,000","386,844,000","367,251,000","355,829,000","370,908,000","355,912,000","325,986,000","322,238,000","325,979,000","444,889,000","268,737,000","294,252,000","304,020,000","282,520,000","288,710,000","274,379,000","285,256,000","264,618,000","259,343,000","257,848,000","257,844,000","259,825,000","244,272,000","252,035,000","254,622,000","258,507,000","266,737,000","269,601,000","273,778,000","271,734,000","257,268,000","243,808,000","238,738,000","250,102,000","219,265,000","217,094,000","217,141,000","218,034,000","218,687,000","223,935,000","235,432,000","231,207,000","209,391,000","233,398,000","222,075,000","224,280,000","211,900,000","207,607,000","213,051,000","216,664,000","209,509,000","215,078,000","223,541,000","223,969,000","221,705,000","217,221,000","225,554,000","238,193,000","204,621,000","209,392,000","207,802,000","198,500,000","183,100,000","181,500,000","169,700,000","173,100,000","152,600,000","148,300,000","140,500,000","132,800,000","118,600,000","116,900,000","101,300,000","94,600,000","86,100,000","81,800,000","71,700,000","76,400,000","58,500,000","53,800,000","48,800,000","46,800,000","40,000,000","34,800,000","29,800,000","27,400,000","21,300,000","18,200,000","16,100,000",,,,
NetIncomeFromContinuingAndDiscontinuedOperation,"96,627,000","10,494,000","24,623,000","29,256,000","32,254,000","33,883,000","13,167,000","15,708,000","20,614,000","8,443,000","-2,142,000","385,000","8,354,000","-1,731,000","-13,849,000","-13,033,000","11,791,000","16,737,000","28,509,000","22,054,000","24,200,000","28,948,000","32,855,000","21,310,000","22,820,000","26,402,000","24,568,000","18,020,000","10,853,000","22,306,000","21,218,000","16,033,000","16,717,000","19,303,000","18,295,000","14,276,000","17,150,000","19,306,000","16,996,000","13,151,000","14,769,000","16,744,000","15,981,000","11,123,000","12,124,000","16,427,000","14,025,000","7,848,000","13,192,000","16,875,000","13,698,000","11,739,000","14,177,000","18,764,000","12,776,000","7,747,000","7,648,000","8,625,000","7,744,000","4,827,000","7,009,000","13,155,000","18,999,000","13,108,000","15,266,000","16,002,000","14,408,000","10,813,000","10,870,000","9,965,000","9,445,000","7,863,000","-2,573,000","8,486,000","8,249,000","3,888,000","10,854,000","10,985,000","11,076,000","10,463,000","12,387,000","12,871,000","11,528,000","10,451,000","12,513,000","12,753,000","-4,154,000","11,461,000","12,976,000","11,541,000","11,200,000","12,400,000","12,300,000","11,400,000","10,500,000","9,600,000","9,400,000","8,300,000","8,100,000","6,900,000","6,300,000","5,700,000","5,900,000","4,900,000","4,200,000","3,500,000","3,700,000","2,800,000","2,500,000","2,200,000","2,400,000","1,800,000","1,600,000","1,300,000","1,400,000","1,100,000","800,000","700,000","700,000","600,000","600,000","600,000"
NormalizedIncome,"129,292,273.485","28,971,600","26,067,412.791","31,157,099","34,982,960","37,051,528","16,356,757.561","15,708,000","20,614,000","8,443,000","-5,028,420","-874,980","8,212,027","-1,731,000","-15,990,889.663","-13,033,000","13,155,446","16,578,492","28,509,000","22,054,000","24,200,000","28,948,000","32,855,000","21,310,000","22,820,000","26,402,000","24,031,887.316","18,020,000","19,582,658","22,306,000","20,104,080.393","16,686,800","16,605,480","19,191,166","17,793,469.275","14,332,700","17,380,520","18,855,088","-56,254,354.545","36,708,559.956","14,769,000","16,744,000","15,981,000","11,123,000","12,124,000","16,427,000","13,832,763.393","7,848,000","13,192,000","16,720,902.781","13,545,364.792","11,636,614.661","14,082,657.942","18,678,785.385","7,817,452.637","5,882,999.654","10,386,870.179","12,149,575.399","13,253,550.453","9,932,100","11,307,769.217","13,092,124.27","13,252,886.41","10,972,769.169","11,996,964.262","30,600,421.62","9,586,827.86","10,496,730.933","10,637,543.9","13,343,788.329","20,837,628.88","10,464,833.638","9,012,687.151","8,862,238.916","8,162,122.367","3,814,877.351","10,752,741.837","10,826,259.032","10,918,503.555","10,255,502.479","12,263,254.995","12,871,000","11,294,538.856","10,152,773.561","12,188,609.643","12,390,033.831","12,525,230.563","11,036,334.83","12,611,329.124","11,361,124.259","10,636,871.508","11,898,989.899","11,800,507.614","10,901,639.344","9,556,886.228","8,715,789.474","8,832,214.765","7,922,727.273","7,593,750","6,140,366.972","5,796,000","5,256,666.667","5,209,574.468","4,083,333.333","3,635,820.896","3,125,000","3,317,241.379","2,474,418.605","2,250,000","1,894,444.444","2,147,368.421","1,613,793.103","1,415,384.615","1,114,285.714","1,336,363.636","1,038,888.889","800,000","700,000","700,000","600,000","600,000","600,000"
InterestIncome,,,,,,,,,,,,,,,,,,,,,,,,,,,,,,,,,,"171,000","164,000","87,000",,,"249,000","136,000","195,000","170,000",,"170,000","205,000","177,000",,"173,000","197,000",,,,,,,,"181,000","266,000",,"314,000","368,000",,,,,"376,000",,,,,,,,,,,,,,,,"344,000",,,,,,,,,,,,,,,,,,,,,,,,,,,,,,,,,,,,,,,,
InterestExpense,"19,822,000","4,264,000","7,930,000","3,979,000","3,649,000","3,647,000","5,792,000","3,636,000","3,627,000","3,967,000","5,796,000","4,249,000","4,272,000","6,276,000","8,726,000","5,963,000","5,662,000","4,955,000","5,148,000","2,566,000","1,759,000","1,810,000","2,521,000","1,756,000","1,631,000","1,489,000","2,100,000","1,180,000","1,187,000","1,209,000","1,252,000","1,114,000","975,000","736,000","-442,000","646,000","457,000",,"1,308,000","284,000","282,000","288,000","314,000","282,000","293,000","608,000","1,345,000","1,416,000","1,333,000","1,244,000","1,424,000","1,434,000","1,440,000","1,416,000","-3,633,000","3,695,000","3,789,000","1,892,000","8,269,000","1,982,000","1,706,000",,"2,159,000","629,000","267,000","801,000","-7,810,000",,"3,244,000","1,502,000","1,538,000",,"899,000","1,397,000","1,699,000","1,585,000",,,"1,984,000","1,935,000","1,883,000","1,875,000","1,881,000","2,061,000","2,364,000","2,551,000","2,892,000","2,380,000",,"804,000",,,,,,,,,,,,,,,,,,,,,,,,,,,,,,,,
NetInterestIncome,"-19,822,000","-4,264,000","-7,930,000","-3,979,000","-3,649,000","-3,647,000","-5,792,000","-3,636,000","-3,627,000","-3,967,000","-5,796,000","-4,249,000","-4,272,000","-6,276,000","-8,726,000","-5,963,000","-5,662,000","-4,955,000","-5,148,000","-2,566,000","-1,759,000","-1,810,000","-2,521,000","-1,756,000","-1,631,000","-1,489,000","-2,100,000","-1,180,000","-1,187,000","-1,209,000","-1,252,000","-1,114,000","-975,000","-736,000","442,000","-646,000","-457,000","672,000","-1,809,000","-148,000","-87,000","-118,000","-866,000","-112,000","-88,000","-431,000","-1,345,000","-1,243,000","-1,136,000","-1,244,000","-1,424,000","-1,434,000","-1,440,000","-1,416,000","3,633,000","-3,695,000","-3,608,000","-1,626,000","-9,304,000","-1,668,000","-1,338,000",,"-2,159,000","-629,000","-267,000","-425,000","7,810,000",,"-3,244,000","-1,502,000","-1,538,000",,"-899,000","-1,397,000","-1,699,000","-1,585,000",,,"-1,984,000","-1,935,000","-1,883,000","-1,531,000","-1,881,000","-2,061,000","-2,364,000","-2,551,000","-2,892,000","-2,380,000",,"-804,000",,,,,,,,,,,,,,,,,,,,,,,,,,,,,,,,
EBIT,"137,726,000","14,435,000","40,077,000","38,577,000","44,637,000","46,862,000","21,829,000","24,549,000","30,534,000","15,472,000","972,000","4,927,000","14,231,000","5,509,000","-7,497,000","-13,990,000","25,367,000","27,317,000","37,212,000","33,515,000","37,217,000","43,681,000","53,094,000","33,383,000","36,831,000","42,898,000","41,023,000","27,437,000","18,718,000","37,645,000","33,643,000","25,332,000","27,211,000","32,146,000","27,499,000","21,909,000","26,948,000","29,625,000","27,268,000","21,341,000","24,522,000","27,426,000","23,896,000","17,128,000","19,360,000","27,388,000","22,494,000","13,956,000","22,996,000","28,173,000","20,857,000","19,823,000","24,746,000","30,482,000","21,987,000","13,291,000","13,807,000","15,227,000","12,206,000","5,507,000","12,448,000","21,886,000","27,821,000","20,427,000","24,499,000","25,208,000","19,911,000","17,648,000","18,199,000","16,942,000","16,448,000","18,434,000","-3,361,000","14,834,000","14,758,000","7,689,000","18,862,000","19,231,000","19,454,000","18,344,000","21,505,000","22,124,000","20,023,000","18,368,000","21,940,000","22,452,000","23,097,000","20,182,000","22,143,000","19,247,000","17,000,000","19,000,000","18,900,000","17,700,000","15,100,000","13,800,000","14,000,000","12,400,000","11,900,000","9,700,000","9,300,000","8,300,000","8,400,000","6,600,000","5,900,000","5,000,000","5,300,000","3,900,000","3,500,000","3,200,000","3,400,000","2,600,000","2,300,000","1,800,000","2,000,000","1,600,000","1,200,000","1,000,000","-33,500,000","12,200,000","12,200,000","12,200,000"
EBITDA,"185,606,000"
ReconciledCostOfRevenue,"1,676,322,000","439,220,000","424,248,000","408,658,000","404,196,000","401,997,000","382,282,000","383,027,000","369,284,000","334,441,000","338,213,000","335,170,000","283,346,000","285,915,000","293,370,000","288,948,000","309,329,000","328,030,000","377,109,000","349,683,000","344,904,000","357,121,000","347,439,000","337,896,000","333,479,000","335,706,000","259,914,000","244,094,000","248,599,000","266,376,000","455,618,000","229,016,000","229,028,000","243,572,000","201,749,000","220,216,000","217,170,000","220,843,000","377,166,000","156,562,000","148,268,000","248,431,000","499,783,000","151,456,000","236,878,000","239,361,000","221,417,000","130,200,000","218,996,000","215,847,000","256,633,000","197,365,000","204,362,000","228,643,000","518,211,000","131,157,000","129,319,000","121,578,000","326,854,000","114,513,000","111,199,000","110,901,000","408,585,000","101,266,000","178,146,000","106,528,000","145,689,000","132,039,000","133,393,000","140,939,000","221,235,000","102,802,000","133,547,000","144,139,000","303,466,000","126,784,000","127,405,000","130,895,000","134,601,000","129,068,000","127,012,000","134,478,000","148,428,000","140,369,000","190,622,000","197,567,000","286,461,000","102,171,000","128,634,000","127,268,000","180,700,000","98,600,000","113,200,000","105,100,000","112,900,000","97,800,000","93,100,000","89,200,000","96,200,000","74,300,000","73,200,000","64,200,000","91,700,000","47,500,000","45,100,000","39,200,000","50,300,000","38,400,000","34,800,000","42,500,000","41,400,000","35,500,000","30,600,000","10,900,000","24,300,000","18,800,000","16,200,000","14,200,000",,,,
ReconciledDepreciation,"47,880,000","11,940,000","11,986,000","11,477,000","12,477,000","12,876,000","12,269,000","12,764,000","12,377,000","12,295,000","12,179,000","11,832,000","11,521,000","11,749,000","11,548,000","11,585,000","11,731,000","11,539,000","11,376,000","11,181,000","10,654,000","10,457,000","10,598,000","10,614,000","10,031,000","9,744,000","9,669,000","10,461,000","10,136,000","10,041,000","10,426,000","10,520,000","9,855,000","9,164,000","9,433,000","8,605,000","8,530,000","8,537,000","8,575,000","8,192,000","8,104,000","7,927,000","7,970,000","7,974,000","8,425,000","8,312,000","8,285,000","8,067,000","8,175,000","7,880,000","8,490,000","8,130,000","8,181,000","7,955,000","7,846,000","8,590,000","8,404,000","8,006,000","8,471,000","7,911,000","7,589,000","7,895,000","7,370,000","6,674,000","6,603,000","6,561,000","6,805,000","7,277,000","7,294,000","7,374,000","8,007,000","7,774,000","7,817,000","7,561,000","7,601,000","7,741,000","7,807,000","7,910,000","7,871,000","7,986,000","8,035,000","7,849,000","8,906,000","8,961,000","8,782,000","8,527,000","8,783,000","8,727,000","8,439,000","8,223,000","7,700,000","6,200,000","5,800,000","5,500,000","1,600,000","6,300,000","6,100,000","5,900,000","6,400,000","5,300,000","4,700,000","4,100,000","4,400,000","3,700,000","3,300,000","2,900,000","2,900,000","2,000,000","2,100,000","1,700,000","1,700,000","1,500,000","1,200,000","900,000","700,000","600,000","300,000","300,000",,,,
NetIncomeFromContinuingOperationNetMinorityInterest,"96,627,000","10,494,000","24,623,000","29,256,000","32,254,000","33,883,000","13,167,000","15,708,000","20,614,000","8,443,000","-2,142,000","385,000","8,354,000","-1,731,000","-13,849,000","-13,033,000","11,791,000","16,737,000","28,509,000","22,054,000","24,200,000","28,948,000","32,855,000","21,310,000","22,820,000","26,402,000","24,568,000","18,020,000","10,853,000","22,306,000","21,218,000","16,033,000","16,717,000","19,303,000","18,295,000","14,276,000","17,150,000","19,306,000","16,996,000","13,151,000","14,769,000","16,744,000","15,981,000","11,123,000","12,124,000","16,427,000","14,025,000","7,848,000","13,192,000","16,875,000","13,698,000","11,739,000","14,177,000","18,764,000","12,776,000","7,747,000","7,648,000","8,625,000","7,744,000","4,827,000","7,009,000","13,155,000","18,999,000","13,108,000","15,266,000","15,613,000","12,620,000","10,813,000","10,870,000","9,965,000","9,445,000","7,863,000","-2,573,000","8,486,000","8,249,000","3,888,000","10,854,000","10,985,000","11,076,000","10,463,000","12,387,000","12,871,000","11,528,000","10,451,000","12,513,000","12,753,000","-4,154,000","11,461,000","12,976,000","11,541,000","11,200,000","12,400,000","12,300,000","11,400,000","10,500,000","9,600,000","9,400,000","8,300,000","8,100,000","6,900,000","6,300,000","5,700,000","5,900,000","4,900,000","4,200,000","3,500,000","3,700,000","2,800,000","2,500,000","2,200,000","2,400,000","1,800,000","1,600,000","1,300,000","1,400,000","1,100,000","800,000","700,000","700,000","600,000","600,000","600,000"
TotalUnusualItemsExcludingGoodwill,"-38,095,000","-30,796,000","-1,818,000","-2,153,000","-3,328,000","-3,883,000","-3,854,000","0","0","0","3,954,000","1,726,000","163,000","0","2,446,000","0","-2,122,000","204,000","-1,674,000",,,,"11,120,000",,,,"794,000","0","-12,278,000",,"1,614,000","-934,000","164,000","171,000","710,000","-81,000","-340,000","672,000","105,374,000","-35,572,000",,,,,,,"274,000",,,"231,000","204,000","149,000","144,000","132,000","7,543,000","2,780,000","-4,364,000","-5,558,000","-7,375,000","-7,854,000","-6,814,000","99,000","8,270,000","3,225,000","5,189,000","-23,790,000","4,662,000","502,000","369,000","-5,363,000","-18,227,000","-4,163,000","-18,538,000","-602,000","139,000","117,000","162,000","254,000","252,000","332,000","198,000",,"375,000","479,000","521,000","583,000","-26,906,000","685,000","592,000","292,000","900,000","800,000","800,000","800,000","1,500,000","1,400,000","900,000","600,000","800,000","1,200,000","800,000","700,000","1,100,000","1,300,000","900,000","600,000","600,000","500,000","400,000","500,000","400,000","300,000","300,000","300,000","100,000","100,000",,,,,,
TotalUnusualItems,"-38,095,000","-30,796,000","-1,818,000","-2,153,000","-3,328,000","-3,883,000","-3,854,000","0","0","0","3,954,000","1,726,000","163,000","0","2,446,000","0","-2,122,000","204,000","-1,674,000",,,,"11,120,000",,,,"794,000","0","-12,278,000",,"1,614,000","-934,000","164,000","171,000","710,000","-81,000","-340,000","672,000","105,374,000","-35,572,000",,,,,,,"274,000",,,"231,000","204,000","149,000","144,000","132,000","7,543,000","2,780,000","-4,364,000","-5,558,000","-7,375,000","-7,854,000","-6,814,000","99,000","8,270,000","3,225,000","5,189,000","-23,790,000","4,662,000","502,000","369,000","-5,363,000","-18,227,000","-4,163,000","-18,538,000","-602,000","139,000","117,000","162,000","254,000","252,000","332,000","198,000",,"375,000","479,000","521,000","583,000","-26,906,000","685,000","592,000","292,000","900,000","800,000","800,000","800,000","1,500,000","1,400,000","900,000","600,000","800,000","1,200,000","800,000","700,000","1,100,000","1,300,000","900,000","600,000","600,000","500,000","400,000","500,000","400,000","300,000","300,000","300,000","100,000","100,000",,,,,,
NormalizedEBITDA,"223,701,000","57,171,000","53,881,000","52,207,000","60,442,000","63,621,000","37,952,000","37,313,000","42,911,000","27,767,000","9,197,000","15,033,000","25,589,000","17,258,000","1,605,000","-2,405,000","39,220,000","38,652,000","48,588,000","44,696,000","47,871,000","54,138,000","63,692,000","43,997,000","46,862,000","52,642,000","49,898,000","37,898,000","41,132,000","47,686,000","42,455,000","36,786,000","36,902,000","41,139,000","36,222,000","30,595,000","35,818,000","37,490,000","-69,531,000","65,105,000","32,626,000","35,353,000","31,866,000","25,102,000","27,785,000","35,700,000","30,505,000","22,023,000","31,171,000","35,822,000","29,143,000","27,804,000","32,783,000","38,305,000","22,290,000","19,101,000","26,575,000","28,791,000","28,052,000","21,272,000","26,851,000","29,682,000","26,921,000","23,876,000","25,913,000","55,559,000","22,054,000","24,423,000","25,124,000","29,679,000","42,682,000","30,371,000","22,994,000","22,997,000","22,220,000","15,313,000","26,507,000","26,887,000","27,073,000","25,998,000","29,342,000","29,973,000","28,554,000","26,850,000","30,201,000","30,396,000","58,786,000","28,224,000","29,990,000","27,178,000","23,800,000","24,500,000","23,900,000","22,400,000","15,200,000","18,700,000","19,200,000","17,700,000","17,500,000","13,800,000","13,200,000","11,700,000","11,700,000","9,000,000","8,300,000","7,300,000","7,600,000","5,400,000","5,200,000","4,400,000","4,700,000","3,800,000","3,200,000","2,400,000","2,600,000","2,100,000","1,600,000","1,300,000","-33,500,000","12,200,000","12,200,000","12,200,000"
TaxRateForCalcs,"0.143","0.4","0.205","0.117","0.18","0.184","0.172","0.216","0.184","0.218","0.27","0.27","0.129","0.27","0.124","0.369","0.357","0.223","0.096","0.268","0.295","0.286","0.322","0.284","0.315","0.323","0.325","0.277","0.289","0.335","0.31","0.3","0.32","0.346","0.294","0.3","0.322","0.329","0.305","0.338","0.342","0.334","0.286","0.291","0.315","0.345","0.298","0.321","0.349","0.333","0.252","0.313","0.345","0.354","0.343","0.329","0.372","0.366","0.253","0.35","0.369","0.365","0.305","0.338","0.37","0.37","0.349","0.37","0.37","0.37","0.375","0.375","0.375","0.375","0.375","0.375","0.375","0.375","0.375","0.375","0.375","0.375","0.377","0.377","0.377","0.377","0.38","0.38","0.384","0.384","0.374","0.374","0.376","0.377","0.371","0.368","0.369","0.371","0.367","0.367","0.37","0.367","0.372","0.372","0.373","0.375","0.362","0.349","0.375","0.389","0.368","0.379","0.385","0.381","0.364","0.389","0.385","0.364","0.4","0.4","0.4","0.4"
TaxEffectOfUnusualItems,"-5,429,726.515","-12,318,400","-373,587.209","-251,901","-599,040","-714,472","-664,242.439","0","0","0","1,067,580","466,020","21,027","0","304,110.337","0","-757,554","45,492","0","0","0","0","0","0","0","0","257,887.316","0","-3,548,342","0","500,080.393","-280,200","52,480","59,166","208,469.275","-24,300","-109,480","221,088","32,123,645.455","-12,014,440.044","0","0","0","0","0","0","81,763.393","0","0","76,902.781","51,364.792","46,614.661","49,657.942","46,785.385","2,584,452.637","915,999.654","-1,625,129.821","-2,033,424.601","-1,865,449.547","-2,748,900","-2,515,230.783","36,124.27","2,523,886.41","1,089,769.169","1,919,964.262","-8,802,578.38","1,628,827.86","185,730.933","136,543.9","-1,984,211.671","-6,834,371.12","-1,561,166.362","-6,952,312.849","-225,761.084","52,122.367","43,877.351","60,741.837","95,259.032","94,503.555","124,502.479","74,254.995","0","141,538.856","180,773.561","196,609.643","220,033.831","-10,226,769.437","260,334.83","227,329.124","112,124.259","336,871.508","298,989.899","300,507.614","301,639.344","556,886.228","515,789.474","332,214.765","222,727.273","293,750","440,366.972","296,000","256,666.667","409,574.468","483,333.333","335,820.896","225,000","217,241.379","174,418.605","150,000","194,444.444","147,368.421","113,793.103","115,384.615","114,285.714","36,363.636","38,888.889","0","0","0","0","0","0"