name,ttm,03/31/2022,12/31/2021,09/30/2021,06/30/2021,03/31/2021,12/31/2020,09/30/2020,06/30/2020,03/31/2020,12/31/2019,09/30/2019,06/30/2019,03/31/2019,12/31/2018,09/30/2018,06/30/2018,03/31/2018,12/31/2017,09/30/2017,06/30/2017,03/31/2017,12/31/2016,09/30/2016,06/30/2016,03/31/2016,12/31/2015,09/30/2015,06/30/2015,03/31/2015,12/31/2014,09/30/2014,06/30/2014,03/31/2014,12/31/2013,09/30/2013,06/30/2013,03/31/2013,12/31/2012,09/30/2012,06/30/2012,03/31/2012,12/31/2011,09/30/2011,06/30/2011,03/31/2011,12/31/2010,09/30/2010,06/30/2010,03/31/2010,12/31/2009,09/30/2009,06/30/2009,03/31/2009,12/31/2008,09/30/2008,06/30/2008,03/31/2008,12/31/2007,09/30/2007,06/30/2007,03/31/2007,12/31/2006,09/30/2006,06/30/2006,03/31/2006,12/31/2005,09/30/2005,06/30/2005,03/31/2005,12/31/2004,09/30/2004,06/30/2004,03/31/2004,12/31/2003,09/30/2003,06/30/2003,03/31/2003,12/31/2002,09/30/2002,06/30/2002,03/31/2002,12/31/2001,09/30/2001,06/30/2001,03/31/2001,12/31/2000,09/30/2000,06/30/2000,03/31/2000,09/30/1999,06/30/1999,03/31/1999,12/31/1998,09/30/1998,06/30/1998,03/31/1998,12/31/1997,09/30/1997,06/30/1997,03/31/1997,12/31/1996,09/30/1996,06/30/1996,03/31/1996,12/31/1995,09/30/1995,06/30/1995,03/31/1995,12/31/1994,09/30/1994,06/30/1994,03/31/1994,12/31/1993,09/30/1993,06/30/1993,03/31/1993,12/31/1992,09/30/1992,06/30/1992,03/31/1992,12/31/1991,09/30/1991,06/30/1991,03/31/1991,12/31/1990,09/30/1990,06/30/1990,03/31/1990,12/31/1989,09/30/1989,06/30/1989,03/31/1989,12/31/1988,09/30/1988,06/30/1988,03/31/1988,12/31/1987,09/30/1987,06/30/1987,03/31/1987,12/31/1986,09/30/1986,06/30/1986,03/31/1986,12/31/1985,09/30/1985
TotalRevenue,"2,325,472,000","1,002,259,000","636,867,000","509,736,000","176,610,000","375,338,000","809,203,000","476,058,000","201,754,000","174,653,000","152,178,000","126,492,000","108,252,000","147,968,000","132,588,000","117,399,000","103,155,000","169,143,000","114,890,000","50,894,000","38,267,000","73,692,000","52,808,000","49,341,000","39,133,000","50,321,000","52,412,000","46,812,000","34,873,000","61,302,000","63,597,000","40,857,000","31,488,000","46,673,000","50,170,000","33,539,000","29,706,000","61,995,000","53,925,000","32,998,000","30,858,000","37,960,000","38,391,000","33,108,000","27,509,000","59,595,000","31,709,000","28,225,000","25,026,000","28,379,000","66,597,000","56,152,000","24,643,000","16,890,000","33,483,000","31,868,000","21,916,000","40,865,000","37,981,000","27,570,000","18,580,000","33,934,000","38,774,000","23,720,000","16,471,000","27,050,000","34,778,000","20,032,000","14,823,000","22,666,000","30,522,000","14,151,000","14,282,000","19,736,000","33,213,000","18,619,000","18,878,000","24,395,000","22,764,000","14,508,000","17,789,000","21,212,000","21,553,000","16,568,000","15,524,000","19,544,000","18,854,000","10,465,000","16,964,000","22,068,000","12,200,000","10,600,000","10,000,000","14,900,000","11,400,000","9,800,000","13,300,000","12,400,000","12,000,000","8,700,000","12,200,000","11,700,000","9,700,000","9,000,000","8,400,000","9,300,000","8,300,000","8,500,000","9,400,000","9,200,000","6,800,000","5,300,000","7,500,000","7,500,000","6,600,000","6,600,000","8,100,000","7,500,000","6,800,000","5,600,000","7,400,000","6,700,000","6,100,000","6,900,000","7,000,000","7,000,000","6,900,000","6,900,000","2,500,000","2,400,000","2,300,000","1,800,000","2,000,000","2,300,000","2,200,000","2,300,000","1,800,000","2,100,000","1,500,000","800,000","1,500,000","1,900,000","1,600,000","2,400,000","2,600,000","2,500,000","2,600,000"
	OperatingRevenue,"2,325,472,000","1,002,259,000","636,867,000","509,736,000","176,610,000","375,338,000","809,203,000","476,058,000","201,754,000","174,653,000","152,178,000","126,492,000","108,252,000","147,968,000","132,588,000","117,399,000","103,155,000","169,143,000","114,890,000","50,894,000","38,267,000","73,692,000","52,808,000","49,341,000","39,133,000","50,321,000","52,412,000","46,812,000","34,873,000","61,302,000","63,597,000","40,857,000","31,488,000","46,673,000","50,170,000","33,539,000","29,706,000","61,995,000","53,925,000","32,998,000","30,858,000","37,960,000","38,391,000","33,108,000","27,509,000","59,595,000","31,709,000","28,225,000","25,026,000","28,379,000","66,597,000","56,152,000","24,643,000","16,890,000","33,483,000","31,868,000","21,916,000","40,865,000","37,981,000","27,570,000","18,580,000","33,934,000","38,774,000","23,720,000","16,471,000","27,050,000","34,778,000","20,032,000","14,823,000","22,666,000","32,815,000","13,037,000","13,706,000","19,133,000","34,532,000","18,313,000","18,334,000","23,926,000","22,370,000","14,126,000","17,361,000","20,766,000","22,870,000","16,117,000","15,524,000","19,544,000","18,854,000","10,465,000","16,964,000","22,068,000","12,200,000","10,600,000","10,000,000","14,900,000","11,400,000","9,800,000","13,300,000","12,400,000","12,000,000","8,700,000","12,200,000","11,700,000","9,700,000","9,000,000","8,400,000","9,300,000","8,300,000","8,500,000","9,400,000","9,200,000","6,800,000","5,300,000","7,500,000","7,500,000","6,600,000","6,600,000","8,100,000","7,500,000","6,800,000","5,600,000","7,400,000","6,700,000","6,100,000","6,900,000","7,000,000","7,000,000","6,900,000","6,900,000","2,500,000","2,400,000","2,300,000","1,800,000","2,000,000","2,300,000","2,200,000","2,300,000","1,800,000","2,100,000","1,500,000","800,000","1,500,000","1,900,000","1,600,000","2,400,000","2,600,000","2,500,000","2,600,000"
CostOfRevenue,"616,578,000","262,301,000","147,525,000","136,328,000","70,424,000","73,379,000","107,709,000","92,439,000","53,003,000","59,662,000","57,338,000","50,633,000","49,073,000","57,041,000","50,456,000","47,757,000","45,487,000","62,872,000","60,885,000","19,391,000","17,755,000","23,570,000","19,119,000","17,728,000","17,318,000","19,249,000","18,122,000","16,961,000","15,493,000","21,112,000","21,263,000","16,768,000","15,902,000","20,247,000","18,679,000","15,297,000","13,671,000","19,547,000","17,597,000","14,872,000","14,008,000","14,808,000","15,286,000","14,996,000","12,540,000","20,043,000","13,811,000","12,807,000","12,636,000","13,353,000","19,049,000","17,670,000","10,075,000","8,424,000","13,767,000","12,070,000","10,242,000","14,127,000","15,146,000","11,159,000","9,316,000","12,952,000","15,291,000","10,344,000","8,669,000","10,514,000","12,831,000","9,280,000","6,623,000","8,367,000","10,857,000","7,568,000","7,408,000","9,401,000","13,241,000","9,158,000","9,288,000","11,125,000","11,234,000","7,903,000","9,149,000","9,981,000","10,021,000","8,072,000","8,184,000","8,994,000","10,527,000","6,954,000","8,331,000","8,988,000","5,100,000","4,500,000","6,200,000","7,100,000","5,200,000","4,300,000","6,600,000","5,400,000","5,100,000","4,000,000","5,100,000","4,800,000","3,600,000","3,700,000","3,500,000","3,700,000","3,300,000","3,400,000","4,700,000","3,800,000","3,200,000","2,500,000","1,100,000","4,400,000","3,200,000","3,300,000","3,800,000","3,700,000","3,000,000","2,700,000","3,500,000","3,400,000","3,700,000","4,300,000",,,,,,,,,,,,,,,,,,,,,,,
GrossProfit,"1,708,894,000","739,958,000","489,342,000","373,408,000","106,186,000","301,959,000","701,494,000","383,619,000","148,751,000","114,991,000","94,840,000","75,859,000","59,179,000","90,927,000","82,132,000","69,642,000","57,668,000","106,271,000","54,005,000","31,503,000","20,512,000","50,122,000","33,689,000","31,613,000","21,815,000","31,072,000","34,290,000","29,851,000","19,380,000","40,190,000","42,334,000","24,089,000","15,586,000","26,426,000","31,491,000","18,242,000","16,035,000","42,448,000","36,328,000","18,126,000","16,850,000","23,152,000","23,105,000","18,112,000","14,969,000","39,552,000","17,898,000","15,418,000","12,390,000","15,026,000","47,548,000","38,482,000","14,568,000","8,466,000","19,716,000","19,798,000","11,674,000","26,738,000","22,835,000","16,411,000","9,264,000","20,982,000","23,483,000","13,376,000","7,802,000","16,536,000","21,947,000","10,752,000","8,200,000","14,299,000","19,665,000","6,583,000","6,874,000","10,335,000","19,972,000","9,461,000","9,590,000","13,270,000","11,530,000","6,605,000","8,640,000","11,231,000","11,532,000","8,496,000","7,340,000","10,550,000","8,327,000","3,511,000","8,633,000","13,080,000","7,100,000","6,100,000","3,800,000","7,800,000","6,200,000","5,500,000","6,700,000","7,000,000","6,900,000","4,700,000","7,100,000","6,900,000","6,100,000","5,300,000","4,900,000","5,600,000","5,000,000","5,100,000","4,700,000","5,400,000","3,600,000","2,800,000","6,400,000","3,100,000","3,400,000","3,300,000","4,300,000","3,800,000","3,800,000","2,900,000","3,900,000","3,300,000","2,400,000","2,600,000",,,,,,,,,,,,,,,,,,,,,,,
OperatingExpense,"394,493,000","116,264,000","104,810,000","91,567,000","81,852,000","77,044,000","83,899,000","75,271,000","64,216,000","61,449,000","57,226,000","50,721,000","51,525,000","56,950,000","51,320,000","50,227,000","52,329,000","51,711,000","40,634,000","29,449,000","29,160,000","30,893,000","27,774,000","29,488,000","30,834,000","34,532,000","31,628,000","28,639,000","29,205,000","31,501,000","29,419,000","30,652,000","25,571,000","28,613,000","30,092,000","24,086,000","23,158,000","25,259,000","22,211,000","19,348,000","21,369,000","22,682,000","20,966,000","19,356,000","20,072,000","21,604,000","18,398,000","18,652,000","19,204,000","17,491,000","15,314,000","14,227,000","12,380,000","12,099,000","10,917,000","12,446,000","12,767,000","13,177,000","11,671,000","12,670,000","12,426,000","13,239,000","12,622,000","11,377,000","12,010,000","11,354,000","11,886,000","9,424,000","10,235,000","28,943,000","9,540,000","11,652,000","10,851,000","9,598,000","10,726,000","8,790,000","9,232,000","10,279,000","9,755,000","8,456,000","7,949,000","8,380,000","9,740,000","7,874,000","8,486,000","8,959,000","7,747,000","8,832,000","8,254,000","11,083,000","9,100,000","6,200,000","7,400,000","6,700,000","6,900,000","6,100,000","7,700,000","6,300,000","6,500,000","6,100,000","6,200,000","5,800,000","5,700,000","5,700,000","5,100,000","5,000,000","4,900,000","5,100,000","7,200,000","4,600,000","4,500,000","4,400,000","8,300,000","3,700,000","3,600,000","3,800,000","4,200,000","3,500,000","3,500,000","3,400,000","3,700,000","3,000,000","2,100,000","2,400,000",,,,,,,,,,,,,,,,,,,,,,,
	SellingGeneralAndAdministration,"295,728,000","89,896,000","78,703,000","67,891,000","59,238,000","53,740,000","58,404,000","53,823,000","43,246,000","45,070,000","42,302,000","38,745,000","39,802,000","43,020,000","38,679,000","37,124,000","39,045,000","39,090,000","37,144,000","19,478,000","19,143,000","20,727,000","17,975,000","18,414,000","18,888,000","19,606,000","19,471,000","18,001,000","17,882,000","21,249,000","18,015,000","16,939,000","15,236,000","17,324,000","16,588,000","14,453,000","13,191,000","15,971,000","13,158,000","12,535,000","12,806,000","12,460,000","13,257,000","11,431,000","11,847,000","12,014,000","10,583,000","10,556,000","11,064,000","10,240,000","11,467,000","10,725,000","9,083,000","8,855,000","7,457,000","8,579,000","8,689,000","8,959,000","7,248,000","8,213,000","7,846,000","8,351,000","7,877,000","7,402,000","7,447,000","7,010,000","7,830,000","6,141,000","6,934,000","8,278,000","6,314,000","8,549,000","7,396,000","6,583,000","7,982,000","6,370,000","6,820,000","7,333,000","7,269,000","6,329,000","5,919,000","6,330,000","7,186,000","5,291,000","5,691,000","6,323,000","6,090,000","5,816,000","6,616,000","7,247,000","5,400,000","3,700,000","4,700,000","3,900,000","3,900,000","3,400,000","4,700,000","3,600,000","3,700,000","3,700,000","3,800,000","3,600,000","3,400,000","3,400,000","3,400,000","3,500,000","3,400,000","3,600,000","9,300,000","3,300,000","3,100,000","3,100,000","7,800,000","3,300,000","3,300,000","3,500,000","3,900,000","3,200,000","3,200,000","3,000,000","3,200,000","2,800,000","1,700,000","2,100,000",,,,,,,,,,,,,,,,,,,,,,,
		GeneralAndAdministrativeExpense,"89,248,000","24,508,000","22,489,000","21,113,000","21,138,000","19,507,000","20,165,000","16,410,000","15,679,000","14,332,000","14,302,000","12,146,000","12,876,000","13,431,000","12,299,000","10,620,000","11,500,000","10,532,000","8,709,000","6,580,000","6,783,000","7,172,000","6,530,000","6,561,000","6,682,000","7,289,000","7,408,000","5,889,000","6,290,000","9,860,000","6,862,000","5,879,000","5,843,000","7,397,000","6,921,000","5,795,000","6,071,000","7,529,000","4,828,000","4,759,000","5,129,000","5,924,000","6,502,000","4,944,000","5,593,000","5,759,000","4,679,000","4,759,000","4,792,000","4,241,000","4,658,000","4,325,000","3,680,000","4,120,000","2,611,000","3,438,000",,,,,,,,,,,,,,,,,,,,,,,,,,,,,,,,,,,,,,,,,,,,,,,,,,,,,,,,,,,,,,,,,,,,,,,,,,,,,,,,,,,,,,,,,,,
			OtherGandA,"89,248,000","24,508,000","22,489,000","21,113,000","21,138,000","19,507,000","20,165,000","16,410,000","15,679,000","14,332,000","14,302,000","12,146,000","12,876,000","13,431,000","12,299,000","10,620,000","11,500,000","10,532,000","8,709,000","6,580,000","6,783,000","7,172,000","6,530,000","6,561,000","6,682,000","7,289,000","7,408,000","5,889,000","6,290,000","9,860,000","6,862,000","5,879,000","5,843,000","7,397,000","6,921,000","5,795,000","6,071,000","7,529,000","4,828,000","4,759,000","5,129,000","5,924,000","6,502,000","4,944,000","5,593,000","5,759,000","4,679,000","4,759,000","4,792,000","4,241,000","4,658,000","4,325,000","3,680,000","4,120,000","2,611,000","3,438,000",,,,,,,,,,,,,,,,,,,,,,,,,,,,,,,,,,,,,,,,,,,,,,,,,,,,,,,,,,,,,,,,,,,,,,,,,,,,,,,,,,,,,,,,,,,
		SellingAndMarketingExpense,"206,480,000","65,388,000","56,214,000","46,778,000","38,100,000","34,233,000","38,239,000","37,413,000","27,567,000","30,738,000","28,000,000","26,599,000","26,926,000","29,589,000","26,380,000","26,504,000","27,545,000","28,558,000","28,435,000","12,898,000","12,360,000","13,555,000","11,445,000","11,853,000","12,206,000","12,317,000","12,063,000","12,112,000","11,592,000","11,389,000","11,153,000","11,060,000","9,393,000","9,927,000","9,667,000","8,658,000","7,120,000","8,442,000","8,330,000","7,776,000","7,677,000","6,536,000","6,755,000","6,487,000","6,254,000","6,255,000","5,904,000","5,797,000","6,272,000","5,999,000","6,809,000","6,400,000","5,403,000","4,735,000","4,846,000","5,141,000",,,,,,,,,,,,,,,,,,,,,,,,,,,,,,,,,,,,,,,,,,,,,,,,,,,,,,,,,,,,,,,,,,,,,,,,,,,,,,,,,,,,,,,,,,,
	ResearchAndDevelopment,"98,765,000","26,368,000","26,107,000","23,676,000","22,614,000","23,304,000","25,495,000","21,448,000","20,970,000","16,379,000","14,924,000","11,976,000","11,723,000","13,930,000","12,641,000","13,103,000","13,284,000","12,621,000","10,674,000","7,468,000","7,627,000","7,875,000","7,508,000","8,801,000","9,656,000","12,707,000","9,939,000","8,419,000","9,105,000","8,051,000","9,199,000","11,506,000","8,127,000","9,081,000","11,290,000","7,462,000","7,945,000","7,524,000","7,283,000","5,085,000","6,844,000","8,504,000","5,927,000","6,134,000","6,450,000","7,814,000","5,799,000","6,148,000","6,349,000","6,275,000","3,523,000","3,157,000","2,950,000","2,896,000","2,392,000","2,753,000","2,935,000","3,067,000","3,081,000","3,128,000","3,282,000","3,364,000","3,144,000","3,126,000","3,498,000","3,279,000","3,525,000","2,968,000","2,986,000","3,350,000","3,323,000","2,584,000","2,936,000","2,497,000","2,226,000","1,901,000","1,895,000","2,443,000","2,001,000","1,644,000","1,544,000","1,559,000","1,435,000","1,484,000","1,751,000","1,533,000","1,174,000","2,583,000","1,638,000","2,133,000","2,400,000","1,600,000","1,900,000","1,900,000","2,100,000","2,000,000","2,200,000","1,900,000","2,000,000","1,700,000","1,700,000","1,600,000","1,700,000","1,700,000","1,100,000","1,000,000","1,000,000","1,000,000",,"900,000","900,000","800,000",,,,,,,,,,,,,,,,,,,,,,,,,,,,,,,,,,,
	DepreciationAmortizationDepletionIncomeStatement,,,,,,,,,,,,,,,,,,,,"2,503,000","2,390,000","2,291,000","2,291,000","2,273,000","2,290,000","2,219,000","2,218,000","2,219,000","2,218,000","2,201,000","2,205,000","2,207,000","2,208,000","2,208,000","2,214,000","2,171,000","2,022,000","1,764,000","1,770,000","1,728,000","1,719,000","1,718,000","1,782,000","1,791,000","1,775,000","1,776,000","2,016,000","1,948,000","1,791,000","976,000","324,000","345,000","347,000","348,000","1,068,000","1,114,000","1,143,000","1,151,000","1,342,000","1,329,000","1,298,000","1,524,000","1,601,000","849,000","1,065,000","1,065,000","531,000","315,000","315,000","315,000","-97,000","519,000","519,000","518,000","518,000","519,000","517,000","503,000","485,000","483,000","486,000","491,000","1,119,000","1,099,000","1,044,000","1,103,000","483,000","433,000",,"1,703,000","1,300,000","900,000","800,000","900,000","900,000","700,000","800,000","800,000","800,000","700,000","700,000","600,000","600,000","600,000","600,000","500,000","500,000","500,000","500,000","400,000","500,000","500,000","500,000","400,000","300,000","300,000","300,000","300,000","300,000","400,000","500,000","200,000","400,000","300,000",,,,,,,,,,,,,,,,,,,,,,,
		DepreciationAndAmortizationInIncomeStatement,,,,,,,,,,,,,,,,,,,,"2,503,000","2,390,000","2,291,000","2,291,000","2,273,000","2,290,000","2,219,000","2,218,000","2,219,000","2,218,000","2,201,000","2,205,000","2,207,000","2,208,000","2,208,000","2,214,000","2,171,000","2,022,000","1,764,000","1,770,000","1,728,000","1,719,000","1,718,000","1,782,000","1,791,000","1,775,000","1,776,000","2,016,000","1,948,000","1,791,000","976,000","324,000","345,000","347,000","348,000","1,068,000","1,114,000","1,143,000","1,151,000","1,342,000","1,329,000","1,298,000","1,524,000","1,601,000","849,000","1,065,000","1,065,000","531,000","315,000","315,000","315,000","-97,000","519,000","519,000","518,000","518,000","519,000","517,000","503,000","485,000","483,000","486,000","491,000","1,119,000","1,099,000","1,044,000","1,103,000","483,000","433,000",,"1,703,000","1,300,000","900,000","800,000","900,000","900,000","700,000","800,000","800,000","800,000","700,000","700,000","600,000","600,000","600,000","600,000","500,000","500,000","500,000","500,000","400,000","500,000","500,000","500,000","400,000","300,000","300,000","300,000","300,000","300,000","400,000","500,000","200,000","400,000","300,000",,,,,,,,,,,,,,,,,,,,,,,
			Amortization,,,,,,,,,,,,,,,,,,,,"2,503,000","2,390,000","2,291,000","2,291,000","2,273,000","2,290,000","2,219,000","2,218,000","2,219,000","2,218,000","2,201,000","2,205,000","2,207,000","2,208,000","2,208,000","2,214,000","2,171,000","2,022,000","1,764,000","1,770,000","1,728,000","1,719,000","1,718,000","1,782,000","1,791,000","1,775,000","1,776,000","2,016,000","1,948,000","1,791,000","976,000","324,000","345,000","347,000","348,000","1,068,000","1,114,000","1,143,000","1,151,000","1,342,000","1,329,000","1,298,000","1,524,000","1,601,000","849,000","1,065,000","1,065,000","531,000","315,000","315,000","315,000","-97,000","519,000","519,000","518,000","518,000","519,000","517,000","503,000","485,000","483,000","486,000","491,000","1,119,000","1,099,000","1,044,000","1,103,000",,,,,,,,,,,,,,,,,,,,,,,,,,,,,,,,,,,,,,,,,,,,,,,,,,,,,,,,,,,,,
				AmortizationOfIntangiblesIncomeStatement,,,,,,,,,,,,,,,,,,,,"2,503,000","2,390,000","2,291,000","2,291,000","2,273,000","2,290,000","2,219,000","2,218,000","2,219,000","2,218,000","2,201,000","2,205,000","2,207,000","2,208,000","2,208,000","2,214,000","2,171,000","2,022,000","1,764,000","1,770,000","1,728,000","1,719,000","1,718,000","1,782,000","1,791,000","1,775,000","1,776,000","2,016,000","1,948,000","1,791,000","976,000","324,000","345,000","347,000","348,000","1,068,000","1,114,000","1,143,000","1,151,000","1,342,000","1,329,000","1,298,000","1,524,000","1,601,000","849,000","1,065,000","1,065,000","531,000","315,000","315,000","315,000","-97,000","519,000","519,000","518,000","518,000","519,000","517,000","503,000","485,000","483,000","486,000","491,000","1,119,000","1,099,000","1,044,000","1,103,000",,,,,,,,,,,,,,,,,,,,,,,,,,,,,,,,,,,,,,,,,,,,,,,,,,,,,,,,,,,,,
	OtherOperatingExpenses,,,,,,,,,,,,,,,,,,,,,,,,,,,,,,,,,,,,,,,,,,,,,,,,"115,000",,,,,,,,,,,,,,,,,,,"0",,,"17,000,000",,,,,,,,,,,,,,,,,,,,,,,,,,,,,,,,,,,,,,,,,,,,,,,,,,,,,,,,,,,,,,,,,,,,,,,,,,,,,
OperatingIncome,"1,314,401,000","623,694,000","384,532,000","281,841,000","24,334,000","224,915,000","617,595,000","308,348,000","84,535,000","53,542,000","37,614,000","25,138,000","7,654,000","33,977,000","30,812,000","19,415,000","5,339,000","54,560,000","13,371,000","2,054,000","-8,648,000","19,229,000","5,915,000","2,125,000","-9,019,000","-3,460,000","2,662,000","1,212,000","-9,825,000","8,689,000","12,915,000","-6,563,000","-9,985,000","-2,187,000","1,399,000","-5,844,000","-7,123,000","17,189,000","14,117,000","-1,222,000","-4,519,000","470,000","2,139,000","-1,244,000","-5,103,000","17,948,000","-500,000","-3,234,000","-6,814,000","-2,465,000","32,234,000","24,255,000","2,188,000","-3,633,000","8,799,000","7,352,000","-1,093,000","13,561,000","11,164,000","3,741,000","-3,162,000","7,743,000","10,861,000","1,999,000","-4,208,000","5,182,000","10,061,000","1,328,000","-2,035,000","-14,644,000","10,125,000","-5,069,000","-3,977,000","737,000","9,246,000","671,000","358,000","2,991,000","1,775,000","-1,851,000","691,000","2,851,000","1,792,000","622,000","-1,146,000","1,591,000","580,000","-5,321,000","379,000","1,997,000","-2,000,000","-100,000","-3,600,000","1,100,000","-700,000","-600,000","-1,000,000","700,000","400,000","-1,400,000","900,000","1,100,000","400,000","-400,000","-200,000","600,000","100,000","0","-2,500,000","800,000","-900,000","-1,600,000","-1,900,000","-600,000","-200,000","-500,000","100,000","300,000","300,000","-500,000","200,000","300,000","300,000","200,000","-26,000,000","7,000,000","6,900,000","6,900,000","-6,400,000","2,400,000","2,300,000","1,800,000","-9,500,000","2,300,000","2,200,000","2,300,000","-9,000,000","2,100,000","1,500,000","800,000","-14,800,000","1,900,000","1,600,000","2,400,000","-7,000,000","2,500,000","2,600,000"
NetNonOperatingInterestIncomeExpense,"-3,353,000","-29,000","-1,354,000","-347,000","-1,623,000","-2,382,000","-1,552,000","-1,797,000","-3,467,000","-2,807,000","-2,551,000","-3,152,000","-4,505,000","-4,582,000","-4,808,000","-4,786,000","-6,839,000","-7,850,000","-9,201,000","-2,784,000","-2,778,000","-2,825,000","-3,141,000","-3,006,000","-2,924,000","-2,689,000","-2,989,000","-3,090,000","-3,061,000","-2,895,000","-820,000","-224,000","-372,000","-173,000","-187,000","-188,000","-189,000","-198,000","-255,000","-278,000","-283,000","-389,000","-392,000","-443,000","-442,000","-603,000","-671,000","-630,000","-600,000","-230,000","-235,000","-95,000","-60,000","-5,000","204,000","198,000",,,,,,,,,,,,,,,,,,,,,,,,,,,,,,,,,,,,,,,,,,,,,,,,,,,,,,,,,,,,,,,,,,,,,,,,,,,,,,,,,,,,,,,,,,,
	InterestIncomeNonOperating,,,,,,,,,,,,,,,,,,,,,,,,,,,,,,,,,,"6,000","0","3,000","6,000","6,000","6,000","8,000","9,000","18,000","52,000","42,000","57,000","52,000","19,000","15,000","11,000","169,000","73,000","53,000","93,000","153,000","365,000","364,000",,,,,,,,,,,,,,,,,,,,,,,,,,,,,,,,,,,,,,,,,,,,,,,,,,,,,,,,,,,,,,,,,,,,,,,,,,,,,,,,,,,,,,,,,,,
	InterestExpenseNonOperating,"3,353,000","29,000","1,354,000","347,000","1,623,000","2,382,000","1,552,000","1,797,000","3,467,000","2,807,000","2,551,000","3,152,000","4,505,000","4,582,000","4,808,000","4,786,000","6,839,000","7,850,000","9,201,000","2,784,000","2,778,000","2,825,000","3,141,000","3,006,000","2,924,000","2,689,000","2,989,000","3,090,000","3,061,000","2,895,000","820,000","224,000","372,000","179,000","187,000","191,000","195,000","204,000","261,000","286,000","292,000","407,000","444,000","485,000","499,000","655,000","690,000","645,000","611,000","399,000","308,000","148,000","153,000","158,000","161,000","166,000",,,,,,,,,,,,,,,,,,,,,,,,,,,,,,,,,,,,,,,,,,,,,,,,,,,,,,,,,,,,,,,,,,,,,,,,,,,,,,,,,,,,,,,,,,,
	TotalOtherFinanceCost,"14,790,000",,,,,,,,,,"2,551,000","3,152,000","4,505,000","4,582,000","4,808,000","4,786,000","6,839,000","7,850,000","9,201,000","2,784,000","2,778,000","2,825,000","3,141,000","3,006,000","2,924,000","2,689,000","2,989,000","3,090,000","3,061,000","2,895,000","820,000","224,000","372,000",,,,,,,,,,,,,,,,,,,,,,,,,,,,,,,,,,,,,,,,,,,,,,,,,,,,,,,,,,,,,,,,,,,,,,,,,,,,,,,,,,,,,,,,,,,,,,,,,,,,,,,,,,,,,,,,,,
OtherIncomeExpense,"-11,868,000","-3,037,000","-7,803,000",,"-1,028,000","-726,000","-519,000","-10,773,000","-872,000","-1,914,000","-2,551,000","-4,456,000","-2,584,000","-2,824,000","-3,274,000","-3,818,000","-7,333,000","-8,034,000","-9,484,000","-4,591,000","-2,379,000",,,,,,,,,,"0","-3,558,000",,"-16,000","-1,301,000","-124,000","-189,000",,"-3,000","-27,000",,,,,,,"-95,000","-115,000","-716,000","-1,350,000","-457,000","-5,000","-1,085,000","-953,000","-10,000","160,000",,"-15,000","-113,000",,"36,000","-40,000","593,000","-14,000","-57,000","23,000","36,000","1,000","7,000","-16,995,000","-1,808,000","1,156,000","800,000","506,000","-1,162,000","-967,000","-176,000","518,000","478,000","468,000","489,000","550,000","415,000","529,000","663,000","-163,000","-1,728,000","197,000","317,000","314,000","-800,000","1,100,000","4,700,000","100,000","100,000","800,000","-1,500,000","1,100,000","100,000","700,000","800,000","700,000",,"700,000","700,000",,,,"600,000","100,000","400,000",,"1,200,000","100,000","300,000",,"500,000","200,000",,"200,000","200,000","200,000","100,000","100,000",,,,,,,,,,,,,,,,,,,,,,,
	SpecialIncomeCharges,"-11,868,000","-3,037,000","-7,803,000","0","-1,028,000","-726,000","-519,000","-10,773,000","-872,000","-1,914,000","-2,551,000","-4,456,000","-2,584,000","-2,824,000","-3,274,000","-3,818,000","-7,333,000","-8,034,000","-9,484,000","-4,591,000","-2,379,000",,,,,,,"0",,,"0","-3,558,000",,,"-1,332,000","-124,000",,,"27,000","-27,000",,,"-376,000","0","0","0","-95,000","-115,000","-716,000","-1,350,000","-457,000","-5,000","-1,085,000","-953,000","-10,000","160,000",,"-15,000","-113,000",,"36,000","-40,000","593,000","-14,000","-57,000","23,000","36,000","1,000","7,000","-16,995,000","-1,808,000","1,156,000","800,000","506,000","-1,162,000","-967,000","-176,000","518,000","478,000","468,000","489,000","550,000","415,000","529,000","663,000","-163,000","-1,728,000","197,000","317,000","314,000","-800,000","1,100,000","4,700,000","100,000","100,000","800,000","-1,500,000","1,100,000","100,000","700,000","800,000","700,000",,"700,000","700,000",,,,"600,000","100,000","400,000",,"1,200,000","100,000","300,000",,"500,000","200,000",,"200,000","200,000","200,000","100,000","100,000",,,,,,,,,,,,,,,,,,,,,,,
		RestructuringAndMergernAcquisition,"11,868,000","3,037,000","7,803,000","0","1,028,000","726,000","519,000","389,000","872,000","1,914,000","2,551,000","4,456,000","1,836,000","2,824,000","3,274,000","2,521,000","4,935,000","3,467,000","9,484,000","4,591,000","2,379,000",,,,,,,,,,"0","0",,,"1,332,000","124,000",,,,,,,"0","0","0","0","95,000","115,000","716,000","1,350,000","0","0","1,085,000","953,000",,,,,,,,,,,,,,,,,,,,,"0","1,376,000","832,000",,,,,,"0",,,"550,000",,,,,,,,,,,,,,,,,,,,,,,,,,,,,,,,,,,,,,,,,,,,,,,,,,,,,,,,,,,,,
		WriteOff,,,,,,,,,,,,,,,,,,,,,,,,,,,,"0",,,"0","3,558,000",,,,,,,,,,,,,,,,,,,,,,,,,,,,,,,,,,,,,,,,,,,,,,,,,,,,,,,,,,,,,,,,,,,,,,,,,,,,,,,,,,,,,,,,,,,,,,,,,,,,,,,,,,,,,,,,,,,
		OtherSpecialCharges,,,,,,,"0","10,384,000",,,"0",,"748,000",,"0","1,297,000","2,398,000","4,567,000",,,,,,,,,,,,,,,,,,,,,,,,,,,,,,,,,"457,000","5,000",,,,,,,,,,,,,,,,,,,,,,,"1,162,000","-409,000","-656,000",,,,,,"-415,000",,,"-387,000",,,,,,,,,,,,,,,,,,,,,,,,,,,,,,,,,,,,,,,,,,,,,,,,,,,,,,,,,,,,,
	OtherNonOperatingIncomeExpenses,,,,,,,,,,,,,,,,,,,,,,,,,,,,,,,,,,"-16,000","31,000",,"-189,000",,"-3,000",,,,,,,,,,,,,,,,,,,,,,,,,,,,,,,,,,,,,,,,,,,,,,,,,,,,,,,,,,,,,,,,,,,,,,,,,,,,,,,,,,,,,,,,,,,,,,,,,,,,,,,,,,,,
PretaxIncome,"1,299,180,000","620,628,000","375,375,000","281,494,000","21,683,000","221,807,000","615,524,000","295,778,000","80,196,000","48,821,000","32,512,000","17,530,000","565,000","26,571,000","22,730,000","10,811,000","-8,833,000","38,676,000","-5,314,000","-5,321,000","-13,805,000","16,404,000","2,774,000","-881,000","-11,943,000","-6,149,000","-327,000","-1,878,000","-12,886,000","5,794,000","12,095,000","-10,345,000","-10,357,000","-2,376,000","-89,000","-6,156,000","-7,312,000","16,991,000","13,859,000","-1,527,000","-4,802,000","81,000","1,371,000","-1,687,000","-5,545,000","17,345,000","-1,266,000","-3,979,000","-8,130,000","-4,045,000","31,542,000","24,155,000","1,043,000","-4,591,000","8,993,000","7,710,000","-836,000","13,902,000","11,392,000","3,999,000","-2,829,000","7,962,000","11,608,000","2,143,000","-4,049,000","5,328,000","10,103,000","1,283,000","-2,058,000","-14,655,000","10,119,000","-5,149,000","-3,882,000","496,000","9,096,000","-789,000","-627,000","2,819,000","1,612,000","-2,000,000","517,000","2,712,000","3,177,000","374,000","-798,000","1,102,000",,"-5,367,000","148,000","1,920,000","-2,700,000","800,000","900,000","1,200,000",,,"-2,800,000","1,800,000",,,"1,300,000","1,900,000",,,,,,,,,,,,,,,"500,000","300,000",,,"300,000","400,000","200,000",,,,,,,,,,,,,,,,,,,,,,,,
TaxProvision,"293,102,000","140,692,000","84,058,000","65,742,000","2,610,000","43,723,000","145,394,000","63,510,000","12,544,000","8,584,000","1,886,000","1,349,000","-705,000","1,727,000","-9,749,000","-11,000","-5,757,000","4,718,000","-226,000","204,000","-1,963,000","2,114,000","4,724,000","-309,000","-4,103,000","-2,703,000","50,000","-1,116,000","-3,955,000","1,803,000","4,982,000","-4,578,000","-3,449,000","-864,000","-1,228,000","-1,795,000","-5,557,000","4,624,000","5,119,000","-851,000","-1,680,000","30,000","413,000","-574,000","-1,885,000","5,897,000","-840,000","1,882,000","-5,663,000","-1,528,000","11,435,000","9,215,000","406,000","-1,790,000","2,923,000","2,969,000","-323,000","5,352,000","3,286,000","1,579,000","-1,117,000","3,145,000",,,,,"336,000","467,000","-803,000","3,000,000",,"-1,504,000","-1,592,000","204,000","-9,713,000","-308,000","-260,000","1,129,000","1,046,000","-811,000","212,000","1,103,000","1,800,000","449,000","68,000","685,000",,"-827,000","59,000","768,000","-300,000","300,000","-6,600,000","300,000",,,"-2,700,000","100,000",,,"0","100,000",,,,,,,,,,,,,,,"200,000","100,000",,,"200,000","100,000","100,000",,,,,,,,,,,,,,,,,,,,,,,,
NetIncomeCommonStockholders,"1,006,078,000","479,936,000","291,317,000","215,752,000","19,073,000","178,084,000","470,130,000","232,268,000","67,652,000","40,237,000","30,626,000","16,181,000","1,270,000","24,844,000","32,479,000","10,822,000","-3,076,000","33,958,000","-5,088,000","-5,525,000","-11,842,000","14,290,000","-1,950,000","-572,000","-7,840,000","-3,446,000","-377,000","-762,000","-8,931,000","3,991,000","7,113,000","-5,767,000","-6,908,000","-1,512,000","1,139,000","-4,361,000","-1,755,000","12,367,000","8,740,000","-676,000","-3,122,000","51,000","958,000","-1,113,000","-3,660,000","11,448,000","-426,000","-5,861,000","-2,467,000","-2,517,000","20,107,000","14,940,000","637,000","-2,801,000","6,070,000","4,741,000","-513,000","8,550,000","8,106,000","2,420,000","-1,712,000","4,817,000","18,296,000","2,143,000","-4,049,000","5,328,000","9,602,000","700,000","-1,710,000","-17,851,000","-644,000","-3,645,000","-2,290,000","292,000","18,809,000","-481,000","-367,000","1,690,000","566,000","-1,189,000","305,000","1,609,000","1,378,000","-75,000","-866,000","417,000","-2,547,000","-4,540,000","89,000","1,152,000","-2,400,000","500,000","7,500,000","900,000","-700,000",,"-100,000","1,700,000","300,000","-800,000","1,300,000","1,800,000","200,000","200,000","200,000","400,000",,,"-2,400,000","700,000","-700,000","-1,700,000","-1,000,000","-400,000",,"-600,000","500,000","300,000","200,000","-300,000","300,000","300,000","100,000",,,,,,,,,,,,,,,,,,,,,,,,
	NetIncome,"1,006,078,000","479,936,000","291,317,000","215,752,000","19,073,000","178,084,000","470,130,000","232,268,000","67,652,000","40,237,000","30,626,000","16,181,000","1,270,000","24,844,000","32,479,000","10,822,000","-3,076,000","33,958,000","-5,088,000","-5,525,000","-11,842,000","14,290,000","-1,950,000","-572,000","-7,840,000","-3,446,000","-377,000","-762,000","-8,931,000","3,991,000","7,113,000","-5,767,000","-6,908,000","-1,512,000","1,139,000","-4,361,000","-1,755,000","12,367,000","8,740,000","-676,000","-3,122,000","51,000","958,000","-1,113,000","-3,660,000","11,448,000","-426,000","-5,861,000","-2,467,000","-2,517,000","20,107,000","14,940,000","637,000","-2,801,000","6,070,000","4,741,000","-513,000","8,550,000","8,106,000","2,420,000","-1,712,000","4,817,000","18,296,000","2,143,000","-4,049,000","5,328,000","9,602,000","700,000","-1,710,000","-17,851,000","-644,000","-3,645,000","-2,290,000","292,000","18,809,000","-481,000","-367,000","1,690,000","566,000","-1,189,000","305,000","1,609,000","1,378,000","-75,000","-866,000","417,000","-2,547,000","-4,540,000","89,000","1,152,000","-2,400,000","500,000","7,500,000","900,000","-700,000",,"-100,000","1,700,000","300,000","-800,000","1,300,000","1,800,000","200,000","200,000","200,000","400,000",,,"-2,400,000","700,000","-700,000","-1,700,000","-1,000,000","-400,000",,"-600,000","500,000","300,000","200,000","-300,000","400,000","300,000","100,000",,,,,,,,,,,,,,,,,,,,,,,,
		NetIncomeIncludingNoncontrollingInterests,"1,006,078,000","479,936,000","291,317,000","215,752,000","19,073,000","178,084,000","470,130,000","232,268,000","67,652,000","40,237,000","30,626,000","16,181,000","1,270,000","24,844,000","32,479,000","10,822,000","-3,076,000","33,958,000","-5,088,000","-5,525,000","-11,842,000","14,290,000","-1,950,000","-572,000","-7,840,000","-3,446,000","-377,000","-762,000","-8,931,000","3,991,000","7,113,000","-5,767,000","-6,908,000","-1,512,000","1,139,000","-4,361,000","-1,755,000","12,367,000","8,740,000","-676,000","-3,122,000","51,000","958,000","-1,113,000","-3,660,000","11,448,000","-426,000","-5,861,000","-2,467,000","-2,517,000","20,107,000","14,940,000","637,000","-2,801,000","6,070,000","4,741,000","-513,000","8,550,000","8,106,000","2,420,000","-1,712,000","4,817,000","18,296,000","2,143,000","-4,049,000","5,328,000","9,602,000","700,000","-1,710,000","-17,851,000","-644,000","-3,645,000","-2,290,000","292,000","18,809,000","-481,000","-367,000","1,690,000","566,000","-1,189,000","305,000","1,609,000","1,378,000","-75,000","-866,000","417,000","-2,547,000","-4,540,000","89,000","1,152,000","-2,400,000","500,000","7,500,000","900,000","-700,000",,"-100,000","1,700,000","300,000","-800,000","1,300,000","1,800,000","200,000","200,000","200,000","400,000",,,"-2,400,000","700,000","-700,000","-1,700,000","-1,000,000","-400,000",,"-600,000","500,000","300,000","200,000","-300,000","400,000","300,000","100,000",,"-1,400,000","-1,400,000","-1,400,000","-1,300,000","-700,000","200,000",,"-700,000","-1,100,000","-900,000","-400,000","-700,000","-1,500,000","-400,000","-1,200,000","-4,200,000","-5,400,000","-800,000","-2,000,000","100,000","200,000","200,000","100,000"
			NetIncomeContinuousOperations,"1,006,078,000","479,936,000","291,317,000","215,752,000","19,073,000","178,084,000","470,130,000","232,268,000","67,652,000","40,237,000","30,626,000","16,181,000","1,270,000","24,844,000","32,479,000","10,822,000","-3,076,000","33,958,000","-5,088,000","-5,525,000","-11,842,000","14,290,000","-1,950,000","-572,000","-7,840,000","-3,446,000","-377,000","-762,000","-8,931,000","3,991,000","7,113,000","-5,767,000","-6,908,000","-1,512,000","1,139,000","-4,361,000","-1,755,000","12,367,000","8,740,000","-676,000","-3,122,000","51,000","958,000","-1,113,000","-3,660,000","11,448,000","-426,000","-5,861,000","-2,467,000","-2,517,000","20,107,000","14,940,000","637,000","-2,801,000","6,070,000","4,741,000","-513,000","8,550,000","8,106,000","2,420,000","-1,712,000","4,817,000","17,499,000","2,143,000","-4,049,000","5,328,000","9,767,000","816,000","-1,255,000","-17,655,000","7,227,000","-3,645,000","-2,290,000","292,000","18,809,000","-481,000","-367,000","1,690,000","566,000","-1,189,000","305,000","1,609,000","1,378,000","-75,000","-866,000","417,000","-1,479,000","-4,540,000","89,000","1,152,000","-2,400,000","500,000","7,500,000","900,000","-700,000",,"-100,000","1,700,000","300,000","-800,000","1,300,000","1,800,000","200,000","200,000","200,000","400,000",,,"-2,400,000","700,000","-700,000","-1,700,000","-1,000,000","-400,000",,"-600,000","300,000","200,000","200,000","-300,000","100,000","300,000","100,000",,"-1,400,000","-1,400,000","-1,400,000","-1,300,000","-700,000","200,000",,"-700,000","-1,100,000","-900,000","-400,000","-700,000","-1,500,000","-400,000","-1,200,000","-4,200,000","-5,400,000","-800,000","-2,000,000","100,000","200,000","200,000","100,000"
			NetIncomeDiscontinuousOperations,,,,,,,,,,,,,,,,,,,,,,,,,,,,,,,,,,,,,,,,,,,,,,,,,,,,,,,,,,,,,,,,,,,"-165,000","-116,000","-455,000","-196,000",,,,,,,,,,,,,,,,,,,,,,,,,,,,,,,,,,,,,,,,,,,,,,,,,,,,,,,,,,,,,,,,,,,,,,,,,,,,,
			NetIncomeFromTaxLossCarryforward,,,,,,,,,,,,,,,,,,,,,,,,,,,,,,,,,,,,,,,,,,,,,,,,,,,,,,,,,,,,,,,,,,,,,,,,,,,,,,,,,,,,,,,,,,,,,,,,,,,,,,,,,,,,,,,,,,,,,"200,000","100,000",,,,,,,,,,,,,,,,,,,,,,,,,,,,,
AverageDilutionEarnings,,,,,,,,,,"181,000",,,,,,,,,,,,,,,,,,,,,,,,,,,,,,,,,,,,,,,,,,,,,,,,,,,,,,,,,,,,,,,,,,,,,,,,,,,,,,,,,,,,,,,,,,,,,,,,,,,,,,,,,,,,,,,,,,,,,,,,,,,,,,,,,,,,,,,,,
DilutedNIAvailtoComStockholders,"1,006,078,000","479,936,000","291,317,000","215,752,000","19,073,000","178,084,000","470,575,000","232,268,000","67,652,000","40,418,000","30,626,000","16,181,000","1,270,000","24,844,000","32,479,000","10,822,000","-3,076,000","33,958,000","-5,088,000","-5,525,000","-11,842,000","14,290,000","-1,950,000","-572,000","-7,840,000","-3,446,000","-377,000","-762,000","-8,931,000","3,991,000","7,113,000","-5,767,000","-6,908,000","-1,512,000","1,139,000","-4,361,000","-1,755,000","12,367,000","8,740,000","-676,000","-3,122,000","51,000","958,000","-1,113,000","-3,660,000","11,448,000","-426,000","-5,861,000","-2,467,000","-2,517,000","20,107,000","14,940,000","637,000","-2,801,000","6,070,000","4,741,000","-513,000","8,550,000","8,106,000","2,420,000","-1,712,000","4,817,000","18,296,000","2,143,000","-4,049,000","5,328,000","9,602,000","700,000","-1,710,000","-17,851,000","-644,000","-3,645,000","-2,290,000","292,000","18,809,000","-481,000","-367,000","1,690,000","566,000","-1,189,000","305,000","1,609,000","1,378,000","-75,000","-866,000","417,000","-2,547,000","-4,540,000","89,000","1,152,000","-2,400,000","500,000","7,500,000","900,000","-700,000",,"-100,000","1,700,000","300,000","-800,000","1,300,000","1,800,000","200,000","200,000","200,000","400,000",,,"-2,400,000","700,000","-700,000","-1,700,000","-1,000,000","-400,000",,"-600,000","500,000","300,000","200,000","-300,000","300,000","300,000","100,000",,,,,,,,,,,,,,,,,,,,,,,,
BasicEPS,,"11.46","6.98","5.17","0.46","4.19","11.14","5.52","1.61","0.96","0.73","0.39","0.03","0.63","0.82","0.28","-0.08","0.96","-0.15","-0.16","-0.35","0.43",,"-0.02","-0.24","-0.11","-0.01","-0.02","-0.26","0.12","0.21","-0.17","-0.2","-0.04","0.03","-0.13","-0.05","0.37","0.26","-0.02","-0.09","0",,"-0.03","-0.11","0.35",,"-0.21","-0.09","-0.09",,"0.5","0.02","-0.09",,"0.15","-0.02","0.27",,"0.08","-0.05","0.15",,"0.07","-0.12","0.16",,"0.02","-0.05","-0.56",,"-0.12","-0.07","0.01",,"-0.02","-0.01","0.06",,"-0.04","0.01","0.06",,"0","-0.03","0.01",,"-0.18","0","0.05","-0.1","0.02",,"0.04","-0.03","0",,"0.07","0.01","-0.03",,"0.08","0.01","0.01",,"0.02","0","0",,"0.04","-0.04","-0.09",,"-0.01","0","-0.04",,"0.02","0.01","-0.02",,"0.02","0.01","0",,"-0.12","-0.12","-0.11",,"0.04","0","-0.49",,"-0.25","-0.1","-0.2",,"-0.12","-0.33","-1.17",,"-0.24","-0.57","0.04",,"0.08","0.05"
DilutedEPS,,"11.31","6.85","5.08","0.45","4.09","10.78","5.33","1.55","0.93","0.71","0.38","0.03","0.6","0.78","0.27","-0.08","0.86","-0.15","-0.16","-0.35","0.42",,"-0.02","-0.24","-0.11","-0.01","-0.02","-0.26","0.11","0.2","-0.17","-0.2","-0.04","0.03","-0.13","-0.05","0.36","0.26","-0.02","-0.09","0",,"-0.03","-0.11","0.35",,"-0.21","-0.09","-0.09",,"0.5","0.02","-0.09",,"0.15","-0.02","0.26",,"0.07","-0.05","0.14",,"0.06","-0.121","0.15",,"0.02","-0.05","-0.56",,"-0.12","-0.07","0.009",,"-0.02","-0.01","0.058",,"-0.04","0.01","0.05",,"0","-0.03","0.01",,"-0.183","0","0.04","-0.1","0.02",,"0.04","-0.03","0",,"0.07","0.01","-0.03",,"0.08","0.01","0.01",,"0.02","0","0",,"0.04","-0.04","-0.09",,"-0.01","0","-0.04",,"0.02","0.01","-0.02",,"0.02","0.01","0",,"-0.12","-0.12","-0.11",,"0.04","0","-0.49",,"-0.25","-0.1","-0.2",,"-0.12","-0.33","-1.17",,"-0.24","-0.57","0.04",,"0.08","0.05"
BasicAverageShares,,"41,875,000","41,758,000","41,728,000","41,691,000","42,510,000","42,211,000","42,105,000","42,117,000","42,056,000","41,875,000","41,642,000","40,209,000","39,704,000","39,507,000","39,290,000","37,925,000","35,236,000","34,333,000","33,913,000","33,500,000","33,202,000",,"32,673,000","32,541,000","32,727,000","33,522,000","33,683,000","34,597,000","34,641,000","34,602,000","34,340,000","34,347,000","34,199,000","34,024,000","33,976,000","33,802,000","33,501,000","33,213,000","33,004,000","32,946,000","32,997,000",,"33,019,000","32,900,000","32,451,000",,"28,183,000","28,406,000","28,505,000",,"29,713,000","29,677,000","31,053,000",,"31,915,000","31,757,000","32,001,000",,"31,784,000","31,682,000","32,655,000",,"32,551,000","33,347,000","33,269,000",,"32,808,000","32,263,000","31,906,000",,"31,618,000","31,595,000","30,939,000",,"29,125,000","29,002,000","28,902,000",,"28,850,000","28,800,000","28,754,000",,"28,302,000","28,177,000","28,124,000",,"24,775,000","24,638,000","24,404,000","24,000,000","25,000,000",,"22,500,000","23,333,333","23,768,000",,"24,285,714","30,000,000","26,666,667",,"22,500,000","20,000,000","20,000,000",,"20,000,000","21,172,000","21,150,000",,"17,500,000","17,500,000","18,888,889",,"15,000,000","15,000,000","15,000,000",,"15,000,000","15,000,000","15,000,000",,"15,000,000","14,383,000","14,383,000",,"14,383,000","14,383,000","14,383,000",,"3,730,000","3,723,000","3,614,000",,"3,587,000","3,563,000","3,558,000",,"3,558,000","3,551,000","3,547,000",,"3,413,000","3,411,000","3,392,000",,"3,382,000","3,382,000"
DilutedAverageShares,,"42,449,000","42,500,000","42,463,000","42,374,000","43,533,000","43,622,000","43,596,000","43,746,000","43,403,000","43,290,000","43,206,000","41,429,000","42,907,000","42,816,000","42,889,000","37,925,000","41,948,000","34,333,000","33,913,000","33,500,000","33,998,000",,"32,673,000","32,541,000","32,727,000","33,522,000","33,683,000","34,597,000","35,745,000","35,761,000","34,340,000","34,347,000","34,199,000","35,126,000","33,976,000","33,802,000","34,575,000","33,979,000","33,004,000","32,946,000","33,504,000",,"33,019,000","32,900,000","32,838,000",,"28,183,000","28,406,000","28,505,000",,"30,149,000","30,063,000","31,053,000",,"32,648,000","31,757,000","32,835,000",,"32,762,000","31,682,000","33,629,000",,"33,744,000","33,347,000","34,708,000",,"33,787,000","32,263,000","31,906,000",,"31,618,000","31,595,000","32,671,000",,"29,125,000","29,002,000","28,987,000",,"28,850,000","29,978,000","30,133,000",,"28,952,000","28,978,000","29,038,000",,"24,775,000","26,636,000","26,703,000","24,000,000","25,000,000",,"22,500,000","23,333,333","23,768,000",,"24,285,714","30,000,000","26,666,667",,"22,500,000","20,000,000","20,000,000",,"20,000,000","21,172,000","21,150,000",,"17,500,000","17,500,000","18,888,889",,"15,000,000","15,000,000","15,000,000",,"15,000,000","15,000,000","15,000,000",,"15,000,000","14,383,000","14,383,000",,"14,383,000","14,383,000","14,383,000",,"3,730,000","3,723,000","3,614,000",,"3,587,000","3,563,000","3,558,000",,"3,558,000","3,551,000","3,547,000",,"3,413,000","3,411,000","3,392,000",,"3,382,000","3,382,000"
TotalOperatingIncomeAsReported,"1,302,533,000","620,657,000","376,729,000","281,841,000","23,306,000","224,189,000","617,076,000","307,959,000","83,663,000","51,628,000","35,063,000","20,682,000","5,818,000","31,153,000","27,538,000","16,894,000","404,000","51,093,000","3,887,000","-2,537,000","-11,027,000","19,229,000","5,915,000","2,125,000","-9,019,000","-3,460,000","2,662,000","1,212,000",,"8,689,000","12,915,000","-10,121,000","-9,985,000","-2,187,000","67,000","-5,968,000","-7,123,000","17,189,000","14,117,000","-1,222,000","-4,519,000","470,000","2,139,000","-1,244,000","-5,103,000","17,948,000","-595,000","-3,349,000","-7,530,000","-3,815,000","31,777,000","24,255,000","1,103,000","-4,586,000","8,799,000","7,352,000","-1,093,000","13,561,000","11,164,000","3,741,000","-3,162,000","7,743,000","10,861,000","1,999,000","-4,208,000","5,182,000","10,061,000","1,328,000","-2,035,000","-14,644,000","10,125,000","-5,069,000","-3,977,000","737,000","9,246,000","-705,000","-474,000","2,991,000","1,775,000","-1,851,000","691,000","2,851,000","1,792,000","622,000","-1,146,000","1,041,000","-1,720,000","-5,321,000","379,000","1,997,000","-2,000,000","-100,000","-3,600,000","1,100,000","-700,000","-600,000","-1,000,000","700,000","400,000","-1,400,000","900,000","1,100,000","400,000","-400,000","-200,000","600,000","100,000",,"-2,500,000","800,000","-900,000","-1,600,000","-1,900,000","-600,000","-200,000","-500,000",,"300,000","300,000","-500,000","200,000","300,000","300,000","200,000",,,,,,,,,,,,,,,,,,,,,,,
TotalExpenses,"1,011,071,000","378,565,000","252,335,000","227,895,000","152,276,000","150,423,000","191,608,000","167,710,000","117,219,000","121,111,000","114,564,000","101,354,000","100,598,000","113,991,000","101,776,000","97,984,000","97,816,000","114,583,000","101,519,000","48,840,000","46,915,000","54,463,000","46,893,000","47,216,000","48,152,000","53,781,000","49,750,000","45,600,000","44,698,000","52,613,000","50,682,000","47,420,000","41,473,000","48,860,000","48,771,000","39,383,000","36,829,000","44,806,000","39,808,000","34,220,000","35,377,000","37,490,000","36,252,000","34,352,000","32,612,000","41,647,000","32,209,000","31,459,000","31,840,000","30,844,000","34,363,000","31,897,000","22,455,000","20,523,000","24,684,000","24,516,000","23,009,000","27,304,000","26,817,000","23,829,000","21,742,000","26,191,000","27,913,000","21,721,000","20,679,000","21,868,000","24,717,000","18,704,000","16,858,000","37,310,000","20,397,000","19,220,000","18,259,000","18,999,000","23,967,000","17,948,000","18,520,000","21,404,000","20,989,000","16,359,000","17,098,000","18,361,000","19,761,000","15,946,000","16,670,000","17,953,000","18,274,000","15,786,000","16,585,000","20,071,000","14,200,000","10,700,000","13,600,000","13,800,000","12,100,000","10,400,000","14,300,000","11,700,000","11,600,000","10,100,000","11,300,000","10,600,000","9,300,000","9,400,000","8,600,000","8,700,000","8,200,000","8,500,000","11,900,000","8,400,000","7,700,000","6,900,000","9,400,000","8,100,000","6,800,000","7,100,000","8,000,000","7,200,000","6,500,000","6,100,000","7,200,000","6,400,000","5,800,000","6,700,000",,,,,,,,,,,,,,,,,,,,,,,
NetIncomeFromContinuingAndDiscontinuedOperation,"1,006,078,000","479,936,000","291,317,000","215,752,000","19,073,000","178,084,000","470,130,000","232,268,000","67,652,000","40,237,000","30,626,000","16,181,000","1,270,000","24,844,000","32,479,000","10,822,000","-3,076,000","33,958,000","-5,088,000","-5,525,000","-11,842,000","14,290,000","-1,950,000","-572,000","-7,840,000","-3,446,000","-377,000","-762,000","-8,931,000","3,991,000","7,113,000","-5,767,000","-6,908,000","-1,512,000","1,139,000","-4,361,000","-1,755,000","12,367,000","8,740,000","-676,000","-3,122,000","51,000","958,000","-1,113,000","-3,660,000","11,448,000","-426,000","-5,861,000","-2,467,000","-2,517,000","20,107,000","14,940,000","637,000","-2,801,000","6,070,000","4,741,000","-513,000","8,550,000","8,106,000","2,420,000","-1,712,000","4,817,000","18,296,000","2,143,000","-4,049,000","5,328,000","9,602,000","700,000","-1,710,000","-17,851,000","-644,000","-3,645,000","-2,290,000","292,000","18,809,000","-481,000","-367,000","1,690,000","566,000","-1,189,000","305,000","1,609,000","1,378,000","-75,000","-866,000","417,000","-1,479,000","-4,540,000","89,000","1,152,000","-2,400,000","500,000","7,500,000","900,000","-700,000",,"-100,000","1,700,000","300,000","-800,000","1,300,000","1,800,000","200,000","200,000","200,000","400,000",,,"-2,400,000","700,000","-700,000","-1,700,000","-1,000,000","-400,000",,"-600,000","300,000","200,000","200,000","-300,000","100,000","300,000","100,000",,,,,,,,,,,,,,,,,,,,,,,,
NormalizedIncome,"1,015,268,515.328","482,274,490","297,372,668.468","215,752,000","19,977,640","178,664,800","470,526,406.103","240,778,670","68,384,480","41,806,480","33,029,018.147","20,294,093.896","3,156,320","27,498,560","34,869,020","13,609,140","2,277,090","41,027,920","3,992,653.368","-2,770,400","-9,796,060","14,290,000","-1,950,000","-572,000","-7,840,000","-3,446,000","-377,000","-762,000","-8,931,000","3,991,000","7,113,000","-3,454,300","-6,908,000","-1,512,000","2,004,800","-4,272,960","-1,755,000","12,367,000","8,722,972.797","-658,450","-3,122,000","51,000","1,220,733.771","-1,113,000","-3,660,000","11,448,000","-364,250","-5,786,250","-2,001,600","-1,676,962.917","20,398,322.649","14,943,092.527","1,299,651.007","-2,219,568.286","6,076,749.694","4,642,613.489","-513,000","8,559,225.291","8,186,405.372","2,420,000","-1,733,785.79","4,841,199.95","17,143,200","2,151,400","-3,992,000","5,314,200","9,732,197.268","815,363.991","-1,259,268.707","-7,458,000","8,311,800","-4,463,337.541","-2,770,000","-11,600","19,506,200","108,514.575","-261,400","1,379,200","279,200","-1,469,800","11,600","1,279,000","1,129,000","-392,400","-1,263,800","514,800","-442,200","-4,706,644.308","-101,628.378","963,600","-1,688,888.889","-187,500","4,680,000","825,000","-760,000",,"800,000","661,111.111","240,000","-1,220,000","500,000","1,136,842.105","200,000","-220,000","-220,000","400,000",,,"-2,760,000","640,000","-940,000","-1,700,000","-1,720,000","-460,000",,"-600,000","0","66,666.667","200,000","-420,000","-20,000","150,000","40,000",,,,,,,,,,,,,,,,,,,,,,,,
InterestIncome,,,,,,,,,,,,,,,,,,,,,,,,,,,,,,,,,,"6,000","0","3,000","6,000","6,000","6,000","8,000","9,000","18,000","52,000","42,000","57,000","52,000","19,000","15,000","11,000","169,000","73,000","53,000","93,000","153,000","365,000","364,000",,,,,,,,,,,,,,,,,,,,,,,,,,,,,,,,,,,,,,,,,,,,,,,,,,,,,,,,,,,,,,,,,,,,,,,,,,,,,,,,,,,,,,,,,,,
InterestExpense,"3,353,000","29,000","1,354,000","347,000","1,623,000","2,382,000","1,552,000","1,797,000","3,467,000","2,807,000","2,551,000","3,152,000","4,505,000","4,582,000","4,808,000","4,786,000","6,839,000","7,850,000","9,201,000","2,784,000","2,778,000","2,825,000","3,141,000","3,006,000","2,924,000","2,689,000","2,989,000","3,090,000","3,061,000","2,895,000","820,000","224,000","372,000","179,000","187,000","191,000","195,000","204,000","261,000","286,000","292,000","407,000","444,000","485,000","499,000","655,000","690,000","645,000","611,000","399,000","308,000","148,000","153,000","158,000","161,000","166,000",,,,,,,,,,,,,,,,,,,,,,,,,,,,,,,,,,,,,,,,,,,,,,,,,,,,,,,,,,,,,,,,,,,,,,,,,,,,,,,,,,,,,,,,,,,
NetInterestIncome,"-3,353,000","-29,000","-1,354,000","-347,000","-1,623,000","-2,382,000","-1,552,000","-1,797,000","-3,467,000","-2,807,000","-2,551,000","-3,152,000","-4,505,000","-4,582,000","-4,808,000","-4,786,000","-6,839,000","-7,850,000","-9,201,000","-2,784,000","-2,778,000","-2,825,000","-3,141,000","-3,006,000","-2,924,000","-2,689,000","-2,989,000","-3,090,000","-3,061,000","-2,895,000","-820,000","-224,000","-372,000","-173,000","-187,000","-188,000","-189,000","-198,000","-255,000","-278,000","-283,000","-389,000","-392,000","-443,000","-442,000","-603,000","-671,000","-630,000","-600,000","-230,000","-235,000","-95,000","-60,000","-5,000","204,000","198,000",,,,,,,,,,,,,,,,,,,,,,,,,,,,,,,,,,,,,,,,,,,,,,,,,,,,,,,,,,,,,,,,,,,,,,,,,,,,,,,,,,,,,,,,,,,
EBIT,"1,302,533,000","620,657,000","376,729,000","281,841,000","23,306,000","224,189,000","617,076,000","297,575,000","83,663,000","51,628,000","35,063,000","20,682,000","5,070,000","31,153,000","27,538,000","15,597,000","-1,994,000","46,526,000","3,887,000","-2,537,000","-11,027,000","19,229,000","5,915,000","2,125,000","-9,019,000","-3,460,000","2,662,000","1,212,000","-9,825,000","8,689,000","12,915,000","-10,121,000","-9,985,000","-2,197,000","98,000","-5,965,000","-7,117,000","17,195,000","14,120,000","-1,241,000","-4,510,000","488,000","1,815,000","-1,202,000","-5,046,000","18,000,000","-576,000","-3,334,000","-7,519,000","-3,646,000","31,850,000","24,303,000","1,196,000","-4,433,000","9,154,000","7,876,000","-1,093,000","13,561,000","11,164,000","3,741,000","-3,162,000","7,743,000","10,861,000","1,999,000","-4,208,000","5,182,000","10,061,000","1,328,000","-2,035,000","-14,644,000","10,125,000","-5,069,000","-3,977,000","737,000","9,246,000","671,000","358,000","2,991,000","1,775,000","-1,851,000","691,000","2,851,000","1,792,000","622,000","-1,146,000","1,591,000","-586,000","-5,321,000","379,000","1,997,000","-2,000,000","-100,000","-3,600,000","1,100,000","-700,000","-600,000","-1,000,000","700,000","400,000","-1,400,000","900,000","1,100,000","400,000","-400,000","-200,000","600,000","100,000","0","-2,500,000","800,000","-900,000","-1,600,000","-1,900,000","-600,000","-200,000","-500,000","100,000","300,000","300,000","-500,000","200,000","300,000","300,000","200,000","-26,000,000","7,000,000","6,900,000","6,900,000","-6,400,000","2,400,000","2,300,000","1,800,000","-9,500,000","2,300,000","2,200,000","2,300,000","-9,000,000","2,100,000","1,500,000","800,000","-14,800,000","1,900,000","1,600,000","2,400,000","-7,000,000","2,500,000","2,600,000"
EBITDA,"1,360,994,000"
ReconciledCostOfRevenue,"616,578,000","262,301,000","147,525,000","136,328,000","70,424,000","73,379,000","107,709,000","92,439,000","53,003,000","59,662,000","57,338,000","50,633,000","49,073,000","57,041,000","50,456,000","47,757,000","45,487,000","62,872,000","60,885,000","15,658,000","14,258,000","20,171,000","16,211,000","14,814,000","13,321,000","15,345,000","14,491,000","13,463,000","12,093,000","17,111,000","15,681,000","12,090,000","11,749,000","15,123,000","14,656,000","11,134,000","10,626,000","14,255,000","12,591,000","10,977,000","10,445,000","10,946,000","11,322,000","11,489,000","10,929,000","18,440,000","12,280,000","11,431,000","11,181,000","12,120,000","17,485,000","16,403,000","9,089,000","7,239,000","12,367,000","11,118,000","9,305,000","13,211,000","14,119,000","10,060,000","8,177,000","11,858,000","13,929,000","9,269,000","7,524,000","9,567,000","12,831,000","9,280,000","6,623,000","8,367,000","10,857,000","7,568,000","7,408,000","9,401,000","13,241,000","9,158,000","9,288,000","11,125,000","11,234,000","7,903,000","9,149,000","9,981,000","10,021,000","8,072,000","8,184,000","8,994,000","5,978,000","6,954,000","8,331,000","8,988,000","5,100,000","4,500,000","6,200,000","7,100,000","5,200,000","4,300,000","6,600,000","5,400,000","5,100,000","4,000,000","5,100,000","4,800,000","3,600,000","3,700,000","3,500,000","3,700,000","3,300,000","3,400,000","4,700,000","3,900,000","3,100,000","2,500,000","1,100,000","4,400,000","3,200,000","3,300,000","3,800,000","3,700,000","3,000,000","2,700,000","3,500,000","3,400,000","3,700,000","4,300,000",,,,,,,,,,,,,,,,,,,,,,,
ReconciledDepreciation,"58,461,000","16,782,000","14,401,000","12,792,000","14,486,000","12,705,000","12,308,000","12,415,000","11,886,000","12,480,000","15,051,000","12,282,000","12,487,000","11,971,000","11,943,000","10,704,000","11,544,000","12,075,000","12,949,000","6,236,000","5,887,000","5,690,000","5,199,000","5,187,000","6,287,000","6,123,000","5,849,000","5,717,000","5,618,000","6,202,000","7,787,000","6,885,000","6,361,000","7,332,000","6,237,000","6,334,000","5,067,000","7,056,000","6,776,000","5,623,000","5,282,000","5,580,000","5,746,000","5,298,000","3,386,000","3,379,000","3,547,000","3,324,000","3,246,000","2,209,000","1,888,000","1,612,000","1,333,000","1,533,000","2,468,000","2,066,000","2,080,000","2,067,000","2,369,000","2,428,000","2,437,000","2,618,000","2,963,000","1,924,000","2,210,000","2,012,000","531,000","315,000","315,000","315,000","-97,000","519,000","519,000","518,000","518,000","519,000","517,000","503,000","485,000","483,000","486,000","491,000","1,119,000","1,099,000","1,044,000","1,103,000","5,032,000","433,000",,"1,703,000","1,300,000","900,000","800,000","900,000","900,000","700,000","800,000","800,000","800,000","700,000","700,000","600,000","600,000","600,000","600,000","500,000","500,000","500,000","500,000","300,000","600,000","500,000","500,000","400,000","300,000","300,000","300,000","300,000","300,000","400,000","500,000","200,000","400,000","300,000",,,,,,,,,,,,,,,,,,,,,,,
NetIncomeFromContinuingOperationNetMinorityInterest,"1,006,078,000","479,936,000","291,317,000","215,752,000","19,073,000","178,084,000","470,130,000","232,268,000","67,652,000","40,237,000","30,626,000","16,181,000","1,270,000","24,844,000","32,479,000","10,822,000","-3,076,000","33,958,000","-5,088,000","-5,525,000","-11,842,000","14,290,000","-1,950,000","-572,000","-7,840,000","-3,446,000","-377,000","-762,000","-8,931,000","3,991,000","7,113,000","-5,767,000","-6,908,000","-1,512,000","1,139,000","-4,361,000","-1,755,000","12,367,000","8,740,000","-676,000","-3,122,000","51,000","958,000","-1,113,000","-3,660,000","11,448,000","-426,000","-5,861,000","-2,467,000","-2,517,000","20,107,000","14,940,000","637,000","-2,801,000","6,070,000","4,741,000","-513,000","8,550,000","8,106,000","2,420,000","-1,712,000","4,817,000","17,499,000","2,143,000","-4,049,000","5,328,000","9,767,000","816,000","-1,255,000","-17,655,000","7,227,000","-3,645,000","-2,290,000","292,000","18,809,000","-481,000","-367,000","1,690,000","566,000","-1,189,000","305,000","1,609,000","1,378,000","-75,000","-866,000","417,000","-1,479,000","-4,540,000","89,000","1,152,000","-2,400,000","500,000","7,500,000","900,000","-700,000",,"-100,000","1,700,000","300,000","-800,000","1,300,000","1,800,000","200,000","200,000","200,000","400,000",,,"-2,400,000","700,000","-700,000","-1,700,000","-1,000,000","-400,000",,"-600,000","300,000","200,000","200,000","-300,000","100,000","300,000","100,000",,,,,,,,,,,,,,,,,,,,,,,,
TotalUnusualItemsExcludingGoodwill,"-11,868,000","-3,037,000","-7,803,000","0","-1,028,000","-726,000","-519,000","-10,773,000","-872,000","-1,914,000","-2,551,000","-4,456,000","-2,584,000","-2,824,000","-3,274,000","-3,818,000","-7,333,000","-8,034,000","-9,484,000","-4,591,000","-2,379,000",,,,,,,"0",,,"0","-3,558,000",,,"-1,332,000","-124,000",,,"27,000","-27,000",,,"-376,000","0","0","0","-95,000","-115,000","-716,000","-1,350,000","-457,000","-5,000","-1,085,000","-953,000","-10,000","160,000",,"-15,000","-113,000",,"36,000","-40,000","593,000","-14,000","-57,000","23,000","36,000","1,000","7,000","-16,995,000","-1,808,000","1,156,000","800,000","506,000","-1,162,000","-967,000","-176,000","518,000","478,000","468,000","489,000","550,000","415,000","529,000","663,000","-163,000","-1,728,000","197,000","317,000","314,000","-800,000","1,100,000","4,700,000","100,000","100,000",,"-1,500,000","1,100,000","100,000","700,000","800,000","700,000",,"700,000","700,000",,,,"600,000","100,000","400,000",,"1,200,000","100,000",,,"500,000","200,000",,"200,000","200,000","200,000","100,000",,,,,,,,,,,,,,,,,,,,,,,,
TotalUnusualItems,"-11,868,000","-3,037,000","-7,803,000","0","-1,028,000","-726,000","-519,000","-10,773,000","-872,000","-1,914,000","-2,551,000","-4,456,000","-2,584,000","-2,824,000","-3,274,000","-3,818,000","-7,333,000","-8,034,000","-9,484,000","-4,591,000","-2,379,000",,,,,,,"0",,,"0","-3,558,000",,,"-1,332,000","-124,000",,,"27,000","-27,000",,,"-376,000","0","0","0","-95,000","-115,000","-716,000","-1,350,000","-457,000","-5,000","-1,085,000","-953,000","-10,000","160,000",,"-15,000","-113,000",,"36,000","-40,000","593,000","-14,000","-57,000","23,000","36,000","1,000","7,000","-16,995,000","-1,808,000","1,156,000","800,000","506,000","-1,162,000","-967,000","-176,000","518,000","478,000","468,000","489,000","550,000","415,000","529,000","663,000","-163,000","-1,728,000","197,000","317,000","314,000","-800,000","1,100,000","4,700,000","100,000","100,000",,"-1,500,000","1,100,000","100,000","700,000","800,000","700,000",,"700,000","700,000",,,,"600,000","100,000","400,000",,"1,200,000","100,000",,,"500,000","200,000",,"200,000","200,000","200,000","100,000",,,,,,,,,,,,,,,,,,,,,,,,
NormalizedEBITDA,"1,372,862,000","640,476,000","398,933,000","294,633,000","38,820,000","237,620,000","629,903,000","320,763,000","96,421,000","66,022,000","52,665,000","37,420,000","20,141,000","45,948,000","42,755,000","30,119,000","16,883,000","66,635,000","26,320,000","8,290,000","-2,761,000","24,919,000","11,114,000","7,312,000","-2,732,000","2,663,000","8,511,000","6,929,000","-4,207,000","14,891,000","20,702,000","322,000","-3,624,000","5,135,000","7,667,000","493,000","-2,050,000","24,251,000","20,869,000","4,409,000","772,000","6,068,000","7,937,000","4,096,000","-1,660,000","21,379,000","3,066,000","105,000","-3,557,000","-87,000","34,195,000","25,920,000","3,614,000","-1,947,000","11,632,000","9,782,000","987,000","15,643,000","13,646,000","6,169,000","-761,000","10,401,000","13,231,000","3,937,000","-1,941,000","7,171,000","10,556,000","1,642,000","-1,727,000","2,666,000","11,933,000","-5,706,000","-4,258,000","749,000","10,926,000","2,157,000","1,051,000","2,976,000","1,782,000","-1,836,000","688,000","2,792,000","2,496,000","1,192,000","-765,000","2,857,000","6,174,000","-5,085,000","62,000","3,386,000","100,000","-300,000","-7,500,000","1,900,000","100,000","100,000","1,300,000","400,000","1,100,000","-1,400,000","800,000","1,000,000","1,000,000","-500,000","-300,000","1,100,000","600,000","500,000","-2,600,000","1,100,000","-700,000","-1,100,000","-2,600,000","-300,000","100,000","-200,000","-100,000","400,000","600,000","-300,000","500,000","300,000","600,000","500,000","-26,000,000","7,000,000","6,900,000","6,900,000","-6,400,000","2,400,000","2,300,000","1,800,000","-9,500,000","2,300,000","2,200,000","2,300,000","-9,000,000","2,100,000","1,500,000","800,000","-14,800,000","1,900,000","1,600,000","2,400,000","-7,000,000","2,500,000","2,600,000"
TaxRateForCalcs,"0.226","0.23","0.224","0.23","0.12","0.2","0.236","0.21","0.16","0.18","0.058","0.077","0.27","0.06","0.27","0.27","0.27","0.12","0.043","0.4","0.14","0.129","0.4","0.35","0.34","0.4","0.4","0.4","0.31","0.31","0.35","0.35","0.33","0.36","0.35","0.29","0.35","0.272","0.369","0.35","0.35","0.37","0.301","0.34","0.34","0.34","0.35","0.35","0.35","0.378","0.363","0.381","0.389","0.39","0.325","0.385","0.386","0.385","0.288","0.395","0.395","0.395","0.4","0.4","0","0.4","0.033","0.364","0.39","0.4","0.4","0.292","0.4","0.4","0.4","0.39","0.4","0.4","0.4","0.4","0.4","0.4","0.4","0.4","0.4","0.4","0.4","0.154","0.399","0.4","0.111","0.375","0.4","0.25","0.4",,"0.4","0.056","0.4","0.4","0","0.053","0.4","0.4","0.4","0.4",,,"0.4","0.4","0.4","0.4","0.4","0.4",,"0.4","0.4","0.333","0.4","0.4","0.4","0.25","0.4",,,,,,,,,,,,,,,,,,,,,,,,
TaxEffectOfUnusualItems,"-2,677,484.672","-698,510","-1,747,331.532","0","-123,360","-145,200","-122,593.897","-2,262,330","-139,520","-344,520","-147,981.853","-342,906.104","-697,680","-169,440","-883,980","-1,030,860","-1,979,910","-964,080","-403,346.632","-1,836,400","-333,060","0","0","0","0","0","0","0","0","0","0","-1,245,300","0","0","-466,200","-35,960","0","0","9,972.797","-9,450","0","0","-113,266.229","0","0","0","-33,250","-40,250","-250,600","-509,962.917","-165,677.351","-1,907.473","-422,348.993","-371,568.286","-3,250.306","61,613.489","0","-5,774.709","-32,594.628","0","14,214.21","-15,800.05","237,200","-5,600","0","9,200","1,197.268","363.991","2,731.293","-6,798,000","-723,200","337,662.459","320,000","202,400","-464,800","-377,485.425","-70,400","207,200","191,200","187,200","195,600","220,000","166,000","211,600","265,200","-65,200","-691,200","30,355.692","126,371.622","125,600","-88,888.889","412,500","1,880,000","25,000","40,000",,"-600,000","61,111.111","40,000","280,000","0","36,842.105","0","280,000","280,000","0",,,"240,000","40,000","160,000","0","480,000","40,000",,"0","200,000","66,666.667","0","80,000","80,000","50,000","40,000",,,,,,,,,,,,,,,,,,,,,,,,