name,ttm,03/31/2022,12/31/2021,09/30/2021,06/30/2021,03/31/2021,12/31/2020,09/30/2020,06/30/2020,03/31/2020,12/31/2019,09/30/2019,06/30/2019,03/31/2019,12/31/2018,09/30/2018,06/30/2018,03/31/2018,12/31/2017,09/30/2017,06/30/2017,03/31/2017,12/31/2016,09/30/2016,06/30/2016,03/31/2016,12/31/2015,09/30/2015,06/30/2015,03/31/2015,12/31/2014,09/30/2014,06/30/2014,03/31/2014,12/31/2013,09/30/2013,06/30/2013,03/31/2013,12/31/2012,09/30/2012,06/30/2012,03/31/2012,12/31/2011,09/30/2011,06/30/2011,03/31/2011,12/31/2010,09/30/2010,06/30/2010,03/31/2010,12/31/2009,09/30/2009,06/30/2009,03/31/2009,12/31/2008,09/30/2008
TotalRevenue,"1,517,700,000","385,700,000","398,900,000","379,700,000","353,400,000","342,600,000","328,400,000","307,200,000","314,700,000","320,500,000","314,000,000","301,200,000","295,000,000","275,900,000","262,900,000","250,400,000","207,900,000","147,300,000","140,300,000","123,200,000","99,400,000","86,900,000","106,157,000","125,535,000","8,672,000","352,193,000","68,341,000","15,842,000","22,085,000","10,971,000","47,456,000","90,745,000","58,975,000","12,964,000","83,861,000","18,342,000","374,408,000","28,157,000","-641,309,000","223,134,000","236,687,000","253,742,000","260,082,000","218,893,000","183,587,000","163,714,000","170,029,000","158,424,000","151,905,000","125,937,000","137,531,000","134,512,000","125,682,000","112,467,000","105,251,000","105,957,000"
	OperatingRevenue,"1,517,700,000","385,700,000","398,900,000","379,700,000","353,400,000","342,600,000","328,400,000","307,200,000","314,700,000","320,500,000","314,000,000","301,200,000","295,000,000","275,900,000","262,900,000","250,400,000","207,900,000","147,300,000","140,300,000","123,200,000","99,400,000","86,900,000","106,157,000","125,535,000","8,672,000","352,193,000","68,341,000","15,842,000","22,085,000","10,971,000","47,456,000","90,745,000","58,975,000","12,964,000","83,861,000","18,342,000","374,408,000","28,157,000","-641,309,000","223,134,000","236,687,000","253,742,000","260,082,000","218,893,000","183,587,000","163,714,000","170,029,000","158,424,000","151,905,000","125,937,000","137,531,000","134,512,000","125,682,000","112,467,000","105,251,000","105,957,000"
CostOfRevenue,"1,192,100,000","296,500,000","304,600,000","304,000,000","287,000,000","267,200,000","263,700,000","255,200,000","248,300,000","253,900,000","262,600,000","241,900,000","246,100,000","237,200,000","222,700,000","219,300,000","189,900,000","138,700,000","127,200,000","111,800,000","96,400,000","80,900,000","62,079,000","47,376,000","45,112,000","45,130,000","38,693,000","45,326,000","42,762,000","42,196,000","43,893,000","45,370,000","47,949,000","44,932,000","41,749,000","47,544,000","49,926,000","47,533,000","-388,712,000","176,971,000","191,374,000","209,033,000","194,480,000","169,898,000","136,530,000","129,541,000","131,702,000","126,272,000","118,014,000","102,289,000","109,159,000","105,885,000","102,964,000","92,703,000","87,504,000","87,625,000"
GrossProfit,"325,600,000","89,200,000","94,300,000","75,700,000","66,400,000","75,400,000","64,700,000","52,000,000","66,400,000","66,600,000","51,400,000","59,300,000","48,900,000","38,700,000","40,200,000","31,100,000","18,000,000","8,600,000","13,100,000","11,400,000","3,000,000","6,000,000","44,078,000","78,159,000","-36,440,000","307,063,000","29,648,000","-29,484,000","-20,677,000","-31,225,000","3,563,000","45,375,000","11,026,000","-31,968,000","42,112,000","-29,202,000","324,482,000","-19,376,000","-252,597,000","46,163,000","45,313,000","44,709,000","65,602,000","48,995,000","47,057,000","34,173,000","38,327,000","32,152,000","33,891,000","23,648,000","28,372,000","28,627,000","22,718,000","19,764,000","17,747,000","18,332,000"
OperatingExpense,"123,300,000","28,900,000","32,200,000","33,200,000","29,000,000","25,600,000","27,900,000","25,700,000","23,300,000","25,500,000","27,800,000","28,300,000","25,800,000","22,500,000","28,800,000","29,600,000","22,500,000","17,000,000","14,700,000","15,100,000","12,200,000","14,300,000","15,740,000","16,201,000","24,660,000","17,536,000","15,237,000","21,395,000","20,969,000","17,362,000","16,274,000","16,785,000","19,458,000","17,366,000","16,657,000","22,562,000","18,675,000","22,057,000","-60,990,000","39,754,000","46,621,000","42,365,000","43,405,000","36,767,000","33,828,000","33,772,000","29,095,000","27,671,000","26,457,000","22,476,000","20,483,000","21,643,000","19,799,000","19,992,000","18,065,000","14,816,000"
	SellingGeneralAndAdministration,"123,300,000","28,900,000","32,200,000","33,200,000","29,000,000","25,600,000","27,900,000","25,700,000","23,300,000","25,500,000","27,800,000","28,300,000","25,800,000","22,500,000","28,800,000","29,600,000","22,500,000","17,000,000","14,700,000","15,100,000","12,200,000","14,300,000","15,740,000","16,201,000","24,660,000","17,536,000","15,237,000","21,395,000","20,969,000","17,362,000","16,274,000","16,785,000","19,458,000","17,366,000","16,657,000","22,562,000","18,675,000","22,057,000","-60,990,000","39,754,000","46,621,000","42,365,000","43,405,000","36,767,000","33,828,000","33,772,000","29,095,000","27,671,000","26,457,000","22,476,000","20,483,000","21,643,000","19,799,000","19,992,000","18,065,000","14,816,000"
		GeneralAndAdministrativeExpense,,,,,,,,,,,,,,,,"31,800,000","25,400,000",,"14,700,000","15,100,000",,,,,,,,,,,,,,,,,,,,,,,,,,,,,,,,,,,,
			SalariesAndWages,,,,,,,,,,,,,,,,"2,300,000","2,700,000",,"0","0",,,,,,,,,,,,,,,,,,,,,,,,,,,,,,,,,,,,
			OtherGandA,,,,,,,,,,,,,,,,"29,500,000","22,700,000",,"14,700,000","15,100,000",,,,,,,,,,,,,,,,,,,,,,,,,,,,,,,,,,,,
	OtherOperatingExpenses,"11,900,000",,,,,,,"4,200,000","3,200,000","4,500,000","3,200,000","1,400,000","2,600,000","2,500,000","3,500,000","500,000",,"2,400,000","2,100,000",,,,"829,000","536,000","8,651,000","10,806,000",,,,,,,,,,,,,,,,,,,,,,,,,,,,,,
OperatingIncome,"202,300,000","60,300,000","62,100,000","42,500,000","37,400,000","49,800,000","36,800,000","26,300,000","43,100,000","41,100,000","23,600,000","31,000,000","23,100,000","16,200,000","11,400,000","1,500,000","-4,500,000","-8,400,000","-1,600,000","-3,700,000","-9,200,000","-8,300,000","28,338,000","61,958,000","-61,100,000","289,527,000","14,411,000","-50,879,000","-41,646,000","-48,587,000","-12,711,000","28,590,000","-8,432,000","-49,334,000","25,455,000","-51,764,000","305,807,000","-41,433,000","-191,607,000","6,409,000","-1,308,000","2,344,000","22,197,000","12,228,000","13,229,000","401,000","9,232,000","4,481,000","7,434,000","1,172,000","7,889,000","6,984,000","2,919,000","-228,000","-318,000","3,516,000"
NetNonOperatingInterestIncomeExpense,"-19,700,000","-4,700,000","-5,100,000","-6,500,000","-3,400,000","-3,900,000","-4,300,000","-4,400,000","-4,800,000","-3,800,000","-4,000,000","-5,000,000","-9,900,000","-10,200,000","-10,700,000","-10,000,000","-5,800,000","200,000","100,000","0","0","100,000","110,000","57,000","46,000","84,000","84,000","73,000","69,000","5,000","50,000","100,000","52,000","100,000","165,000","47,000","57,000","61,000","141,000","-1,000","0","1,000","2,000","5,000","6,000","9,000","5,000","14,000","2,000","8,000","3,000","-95,000","39,000","44,000","26,000","251,000"
	InterestIncomeNonOperating,,,,,,,,,,,,,,,,,,,,,,,,,,,,,,,,,,,,,,,,,"0","1,000",,"5,000","6,000",,,,"2,000",,,,"39,000",,,
	InterestExpenseNonOperating,"19,700,000","4,700,000","5,100,000","6,500,000","3,400,000","3,900,000","4,300,000","4,400,000","4,800,000",,,,,,,,,,,,,,,,,,,,,,,,,,,,,,,,,,,,,,,,,,,,,,,
	TotalOtherFinanceCost,"22,700,000",,,,,,,,,"3,800,000","4,000,000","5,000,000","9,900,000","10,200,000","10,700,000","10,000,000","5,800,000","-200,000","-100,000",,,"-100,000","-110,000","-57,000","-46,000","-84,000","-84,000","-73,000","-69,000","-5,000","-50,000","-100,000","-52,000","-100,000","-165,000","-47,000","-57,000","-61,000",,"1,000",,,,,,"-9,000","-5,000","-14,000",,"-8,000","-3,000","95,000",,"-44,000","-26,000",
OtherIncomeExpense,"-50,200,000","-17,100,000","-11,900,000","-11,400,000","-9,800,000","-13,000,000","30,800,000","-15,700,000","-18,000,000","-8,700,000","-9,300,000","-7,400,000","-29,500,000","-8,700,000","-7,500,000","-7,300,000","-13,200,000","-2,400,000","-2,100,000","-1,400,000","-1,000,000","-200,000","-829,000","-536,000","-8,651,000","-10,806,000","-3,493,000","-3,964,000","-611,000","-1,275,000","-18,859,000","-13,846,000","-18,760,000","-35,301,000","-15,497,000","-9,182,000","-8,253,000","-1,031,000",,,,,,,,,,,,,,,,,,
	SpecialIncomeCharges,"-33,000,000","-14,500,000","-6,600,000","-8,300,000","-3,600,000","-9,500,000","33,600,000","-11,500,000","-14,800,000","-4,200,000","-6,100,000","-6,000,000","-26,900,000","-6,200,000","-4,000,000","-6,800,000","-13,200,000","-2,400,000","-2,100,000","-1,400,000","-1,000,000","-200,000",,,,,"-3,493,000","-3,964,000","-611,000","-1,275,000","-18,859,000","-13,846,000","-18,760,000","-35,301,000","-15,497,000","-9,182,000","-8,253,000","-1,031,000",,,,,,,,,,,,,,,,,,
		RestructuringAndMergernAcquisition,"33,000,000","14,500,000","6,600,000","8,300,000","3,600,000","9,500,000","22,100,000","11,500,000","14,800,000","4,200,000","6,100,000","6,000,000","8,100,000","6,200,000","4,000,000","6,800,000","13,200,000","2,400,000","2,100,000","1,400,000","1,000,000","200,000",,,,,,,,,,,,,,,,,,,,,,,,,,,,,,,,,,
		OtherSpecialCharges,,,,,,,,,,,"0",,"18,800,000",,,,,,,,,,,,,,"3,493,000","3,964,000","611,000","1,275,000","18,859,000","13,846,000","18,760,000","35,301,000","15,497,000","9,182,000","8,253,000","1,031,000",,,,,,,,,,,,,,,,,,
		GainOnSaleOfBusiness,,,"0",,,,"55,700,000",,,,,,,,,,,,,,,,,,,,,,,,,,,,,,,,,,,,,,,,,,,,,,,,,
	OtherNonOperatingIncomeExpenses,"-17,200,000","-2,600,000","-5,300,000","-3,100,000","-6,200,000","-3,500,000","-2,800,000","-4,200,000","-3,200,000","-4,500,000","-3,200,000","-1,400,000","-2,600,000","-2,500,000","-3,500,000","-500,000",,"-2,400,000","-2,100,000",,,,"-829,000","-536,000","-8,651,000","-10,806,000",,,,,,,,,,,,,,,,,,,,,,,,,,,,,,
PretaxIncome,"132,400,000","38,500,000","45,100,000","24,600,000","24,200,000","32,900,000","63,300,000","6,200,000","20,300,000","28,600,000","10,300,000","18,600,000","-16,300,000","-2,800,000","-6,800,000","-15,800,000","-23,500,000","-10,600,000","-3,600,000","-5,100,000","-10,200,000","-8,400,000","27,619,000","61,479,000","-69,705,000","278,805,000","11,002,000","-54,770,000","-42,188,000","-49,857,000","-31,520,000","14,844,000","-27,140,000","-84,535,000","10,123,000","-60,899,000","297,611,000","-42,403,000","-195,180,000","6,408,000","-1,308,000","2,345,000","22,199,000","12,233,000","13,235,000","410,000","9,237,000","4,495,000","7,436,000","1,180,000","7,892,000","6,889,000","2,958,000","-184,000","-292,000","3,767,000"
TaxProvision,"31,600,000","9,100,000","9,100,000","7,600,000","5,800,000","7,100,000","-15,300,000","1,000,000","5,200,000","10,400,000","2,500,000","9,400,000","-11,100,000","-3,000,000","-1,100,000","-2,400,000","-20,600,000","12,700,000","36,600,000","-1,500,000","-3,500,000","-100,000","14,493,000","24,146,000","-28,914,000","111,402,000","5,555,000","-21,800,000","-15,900,000","-19,412,000","-13,869,000","5,291,000","-10,341,000","-29,812,000","3,737,000","-23,328,000","109,878,000","-15,938,000","-71,770,000","3,653,000","-730,000","852,000","9,018,000","4,963,000","4,682,000","250,000","3,709,000","1,637,000","3,517,000","866,000","2,786,000","2,619,000","-2,893,000","454,000","224,000","1,414,000"
NetIncomeCommonStockholders,"100,800,000","29,400,000","36,000,000","17,000,000","18,400,000","-566,500,000","36,400,000","-400,000","4,800,000","6,600,000","2,500,000","2,000,000","-10,300,000","-4,800,000","-10,600,000","-18,200,000","-7,700,000","-27,900,000","-44,800,000","-8,000,000","-11,100,000","-12,600,000","3,390,000","18,121,000","-44,853,000","84,034,000","5,447,000","-32,970,000","-26,288,000","-30,445,000","-17,651,000","9,553,000","-16,799,000","-54,723,000","6,386,000","-37,571,000","187,733,000","-26,465,000","-123,410,000","2,755,000","-578,000","1,493,000","13,181,000","7,270,000","8,553,000","160,000","5,528,000","2,858,000","3,919,000","314,000","13,150,000","-3,774,000","2,647,000","-638,000","-516,000","-5,695,000"
	NetIncome,"100,800,000","29,400,000","36,000,000","17,000,000","18,400,000","25,800,000","78,600,000","5,200,000","15,100,000","18,200,000","7,800,000","9,200,000","-5,200,000","200,000","-5,700,000","-13,400,000","-2,900,000","-23,300,000","-40,200,000","-3,600,000","-6,700,000","-8,300,000","13,126,000","37,333,000","-40,791,000","167,403,000","5,447,000","-32,970,000","-26,288,000","-30,445,000","-17,651,000","9,553,000","-16,799,000","-54,723,000","6,386,000","-37,571,000","187,733,000","-26,465,000","-123,410,000","2,755,000","-578,000","1,493,000","13,181,000","7,270,000","8,553,000","160,000","5,528,000","2,858,000","3,919,000","314,000","5,106,000","4,270,000","-557,000","-638,000","-516,000","2,353,000"
		NetIncomeIncludingNoncontrollingInterests,"100,800,000","29,400,000","36,000,000","17,000,000","18,400,000","25,800,000","78,600,000","5,200,000","15,100,000","18,200,000","7,800,000","9,200,000","-5,200,000","200,000","-5,700,000","-13,400,000","-2,900,000","-23,300,000","-40,200,000","-3,600,000","-6,700,000","-8,300,000","13,126,000","37,333,000","-40,791,000","167,403,000","5,447,000","-32,970,000","-26,288,000","-30,445,000","-17,651,000","9,553,000","-16,799,000","-54,723,000","6,386,000","-37,571,000","187,733,000","-26,465,000","-123,410,000","2,755,000","-578,000","1,493,000","13,181,000","7,270,000","8,553,000","160,000","5,528,000","2,858,000","3,919,000","314,000","5,106,000","4,270,000","-557,000","-638,000","-516,000","2,353,000"
			NetIncomeContinuousOperations,"100,800,000","29,400,000","36,000,000","17,000,000","18,400,000","25,800,000","78,600,000","5,200,000","15,100,000","18,200,000","7,800,000","9,200,000","-5,200,000","200,000","-5,700,000","-13,400,000","-2,900,000","-23,300,000","-40,200,000","-3,600,000","-6,700,000","-8,300,000","13,126,000","37,333,000","-40,791,000","167,403,000","5,447,000","-32,970,000","-26,288,000","-30,445,000","-17,651,000","9,553,000","-16,799,000","-54,723,000","6,386,000","-37,571,000","187,733,000","-26,465,000","-123,410,000","2,755,000","-578,000","1,493,000","13,181,000","7,270,000","8,553,000","160,000","5,528,000","2,858,000","3,919,000","314,000","5,106,000","4,270,000","-557,000","-638,000","-516,000","2,353,000"
	PreferredStockDividends,,,"0",,,"592,300,000","5,800,000","5,600,000","5,600,000","5,400,000","5,300,000","5,300,000","5,100,000","5,000,000","4,900,000","4,800,000","4,800,000","4,600,000","4,600,000","4,400,000","4,400,000","4,300,000","4,204,000","4,120,000","4,062,000","50,298,000",,,,,,,,,,,,,,,,,,,,,,,,,,"8,044,000",,,"0",
	OtherunderPreferredStockDividend,,,"0",,"0","0","36,400,000","0","4,700,000","6,200,000",,"1,900,000",,,,,"0","0",,"0","0","0","5,532,000","15,092,000","0","33,071,000",,,,,,,,,,,,,,,,,,,,,,,,,,,"-3,204,000",,,
AverageDilutionEarnings,,,"0","0","0","0","7,400,000","0",,"1,200,000",,"400,000",,,,,,,,"0","0","0","-291,000","101,000","0","226,000",,,,,,,,,,,,,,,,,,,,,,,,,,,,,,
DilutedNIAvailtoComStockholders,"100,800,000","29,400,000","36,000,000","17,000,000","18,400,000","-566,500,000","43,800,000","-400,000","4,800,000","7,800,000","2,500,000","2,400,000","-10,300,000","-4,800,000","-10,600,000","-18,200,000","-7,700,000","-27,900,000","-44,800,000","-8,000,000","-11,100,000","-12,600,000","3,099,000","18,222,000","-44,853,000","84,260,000","5,447,000","-32,970,000","-26,288,000","-30,445,000","-17,651,000","9,553,000","-16,799,000","-54,723,000","6,386,000","-37,571,000","187,733,000","-26,465,000","-123,410,000","2,755,000","-578,000","1,493,000","13,181,000","7,270,000","8,553,000","160,000","5,528,000","2,858,000","3,919,000","314,000","13,150,000","-3,774,000","2,647,000","-638,000","-516,000","-5,695,000"
BasicEPS,,"0.11","0.13","0.06","0.07","-2.37","0.31","-0.003","0.04","0.06","0.01","0.02","-0.09","-0.04","-0.1","-0.17","-0.07","-0.26","-0.44","-0.08","-0.11","-0.12","0.05","0.18","-0.45","0.85","0.06","-0.34","-0.27","-0.32",,"0.1","-0.18","-0.57",,"-0.39","1.96","-0.28",,"0.03","-0.01","0.02",,"0.07","0.09","0",,"0.03","0.06","0",,"-0.11","0.07","-0.017",,
DilutedEPS,,"0.09","0.11","0.05","0.06","-2.37","0.25","-0.003","0.03","0.05","0.01","0.01","-0.09","-0.04","-0.1","-0.17","-0.07","-0.26","-0.44","-0.08","-0.11","-0.12","0.05","0.18","-0.45","0.85","0.06","-0.34","-0.27","-0.32",,"0.1","-0.18","-0.57",,"-0.39","1.93","-0.28",,"0.03","-0.01","0.01",,"0.07","0.08","0",,"0.03","0.04","0",,"-0.11","0.06","-0.017",,
BasicAverageShares,,"278,747,261","277,974,898","278,655,269","268,251,790","239,290,145","117,412,406","115,976,377","115,067,552","114,441,043","112,954,725","112,230,439","110,956,014","109,802,632","109,299,653","109,089,507","108,157,583","105,831,571","102,180,517","102,225,422","102,467,078","101,364,424","101,022,185","100,934,561","99,414,066","98,289,802","98,137,885","97,230,069","95,941,077","95,889,146",,"95,775,597","95,753,302","95,723,185",,"95,689,798","95,679,451","95,675,682",,"99,397,054","99,354,189","98,923,908",,"97,793,262","96,569,081","95,162,411",,"91,062,356","61,660,729","82,650,503",,"36,822,226","36,685,057","36,943,691",,
DilutedAverageShares,,"321,043,371","321,412,307","320,617,086","320,832,913","239,290,145","180,530,133","115,976,377","165,887,964","169,620,178","168,857,622","165,622,407","110,956,014","109,802,632","109,299,653","109,089,507","108,157,583","105,831,571","102,180,517","102,225,422","102,467,078","101,364,424","101,022,185","102,176,280","99,414,066","99,232,974","98,751,254","97,230,069","95,941,077","95,889,146",,"97,250,282","95,753,302","95,723,185",,"95,689,798","97,029,115","95,675,682",,"100,845,362","99,354,189","102,582,322",,"101,868,888","101,064,774","99,178,443",,"97,464,457","92,734,255","90,078,460",,"36,822,226","44,141,368","44,371,648",,
TotalOperatingIncomeAsReported,"152,100,000","43,200,000","50,200,000","31,100,000","27,600,000","36,800,000","11,900,000","10,600,000","25,100,000","32,400,000","14,300,000","23,600,000","12,400,000","7,400,000","3,900,000","-5,800,000","-17,700,000","-10,800,000","-3,700,000","-5,100,000","-10,200,000","-8,500,000","27,509,000","61,422,000","-69,751,000","278,721,000","10,918,000","-54,843,000","-42,257,000","-49,862,000","-31,570,000","14,744,000","-27,192,000","-84,635,000","9,958,000","-60,946,000","297,554,000","-42,464,000","-195,321,000","6,409,000","-1,308,000","2,344,000","22,197,000","12,228,000","13,229,000","401,000","9,232,000","4,481,000","7,434,000","1,172,000","7,889,000","6,984,000","2,919,000","-228,000","-318,000","3,516,000"
TotalExpenses,"1,315,400,000","325,400,000","336,800,000","337,200,000","316,000,000","292,800,000","291,600,000","280,900,000","271,600,000","279,400,000","290,400,000","270,200,000","271,900,000","259,700,000","251,500,000","248,900,000","212,400,000","155,700,000","141,900,000","126,900,000","108,600,000","95,200,000","77,819,000","63,577,000","69,772,000","62,666,000","53,930,000","66,721,000","63,731,000","59,558,000","60,167,000","62,155,000","67,407,000","62,298,000","58,406,000","70,106,000","68,601,000","69,590,000","-449,702,000","216,725,000","237,995,000","251,398,000","237,885,000","206,665,000","170,358,000","163,313,000","160,797,000","153,943,000","144,471,000","124,765,000","129,642,000","127,528,000","122,763,000","112,695,000","105,569,000","102,441,000"
NetIncomeFromContinuingAndDiscontinuedOperation,"100,800,000","29,400,000","36,000,000","17,000,000","18,400,000","25,800,000","78,600,000","5,200,000","15,100,000","18,200,000","7,800,000","9,200,000","-5,200,000","200,000","-5,700,000","-13,400,000","-2,900,000","-23,300,000","-40,200,000","-3,600,000","-6,700,000","-8,300,000","13,126,000","37,333,000","-40,791,000","167,403,000","5,447,000","-32,970,000","-26,288,000","-30,445,000","-17,651,000","9,553,000","-16,799,000","-54,723,000","6,386,000","-37,571,000","187,733,000","-26,465,000","-123,410,000","2,755,000","-578,000","1,493,000","13,181,000","7,270,000","8,553,000","160,000","5,528,000","2,858,000","3,919,000","314,000","5,106,000","4,270,000","-557,000","-638,000","-516,000","2,353,000"
NormalizedIncome,"125,923,867.069","40,472,727.273","41,268,292.683","22,727,000","21,136,000","33,210,000","54,072,000","14,860,000","26,052,000","20,888,000","12,419,417.476","13,580,000","14,437,000","4,726,000","-2,347,058.824","-7,620,000","6,736,000","-21,548,000","-38,940,000","-2,606,000","-6,040,000","-8,104,000","13,126,000","37,333,000","-40,791,000","167,403,000","7,542,800","-30,583,672","-25,907,347","-29,665,975","-5,392,650","18,469,824","-5,186,560","-31,883,253","16,162,137.706","-31,905,706","192,940,643","-25,821,656","-123,410,000","2,755,000","-578,000","1,493,000","13,181,000","7,270,000","8,553,000","160,000","5,528,000","2,858,000","3,919,000","314,000","5,106,000","4,270,000","-557,000","-638,000","-516,000","2,353,000"
InterestIncome,,,,,,,,,,,,,,,,,,,,,,,,,,,,,,,,,,,,,,,,,"0","1,000",,"5,000","6,000",,,,"2,000",,,,"39,000",,,
InterestExpense,"19,700,000","4,700,000","5,100,000","6,500,000","3,400,000","3,900,000","4,300,000","4,400,000","4,800,000",,,,,,,,,,,,,,,,,,,,,,,,,,,,,,,,,,,,,,,,,,,,,,,
NetInterestIncome,"-19,700,000","-4,700,000","-5,100,000","-6,500,000","-3,400,000","-3,900,000","-4,300,000","-4,400,000","-4,800,000","-3,800,000","-4,000,000","-5,000,000","-9,900,000","-10,200,000","-10,700,000","-10,000,000","-5,800,000","200,000","100,000","0","0","100,000","110,000","57,000","46,000","84,000","84,000","73,000","69,000","5,000","50,000","100,000","52,000","100,000","165,000","47,000","57,000","61,000","141,000","-1,000","0","1,000","2,000","5,000","6,000","9,000","5,000","14,000","2,000","8,000","3,000","-95,000","39,000","44,000","26,000","251,000"
EBIT,"152,100,000","43,200,000","50,200,000","31,100,000","27,600,000","36,800,000","67,600,000","10,600,000","25,100,000","41,100,000","23,600,000","31,000,000","23,100,000","16,200,000","11,400,000","1,500,000","-4,500,000","-8,400,000","-1,600,000","-3,700,000","-9,200,000","-8,300,000","28,338,000","61,958,000","-61,100,000","289,527,000","14,411,000","-50,879,000","-41,646,000","-48,587,000","-12,711,000","28,590,000","-8,432,000","-49,334,000","25,455,000","-51,764,000","305,807,000","-41,433,000","-191,607,000","6,409,000","-1,308,000","2,344,000","22,197,000","12,228,000","13,229,000","401,000","9,232,000","4,481,000","7,434,000","1,172,000","7,889,000","6,984,000","2,919,000","-228,000","-318,000","3,516,000"
EBITDA,"230,600,000"
ReconciledCostOfRevenue,"1,192,100,000","296,500,000","304,600,000","304,000,000","287,000,000","267,200,000","263,700,000","255,200,000","248,300,000","253,900,000","262,600,000","241,900,000","246,100,000","237,200,000","222,700,000","219,300,000","189,900,000","138,700,000","127,200,000","111,800,000","96,400,000","80,900,000","62,079,000","47,376,000","45,112,000","45,130,000","38,693,000","45,326,000","42,762,000","42,196,000","43,893,000","45,370,000","47,949,000","44,932,000","41,749,000","47,544,000","49,926,000","47,533,000","-388,712,000","176,971,000","191,374,000","209,033,000","194,480,000","169,898,000","136,530,000","129,541,000","131,702,000","126,272,000","118,014,000","102,289,000","109,159,000","105,885,000","102,964,000","92,703,000","87,504,000","87,625,000"
ReconciledDepreciation,"78,500,000","18,900,000","20,700,000","21,300,000","17,600,000","17,900,000","17,800,000","17,300,000","17,900,000","15,700,000","15,800,000","14,100,000","12,900,000","12,900,000","11,200,000","14,200,000","8,500,000","4,900,000","4,800,000","4,500,000","3,800,000","3,200,000","2,893,000","2,673,000","2,361,000","2,271,000","1,906,000","2,738,000","2,101,000","1,717,000","1,768,000","1,403,000","1,471,000","1,405,000","1,592,000","1,709,000","1,771,000","1,751,000","-2,042,000","3,319,000","2,622,000","2,456,000","2,036,000","2,162,000","2,117,000","1,997,000","1,758,000","1,837,000","1,309,000","1,253,000","1,082,000","957,000","962,000","920,000","1,128,000","492,000"
NetIncomeFromContinuingOperationNetMinorityInterest,"100,800,000","29,400,000","36,000,000","17,000,000","18,400,000","25,800,000","78,600,000","5,200,000","15,100,000","18,200,000","7,800,000","9,200,000","-5,200,000","200,000","-5,700,000","-13,400,000","-2,900,000","-23,300,000","-40,200,000","-3,600,000","-6,700,000","-8,300,000","13,126,000","37,333,000","-40,791,000","167,403,000","5,447,000","-32,970,000","-26,288,000","-30,445,000","-17,651,000","9,553,000","-16,799,000","-54,723,000","6,386,000","-37,571,000","187,733,000","-26,465,000","-123,410,000","2,755,000","-578,000","1,493,000","13,181,000","7,270,000","8,553,000","160,000","5,528,000","2,858,000","3,919,000","314,000","5,106,000","4,270,000","-557,000","-638,000","-516,000","2,353,000"
TotalUnusualItemsExcludingGoodwill,"-33,000,000","-14,500,000","-6,600,000","-8,300,000","-3,600,000","-9,500,000","33,600,000","-11,500,000","-14,800,000","-4,200,000","-6,100,000","-6,000,000","-26,900,000","-6,200,000","-4,000,000","-6,800,000","-13,200,000","-2,400,000","-2,100,000","-1,400,000","-1,000,000","-200,000",,,,,"-3,493,000","-3,964,000","-611,000","-1,275,000","-18,859,000","-13,846,000","-18,760,000","-35,301,000","-15,497,000","-9,182,000","-8,253,000","-1,031,000",,,,,,,,,,,,,,,,,,
TotalUnusualItems,"-33,000,000","-14,500,000","-6,600,000","-8,300,000","-3,600,000","-9,500,000","33,600,000","-11,500,000","-14,800,000","-4,200,000","-6,100,000","-6,000,000","-26,900,000","-6,200,000","-4,000,000","-6,800,000","-13,200,000","-2,400,000","-2,100,000","-1,400,000","-1,000,000","-200,000",,,,,"-3,493,000","-3,964,000","-611,000","-1,275,000","-18,859,000","-13,846,000","-18,760,000","-35,301,000","-15,497,000","-9,182,000","-8,253,000","-1,031,000",,,,,,,,,,,,,,,,,,
NormalizedEBITDA,"263,600,000","76,600,000","77,500,000","60,700,000","48,800,000","64,200,000","51,800,000","39,400,000","57,800,000","61,000,000","45,500,000","51,100,000","62,900,000","35,300,000","26,600,000","22,500,000","17,200,000","-1,100,000","5,300,000","2,200,000","-4,400,000","-4,900,000","31,231,000","64,631,000","-58,739,000","291,798,000","19,810,000","-44,177,000","-38,934,000","-45,595,000","7,916,000","43,839,000","11,799,000","-12,628,000","42,544,000","-40,873,000","315,831,000","-38,651,000","-191,607,000","9,728,000","1,314,000","4,800,000","24,233,000","14,390,000","15,346,000","2,398,000","10,990,000","6,318,000","8,743,000","2,425,000","8,971,000","7,941,000","3,881,000","692,000","810,000","4,008,000"
TaxRateForCalcs,"0.239","0.236","0.202","0.31","0.24","0.22","0.27","0.16","0.26","0.36","0.243","0.27","0.27","0.27","0.162","0.15","0.27","0.27","0.4","0.29","0.34","0.02","0.4","0.393","0.4","0.4","0.4","0.398","0.377","0.389","0.35","0.356","0.381","0.353","0.369","0.383","0.369","0.376","0.368","0.35","0.35","0.363","0.35","0.35","0.354","0.35","0.4","0.364","0.35","0.35","0.353","0.38","0.35","0.35","0.35","0.375"
TaxEffectOfUnusualItems,"-7,876,132.931","-3,427,272.727","-1,331,707.317","-2,573,000","-864,000","-2,090,000","9,072,000","-1,840,000","-3,848,000","-1,512,000","-1,480,582.524","-1,620,000","-7,263,000","-1,674,000","-647,058.824","-1,020,000","-3,564,000","-648,000","-840,000","-406,000","-340,000","-4,000","0","0","0","0","-1,397,200","-1,577,672","-230,347","-495,975","-6,600,650","-4,929,176","-7,147,560","-12,461,253","-5,720,862.294","-3,516,706","-3,045,357","-387,656","0","0","0","0","0","0","0","0","0","0","0","0","0","0","0","0","0","0"