name,ttm,03/31/2022,12/31/2021,09/30/2021,06/30/2021,03/31/2021,12/31/2020,09/30/2020,06/30/2020,03/31/2020,12/31/2019,09/30/2019,06/30/2019,03/31/2019,12/31/2018,09/30/2018,06/30/2018,03/31/2018,12/31/2017,09/30/2017,06/30/2017,03/31/2017,12/31/2016,09/30/2016,06/30/2016,03/31/2016,12/31/2015,09/30/2015,06/30/2015,03/31/2015,12/31/2014,09/30/2014,06/30/2014,03/31/2014,12/31/2013,09/30/2013,06/30/2013,03/31/2013,12/31/2012,09/30/2012,06/30/2012,03/31/2012,12/31/2011,09/30/2011,06/30/2011,03/31/2011,12/31/2010,09/30/2010,06/30/2010,03/31/2010,12/31/2009,09/30/2009,06/30/2009,03/31/2009,12/31/2008,09/30/2008,06/30/2008,03/31/2008,12/31/2007,09/30/2007,06/30/2007,03/31/2007,12/31/2006,09/30/2006,06/30/2006,03/31/2006,12/31/2005,09/30/2005,06/30/2005,03/31/2005,12/31/2004,09/30/2004,06/30/2004,03/31/2004,12/31/2003,09/30/2003,06/30/2003,03/31/2003,12/31/2002,09/30/2002,06/30/2002,03/31/2002,12/31/2001,09/30/2001,06/30/2001,03/31/2001,12/31/2000,09/30/2000,06/30/2000,03/31/2000,12/31/1999,09/30/1999,06/30/1999,03/31/1999,12/31/1998,09/30/1998,06/30/1998,03/31/1998,12/31/1997,09/30/1997,06/30/1997,03/31/1997,12/31/1996,09/30/1996,06/30/1996,03/31/1996,12/31/1995,09/30/1995,06/30/1995,03/31/1995,12/31/1994,09/30/1994,06/30/1994,03/31/1994,12/31/1993,09/30/1993,06/30/1993,03/31/1993,12/31/1992,09/30/1992,06/30/1992,03/31/1992
TotalRevenue,"1,294,099,000","292,980,000","338,367,000","325,758,000","336,994,000","328,813,000","369,861,000","375,234,000","364,441,000","329,081,000","388,024,000","380,338,000","394,964,000","363,629,000","331,473,000","330,686,000","319,257,000","291,590,000","317,912,000","312,053,000","302,912,000","288,754,000","274,449,000","320,883,000","330,168,000","312,952,000","274,882,000","297,292,000","330,416,000","290,663,000","72,723,000","309,251,000","344,455,000","346,256,000","271,585,000","244,578,000","200,442,000","42,382,000","218,351,000","260,789,000","158,192,000","180,368,000","364,551,000","508,052,000","471,951,000","603,289,000","-45,905,000","581,331,000","-245,774,000","127,813,000","392,860,000","331,634,000","577,424,000","11,460,000","59,427,000","418,709,000","365,461,000","964,439,000","-279,234,000","-104,408,000","243,210,000","341,483,000","347,884,000","321,831,000","304,579,000","353,652,000","298,641,000","382,622,000","310,327,000","306,561,000","379,138,000","329,244,000","369,696,000","334,007,000","362,436,000","347,184,000","351,278,000","302,246,000","300,782,000","276,209,000","293,255,000","281,844,000","263,320,000","241,023,000","241,488,000","203,942,000","160,000,000","155,731,000","151,378,000","148,325,000","143,711,000","139,000,000","136,900,000","89,700,000","88,266,000","84,400,000","81,300,000","79,000,000","74,610,000","71,400,000","67,700,000","63,600,000","60,396,000","57,200,000","54,500,000","50,500,000","45,900,000","43,000,000","39,700,000","36,900,000","34,800,000","33,200,000","32,300,000","30,100,000","30,200,000","27,900,000","25,200,000","23,800,000","20,900,000","20,900,000","20,900,000","20,900,000"
	OperatingRevenue,"1,294,099,000","292,980,000","338,367,000","325,758,000","336,994,000","328,813,000","369,861,000","375,234,000","364,441,000","329,081,000","388,024,000","380,338,000","394,964,000","363,629,000","331,473,000","330,686,000","319,257,000","291,590,000","317,912,000","312,053,000","302,912,000","288,754,000","274,449,000","320,883,000","330,168,000","312,952,000","274,882,000","297,292,000","330,416,000","290,663,000","72,723,000","309,251,000","344,455,000","346,256,000","271,585,000","244,578,000","200,442,000","42,382,000","218,351,000","260,789,000","158,192,000","180,368,000","364,551,000","508,052,000","471,951,000","603,289,000","-45,905,000","581,331,000","-245,774,000","127,813,000","392,860,000","331,634,000","577,424,000","11,460,000","59,427,000","418,709,000","365,461,000","964,439,000","-279,234,000","-104,408,000","243,210,000","341,483,000","347,884,000","321,831,000","304,579,000","353,652,000","298,641,000","382,622,000","310,327,000","306,561,000","379,138,000","329,244,000","369,696,000","334,007,000","362,436,000","347,184,000","351,278,000","302,246,000","300,782,000","276,209,000","293,255,000","281,844,000","263,320,000","241,023,000","241,488,000","203,942,000","160,000,000","155,731,000","151,378,000","148,325,000","143,711,000","139,000,000","136,900,000","89,700,000","88,266,000","84,400,000","81,300,000","79,000,000","74,610,000","71,400,000","67,700,000","63,600,000","60,396,000","57,200,000","54,500,000","50,500,000","45,900,000","43,000,000","39,700,000","36,900,000","34,800,000","33,200,000","32,300,000","30,100,000","30,200,000","27,900,000","25,200,000","23,800,000","20,900,000","20,900,000","20,900,000","20,900,000"
NetNonOperatingInterestIncomeExpense,"-84,075,000","-20,846,000","-21,137,000","-21,027,000","-21,065,000","-21,115,000","-21,169,000","-21,088,000","-16,699,000","-12,194,000","-12,160,000","-13,492,000","-14,961,000","-15,697,000","-15,584,000","-15,535,000","-15,291,000","-15,080,000","-14,929,000","-15,715,000","-16,179,000","-15,938,000","-17,269,000","-19,783,000","-22,546,000","-21,534,000","-20,996,000","-21,220,000","-24,501,000","-24,385,000","-24,200,000","-23,989,000","-22,348,000","-19,927,000","-19,747,000","-19,570,000","-19,420,000","-15,881,000","-12,583,000","-12,520,000","-12,581,000","-14,148,000","-14,197,000","-14,094,000","-16,079,000","-17,024,000","-13,226,000","-9,502,000","-8,245,000","-10,804,000","-10,120,000","-11,296,000","-12,295,000","-12,299,000","-13,337,000","-13,852,000","-13,832,000","-12,493,000","-14,258,000","-13,394,000","-12,360,000","-13,056,000","-12,256,000","-11,515,000","-12,538,000","-11,840,000","-11,940,000","-12,167,000","-9,978,000","-8,958,000","-8,646,000","-7,996,000","-8,364,000","-9,654,000","-9,654,000","-9,652,000","-9,652,000","-8,584,000","-7,253,000","-7,177,000","-7,239,000","-7,154,000","-5,951,000","-6,003,000","-4,448,000","-1,401,000",,,,,,,,,,,,,,,,,,,,,,,,,,,,,,,,,,,,
	InterestExpenseNonOperating,"84,075,000","20,846,000","21,137,000","21,027,000","21,065,000","21,115,000","21,169,000","21,088,000","16,699,000","12,194,000","12,160,000","13,492,000","14,961,000","15,697,000","15,584,000","15,535,000","15,291,000","15,080,000","14,929,000","15,715,000","16,179,000","15,938,000","17,269,000","19,783,000","22,546,000","21,534,000","20,996,000","21,220,000","24,501,000","24,385,000","24,200,000","23,989,000","22,348,000","19,927,000","19,747,000","19,570,000","19,420,000","15,881,000","12,583,000","12,520,000","12,581,000","14,148,000","14,197,000","14,094,000","16,079,000","17,024,000","13,226,000","9,502,000","8,245,000","10,804,000","10,120,000","11,296,000","12,295,000","12,299,000","13,337,000","13,852,000","13,832,000","12,493,000","14,258,000","13,394,000","12,360,000","13,056,000","12,256,000","11,515,000","12,538,000","11,840,000","11,940,000","12,167,000","9,978,000","8,958,000","8,646,000","7,996,000","8,364,000","9,654,000","9,654,000","9,652,000","9,652,000","8,584,000","7,253,000","7,177,000","7,239,000","7,154,000","5,951,000","6,003,000","4,448,000","1,401,000",,,,,,,,,,,,,,,,,,,,,,,,,,,,,,,,,,,,
OtherIncomeExpense,"3,139,000","703,000","805,000","809,000","822,000","976,000","790,000","913,000","1,072,000","822,000","818,000","879,000","194,000","1,604,000","1,031,000","1,174,000","1,016,000","807,000","768,000","760,000","612,000","746,000","-5,263,000","3,497,000","3,423,000","1,915,000","1,515,000","1,711,000","1,743,000","1,432,000","1,705,000","1,171,000","1,817,000","1,127,000","916,000","1,314,000","2,234,000","1,771,000","1,627,000","1,328,000","1,395,000","1,440,000","380,000","1,384,000","1,185,000","1,448,000","375,819,000","1,917,000","-491,901,000","5,775,000","95,101,000","2,464,000","276,160,000","4,132,000","-215,734,000","167,513,000","59,447,000","711,423,000","-607,243,000","-457,609,000","-100,018,000","17,607,000","27,488,000","6,093,000","-19,509,000","22,841,000","-28,888,000","58,539,000","7,622,000","-2,852,000","53,849,000","5,117,000","54,281,000","9,559,000","34,900,000","31,926,000","46,438,000","25,420,000","34,488,000","20,599,000","41,041,000","32,523,000","23,103,000","21,876,000","22,044,000","18,336,000","2,796,000","2,003,000","1,289,000","1,350,000","-48,951,000","19,000,000","20,600,000","13,700,000","-25,677,000","12,700,000","11,800,000","11,800,000","-24,293,000","10,000,000","9,900,000","9,300,000","-21,904,000","8,500,000","8,600,000","8,600,000","7,700,000","7,300,000","6,900,000","6,500,000","6,200,000","5,800,000","6,400,000","5,900,000","7,600,000","6,900,000","6,000,000","5,000,000",,,,
	SpecialIncomeCharges,,,,,,,"0","0","0",,"-4,828,000","-5,940,000","-16,798,000","0","-113,000","-4,464,000","-925,000","-551,000","-5,230,000","-57,804,000","-185,621,000","-4,456,000","0","-17,397,000","-2,108,000","-55,570,000","-2,320,000","-11,000","-91,876,000",,,,,,"0","0","0",,"0",,,,,,,,,,,,,,,,,,,,,,,,,,,,,,,,,,,,,,,,,,,,,,,,"0","0","0","0",,,,,,,,,,,,,,,,,,,,,,,,,,,,,,,,
		RestructuringAndMergernAcquisition,,,,,,,,,,,"0","0","0","0","113,000","4,464,000","925,000","551,000","5,230,000","12,038,000",,,,,,,,,,,,,,,,,,,,,,,,,,,,,,,,,,,,,,,,,,,,,,,,,,,,,,,,,,,,,,,,,,,"0","0","0","0",,,,,,,,,,,,,,,,,,,,,,,,,,,,,,,,
		ImpairmentOfCapitalAssets,,,,,,,"0","0",,,,,,,"0","0",,"0","0","0","184,374,000",,,,,,,,,,,,,,,,,,,,,,,,,,,,,,,,,,,,,,,,,,,,,,,,,,,,,,,,,,,,,,,,,,,,,,,,,,,,,,,,,,,,,,,,,,,,,,,,,,,,,
		OtherSpecialCharges,"22,738,000",,,,,,,,,,"0","5,940,000","16,798,000",,,,,,"0","45,766,000","1,247,000","4,456,000","0","17,397,000","2,108,000","55,570,000","2,320,000","11,000","91,876,000",,,,,,,,,,,,,,,,,,,,,,,,,,,,,,,,,,,,,,,,,,,,,,,,,,,,,,,,,,,,,,,,,,,,,,,,,,,,,,,,,,,,,,,,,,,,,
PretaxIncome,"837,783,000","234,140,000","246,506,000","161,641,000","195,496,000","161,189,000","179,167,000","161,205,000","-42,224,000","181,293,000","205,639,000","217,673,000","209,545,000","216,136,000","176,485,000","184,688,000","180,571,000","142,442,000","164,727,000","102,814,000","-35,474,000","114,670,000","97,796,000","126,941,000","156,547,000","102,402,000","104,710,000","115,685,000","79,984,000","137,450,000","-127,021,000","153,250,000","178,409,000","202,518,000","35,448,000","-8,773,000","-31,507,000","-202,223,000","-156,851,000","7,595,000","-116,816,000","-178,125,000","-56,158,000","189,613,000","135,067,000","99,990,000","-519,695,000","164,706,000","-727,223,000","-497,466,000","-148,292,000","-113,278,000","353,703,000","-334,413,000","-383,958,000","26,359,000","-601,154,000","284,624,000","-1,127,394,000","-1,124,318,000","24,589,000","158,208,000","229,358,000","155,734,000","194,300,000","233,877,000","147,128,000","237,928,000","196,910,000","158,373,000","224,363,000","169,487,000","166,275,000","165,467,000","69,348,000","159,410,000","156,148,000","146,573,000","151,846,000","147,945,000","155,035,000","146,450,000","135,192,000","128,277,000","129,792,000","112,270,000","91,210,000","90,549,000","87,881,000","82,830,000","219,466,000","0","0","0","125,824,000","0","0","0","102,493,000","0","0","0","82,575,000","0","0","0","0","0","0","0","0","0","0","0","0","0","0","0",,,,
TaxProvision,"181,589,000","53,009,000","53,061,000","35,229,000","40,290,000","35,581,000","31,154,000","26,102,000","-12,273,000","40,832,000","44,455,000","44,235,000","42,815,000","45,179,000","36,706,000","41,891,000","-28,378,000","27,956,000","157,911,000","37,672,000","-8,132,000","38,198,000","36,707,000","44,138,000","58,435,000","36,153,000","30,182,000","45,594,000","34,791,000","45,723,000","-855,413,000","-340,000","3,576,000","-241,000","-921,000","3,909,000","1,665,000","-14,723,000","20,451,000","-6,730,000","2,443,000","-8,893,000","65,381,000","6,045,000","-2,048,000","-3,016,000","612,922,000","52,521,000","-252,143,000","-187,111,000","-56,425,000","-42,828,000","121,828,000","-116,976,000","-133,566,000","-10,340,000","-208,630,000","88,986,000","-406,409,000","-420,454,000","3,506,000","44,741,000","70,988,000","43,775,000","46,155,000","70,179,000","42,667,000","75,371,000","56,686,000","42,761,000","68,394,000","47,316,000","45,772,000","45,457,000","13,871,000","45,432,000","44,474,000","41,801,000","44,093,000","41,384,000","46,113,000","42,517,000","39,139,000","36,745,000","37,115,000","32,113,000","26,799,000","26,480,000","26,023,000","24,230,000","25,628,000","16,600,000","13,500,000","9,400,000","9,470,000","9,000,000","8,300,000","8,000,000","7,326,000","7,200,000","6,800,000","6,200,000","5,154,000","5,400,000","5,100,000","4,600,000","4,700,000","4,300,000","4,500,000","4,000,000","3,800,000","3,900,000","3,900,000","3,500,000","4,200,000","3,900,000","3,300,000","2,700,000",,,,
EarningsFromEquityInterestNetOfTax,,,,,,,,,,,,,,,,,,,,,,,,,,,,,,,,,,,,,,,,,,,,,,,,,"6,570,000","8,098,000","9,618,000","7,946,000","5,110,000",,,,,,,,,,,,,,,,,,,,,,,,,,"3,003,000","-3,828,000","-825,000","-825,000","-825,000","-825,000","-825,000","-825,000","-825,000","-825,000","-825,000","-825,000","-148,900,000","54,100,000","38,600,000","32,300,000","-95,300,000","32,400,000","30,500,000","29,100,000",,"26,500,000","25,400,000","23,500,000",,"21,400,000","20,400,000","19,000,000","18,600,000","17,300,000","17,000,000","15,300,000","14,900,000","14,500,000","14,000,000","12,700,000","14,200,000","12,900,000","11,400,000","9,600,000",,,,
NetIncomeCommonStockholders,"656,194,000","181,131,000","193,445,000","126,412,000","155,206,000","125,608,000","148,013,000","135,103,000","-29,951,000","140,461,000","161,184,000","173,438,000","166,730,000","170,957,000","139,779,000","142,797,000","208,949,000","114,486,000","6,816,000","65,142,000","-27,342,000","76,472,000","61,089,000","82,803,000","98,112,000","66,249,000","74,528,000","70,091,000","50,048,000","92,257,000","428,335,000","153,590,000","174,833,000","202,759,000","36,369,000","-12,682,000","-33,172,000","-187,500,000","-177,302,000","14,325,000","-119,259,000","-169,232,000","-121,539,000","183,568,000","137,115,000","103,006,000","-1,132,617,000","112,185,000","-475,080,000","-310,355,000","-91,867,000","-70,450,000","231,875,000","-217,437,000","-250,392,000","36,699,000","-392,524,000","195,638,000","-720,985,000","-703,864,000","21,083,000","113,467,000","158,370,000","111,959,000","148,145,000","163,698,000","104,461,000","162,557,000","140,224,000","115,612,000","155,969,000","122,171,000","120,503,000","120,010,000","55,477,000","113,978,000","111,674,000","104,772,000","107,753,000","102,733,000","108,097,000","103,108,000","95,228,000","90,707,000","91,852,000","79,332,000","63,586,000","63,244,000","61,033,000","57,775,000","47,438,000","36,700,000","24,300,000","22,100,000","21,054,000","23,400,000","22,200,000","21,100,000","19,867,000","19,300,000","18,600,000","17,300,000","16,521,000","16,000,000","15,300,000","14,400,000","13,900,000","13,000,000","12,500,000","11,300,000","11,100,000","10,600,000","10,100,000","9,200,000","10,000,000","9,000,000","8,100,000","8,600,000","5,500,000","5,400,000","5,400,000","5,400,000"
	NetIncome,"656,194,000","181,131,000","193,445,000","126,412,000","155,206,000","125,608,000","148,013,000","135,103,000","-29,951,000","140,461,000","161,184,000","173,438,000","166,730,000","170,957,000","139,779,000","142,797,000","208,949,000","114,486,000","6,816,000","65,142,000","-27,342,000","76,472,000","61,089,000","82,803,000","98,112,000","66,249,000","74,528,000","70,091,000","50,048,000","92,257,000","428,335,000","153,590,000","174,833,000","202,759,000","36,369,000","-12,682,000","-33,172,000","-187,500,000","-177,302,000","14,325,000","-119,259,000","-169,232,000","-121,539,000","183,568,000","137,115,000","103,006,000","-1,132,617,000","112,185,000","-475,080,000","-310,355,000","-91,867,000","-70,450,000","231,875,000","-217,437,000","-250,392,000","36,699,000","-392,524,000","195,638,000","-720,985,000","-703,864,000","21,083,000","113,467,000","158,370,000","111,959,000","148,145,000","163,698,000","104,461,000","162,557,000","140,224,000","115,612,000","155,969,000","122,171,000","120,503,000","120,010,000","55,477,000","113,978,000","111,674,000","104,772,000","107,753,000","106,561,000","108,922,000","103,933,000","96,053,000","91,532,000","92,677,000","80,157,000","64,411,000","64,069,000","61,858,000","58,600,000","48,238,000","37,500,000","25,100,000","22,900,000","24,354,000","23,400,000","22,200,000","21,100,000","19,867,000","19,300,000","18,600,000","17,300,000","16,521,000","16,000,000","15,300,000","14,400,000","13,900,000","13,000,000","12,500,000","11,300,000","11,100,000","10,600,000","10,100,000","9,200,000","10,000,000","9,000,000","8,100,000","8,600,000","5,500,000","5,400,000","5,400,000","5,400,000"
		NetIncomeIncludingNoncontrollingInterests,"656,194,000","181,131,000","193,445,000","126,412,000","155,206,000","125,608,000","148,013,000","135,103,000","-29,951,000","140,461,000","161,184,000","173,438,000","166,730,000","170,957,000","139,779,000","142,797,000","208,949,000","114,486,000","6,816,000","65,142,000","-27,342,000","76,472,000","61,089,000","82,803,000","98,112,000","66,249,000","74,528,000","70,091,000","50,048,000","92,257,000","428,335,000","153,590,000","174,833,000","202,759,000","36,369,000","-12,682,000","-33,172,000","-187,500,000","-177,302,000","14,325,000","-119,259,000","-169,232,000","-121,539,000","183,568,000","137,115,000","103,006,000","-1,132,617,000","112,185,000","-475,080,000","-310,355,000","-91,867,000","-70,450,000","231,875,000","-217,437,000","-250,392,000","36,699,000","-392,524,000","195,638,000","-720,985,000","-703,864,000","21,083,000","113,467,000","158,370,000","111,959,000","148,145,000","163,698,000","104,461,000","162,557,000","76,346,000","64,316,000","286,549,000","76,245,000","120,503,000","120,010,000","55,477,000","113,978,000","111,674,000","104,772,000","107,753,000","106,561,000","108,922,000","103,933,000","96,053,000","91,532,000","92,677,000","80,157,000","64,411,000","64,069,000","61,858,000","58,600,000","48,238,000","37,500,000","25,100,000","22,900,000","24,354,000","23,400,000","22,200,000","21,100,000","19,867,000","19,300,000","18,600,000","17,300,000","16,521,000","16,000,000","15,300,000","14,400,000","13,900,000","13,000,000","12,500,000","11,300,000","11,100,000","10,600,000","10,100,000","9,200,000","10,000,000","9,000,000","8,100,000","8,600,000","5,500,000","5,400,000","5,400,000","5,400,000"
			NetIncomeContinuousOperations,"656,194,000","181,131,000","193,445,000","126,412,000","155,206,000","125,608,000","148,013,000","135,103,000","-29,951,000","140,461,000","161,184,000","173,438,000","166,730,000","170,957,000","139,779,000","142,797,000","208,949,000","114,486,000","6,816,000","65,142,000","-27,342,000","76,472,000","61,089,000","82,803,000","98,112,000","66,249,000","74,528,000","70,091,000","45,193,000","91,727,000","728,392,000","153,590,000","174,833,000","202,759,000","36,369,000","-12,682,000","-33,172,000","-187,500,000","-177,302,000","14,325,000","-119,259,000","-169,232,000","-121,539,000","183,568,000","137,115,000","103,006,000","-1,132,617,000","112,185,000","-475,080,000","-310,355,000","-91,867,000","-70,450,000","231,875,000","-217,437,000","-250,392,000","36,699,000","-392,524,000","195,638,000","-720,985,000","-703,864,000","21,083,000","113,467,000","158,370,000","111,959,000","148,145,000","163,698,000","104,461,000","162,557,000","140,224,000","115,612,000","155,969,000","122,171,000","120,503,000","120,010,000","55,477,000","113,978,000","111,674,000","104,772,000","110,756,000","102,733,000","108,097,000","103,108,000","95,228,000","90,707,000","91,852,000","79,332,000","63,586,000","63,244,000","61,033,000","57,775,000","44,938,000","37,500,000","25,100,000","22,900,000","21,054,000","23,400,000","22,200,000","21,100,000","19,867,000","19,300,000","18,600,000","17,300,000","16,521,000","16,000,000","15,300,000","14,400,000","13,900,000","13,000,000","12,500,000","11,300,000","11,100,000","10,600,000","10,100,000","9,200,000","10,000,000","9,000,000","8,100,000","6,900,000","5,500,000","5,400,000","5,400,000","5,400,000"
			NetIncomeDiscontinuousOperations,,,,,,,,,,,,,,,,,,,,,,,"0","0","0","0","0","0","4,855,000","530,000","-449,691,000",,,,,,,,,,,,,,,,,,,,,,,,,,,,,,,,,,,,,,,,,,,,,,,,,,,,,,,,,,,,,,,,,,,,,,,,,,,,,,,,,,,,,,,,,,,
			NetIncomeExtraordinary,,,,,,,,,,,,,,,,,,,,,,,,,,,,,,,,,,,,,,,,,,,,,,,,,,,,,,,,,,,,,,,,,,,,,,,,,,,,,,,,,,,,,,,,,,,,,,,,,,,,,,,,,,,,,,,,,,,"0",,,"1,700,000",,,,
		MinorityInterests,,,,,,,,,,,,,,,,,,,,,,,,,,,,,,,,,,,,,,,,,,,,,,,,,,,,,,,,,,,,,,,,,,,,,"63,878,000","51,296,000",,"45,926,000",,,,,,,,,,,,,,,,,,,,,,,,,,,,,,,,,,,,,,,,,,,,,,,,,,
	PreferredStockDividends,,,,,,,,,,,,,,,,,,,,,,,,,,,,,,,,,,,,,,,,,,,,,,,,,,,,,,,,,,,,,,,,,,,,,,,,,,,,,,,"-3,003,000","3,828,000","825,000","825,000","825,000","825,000","825,000","825,000","825,000","825,000","825,000","825,000","800,000","800,000","800,000","800,000",,,,,,,,,,,,,,,,,,,,,,,,,,,,
AverageDilutionEarnings,,,,,,,,,,,,,,,"0","0","0","0","0","0","0","-215,000","665,000","848,000","913,000","3,390,000","3,664,000","3,714,000","3,707,000","3,673,000","-2,138,000","5,552,000","5,503,000","5,455,000",,,,,,,,,,,,,,,,,,,,,,,,,,,,,,,,,,,,,,,,,,,,,,,,,,,,,,,,,,,,,,,,,,,,,,,,,,,,,,,,,,,,,,,,
DilutedNIAvailtoComStockholders,"656,194,000","181,131,000","193,445,000","126,412,000","155,206,000","125,608,000","148,013,000","135,103,000","-29,951,000","140,461,000","161,184,000","173,438,000","166,730,000","170,957,000","139,779,000","142,797,000","208,949,000","114,486,000","6,816,000","65,142,000","-27,342,000","76,257,000","61,754,000","83,651,000","99,025,000","69,639,000","78,192,000","73,805,000","53,755,000","95,930,000","426,197,000","159,142,000","180,336,000","208,214,000","36,369,000","-12,682,000","-33,172,000","-187,500,000","-177,302,000","14,325,000","-119,259,000","-169,232,000","-121,539,000","183,568,000","137,115,000","103,006,000","-1,132,617,000","112,185,000","-475,080,000","-310,355,000","-91,867,000","-70,450,000","231,875,000","-217,437,000","-250,392,000","36,699,000","-392,524,000","195,638,000","-720,985,000","-703,864,000","21,083,000","113,467,000","158,370,000","111,959,000","148,145,000","163,698,000","104,461,000","162,557,000","140,224,000","115,612,000","155,969,000","122,171,000","120,503,000","120,010,000","55,477,000","113,978,000","111,674,000","104,772,000","107,753,000","102,733,000","108,097,000","103,108,000","95,228,000","90,707,000","91,852,000","79,332,000","63,586,000","63,244,000","61,033,000","57,775,000","47,438,000","36,700,000","24,300,000","22,100,000","21,054,000","23,400,000","22,200,000","21,100,000","19,867,000","19,300,000","18,600,000","17,300,000","16,521,000","16,000,000","15,300,000","14,400,000","13,900,000","13,000,000","12,500,000","11,300,000","11,100,000","10,600,000","10,100,000","9,200,000","10,000,000","9,000,000","8,100,000","8,600,000","5,500,000","5,400,000","5,400,000","5,400,000"
BasicEPS,,"1.02","1.08","0.68","0.8","0.65","0.77","0.7","-0.15","0.7",,"0.85","0.8","0.8","0.65","0.67","0.98","0.53","0.03","0.3","-0.13","0.36","0.28","0.39","0.46","0.33","0.36","0.34","0.26","0.48","2.24","0.8","0.96","1.17","0.21","-0.074","-0.192","-1.414","-1.338","0.11","-0.9","-1.278",,"1.37","1.03","0.78",,"1.36","-3.577","-3.77",,"-0.862","2.85","-2.69",,"0.46","-4.91","2.45",,"-8.82","0.26","1.43",,"1.38","1.81","1.97",,"1.92","1.64","1.29",,"1.32","1.28","1.28",,"1.22","1.2","1.12",,"1.08","1.14","1.09",,"0.97","0.99","0.97",,"0.84","0.81","0.77",,"0.495","0.33","0.485",,"0.5","0.475","0.45",,"0.395","0.38","0.355",,"0.325","0.315","0.295",,"0.27","0.26","0.235",,"0.22","0.21","0.19",,"0.185","0.165","0.18",,"0.175","0.175","0.175"
DilutedEPS,,"1.01","1.07","0.67","0.8","0.64","0.76","0.7","-0.15","0.7",,"0.83","0.78","0.78","0.64","0.66","0.96","0.52","0.03","0.3","-0.13","0.34","0.27","0.37","0.44","0.29","0.32","0.29","0.22","0.39","1.78","0.67","0.78","0.94","0.19","-0.074","-0.192","-1.414","-1.34","0.11","-0.9","-1.28",,"1.37","1.03","0.77",,"0.84","-4.31","-3.77",,"-0.862","2.82","-2.69",,"0.46","-4.91","2.44",,"-8.82","0.26","1.42",,"1.36","1.79","1.96",,"1.88","1.56","1.24",,"1.31","1.27","1.26",,"1.2","1.18","1.11",,"1.07","1.12","1.08",,"0.96","0.97","0.955",,"0.83","0.8","0.765",,"0.485","0.32","0.47",,"0.48","0.455","0.43",,"0.39","0.38","0.355",,"0.325","0.315","0.295",,"0.27","0.26","0.235",,"0.22","0.21","0.19",,"0.185","0.165","0.18",,"0.175","0.175","0.175"
BasicAverageShares,,"176,816,000","179,500,000","186,741,000","193,436,000","193,439,000","193,441,248","193,176,000","193,299,000","200,161,000",,"203,107,000","208,097,000","213,537,000","213,435,000","213,309,000","213,976,000","215,967,000","215,623,000","215,279,000","215,152,000","214,925,000","214,481,000","214,387,000","214,274,000","203,706,000","206,872,000","207,938,000","193,112,000","191,224,000","191,053,000","191,050,000","182,583,000","173,165,000","173,099,515","171,830,000","173,028,101","132,625,000","132,525,000","132,521,000","132,346,000","132,465,000",,"132,364,000","132,185,000","132,427,000",,"82,324,000","82,341,000","82,341,000",,"81,749,000","81,396,000","80,902,000",,"79,960,000","79,967,000","79,930,000",,"79,800,000","79,627,000","79,428,000",,"81,233,000","81,921,000","82,937,000",,"84,567,000","85,464,000","89,488,000",,"92,384,000","93,844,000","94,022,000",,"93,558,000","93,341,000","93,394,000",,"94,761,000","94,708,000","94,224,000",,"93,281,000","93,124,000","81,674,000",,"75,480,000","75,182,000","74,838,000",,"74,141,414","45,567,010","45,567,010",,"46,800,000","46,736,842","46,888,889",,"48,860,759","48,947,368","48,732,394",,"49,230,769","48,571,429","48,813,559",,"48,148,148","48,076,923","48,085,106",,"48,181,818","48,095,238","48,421,053",,"48,648,649","49,090,909","47,777,778",,"44,800,000","44,800,000","44,800,000"
DilutedAverageShares,,"179,079,000","181,128,000","188,042,000","194,638,000","195,203,000","194,857,663","194,156,000","193,299,000","201,819,000",,"208,691,000","213,603,000","218,343,000","217,883,000","217,902,000","217,830,000","219,883,000","220,250,000","219,391,000","215,152,000","221,497,000","224,776,000","225,968,000","226,203,000","239,707,000","247,981,000","250,795,000","246,650,000","243,048,000","242,801,000","238,067,000","230,779,000","222,668,000","191,415,789","171,830,000","173,028,101","144,355,000","132,525,000","134,033,000","132,346,000","132,465,000",,"133,513,000","133,614,000","133,703,000",,"133,520,000","110,282,000","82,341,000",,"81,749,000","82,240,000","80,902,000",,"80,471,000","79,967,000","80,040,000",,"79,800,000","80,545,000","80,080,000",,"82,050,000","82,756,000","83,707,000",,"86,693,000","90,116,000","94,258,000",,"93,387,000","94,903,000","95,078,000",,"94,886,000","94,360,000","94,297,000",,"96,035,000","96,387,000","95,881,000",,"94,784,000","94,854,000","83,038,000",,"76,384,000","76,276,000","75,728,000",,"75,670,103","47,021,277","47,021,277",,"48,750,000","48,791,209","49,069,767",,"49,487,179","48,947,368","48,732,394",,"49,230,769","48,571,429","48,813,559",,"48,148,148","48,076,923","48,085,106",,"48,181,818","48,095,238","48,421,053",,"48,648,649","49,090,909","47,777,778",,"44,800,000","44,800,000","44,800,000"
TotalExpenses,"456,316,000","58,840,000","91,861,000","164,117,000","141,498,000","167,624,000","190,694,000","214,029,000","406,665,000","147,788,000","182,385,000","162,665,000","185,419,000","147,493,000","154,988,000","145,998,000","138,686,000","149,148,000","153,185,000","209,239,000","338,386,000","174,084,000","176,653,000","193,942,000","173,621,000","210,550,000","170,172,000","181,607,000","250,432,000","153,213,000","199,744,000","156,001,000","166,046,000","143,738,000","236,137,000","253,351,000","231,949,000","244,605,000","375,202,000","253,194,000","275,008,000","358,493,000","420,709,000","318,439,000","336,884,000","503,299,000","473,790,000","416,625,000","481,449,000","625,279,000","541,152,000","444,912,000","223,721,000","345,873,000","443,385,000","392,350,000","966,615,000","679,815,000","848,160,000","1,019,910,000","218,621,000","183,275,000","118,526,000","166,097,000","110,279,000","119,775,000","151,513,000","144,694,000","113,417,000","148,188,000","154,775,000","159,757,000","203,421,000","168,540,000","293,088,000","187,774,000","195,130,000","155,673,000","148,936,000","128,264,000","138,220,000","135,394,000","128,128,000","112,746,000","111,696,000","91,672,000","68,790,000","65,182,000","63,497,000","65,495,000","284,445,000","15,700,000","17,100,000","9,200,000","180,442,000","9,200,000","8,900,000","8,600,000","151,617,000","8,000,000","7,800,000","7,400,000","120,121,000","6,800,000","6,700,000","6,400,000","6,400,000","6,000,000","5,600,000","5,400,000","5,400,000","5,700,000","5,800,000","5,600,000","5,100,000","4,500,000","4,400,000","4,100,000",,,,
NetIncomeFromContinuingAndDiscontinuedOperation,"656,194,000","181,131,000","193,445,000","126,412,000","155,206,000","125,608,000","148,013,000","135,103,000","-29,951,000","140,461,000","161,184,000","173,438,000","166,730,000","170,957,000","139,779,000","142,797,000","208,949,000","114,486,000","6,816,000","65,142,000","-27,342,000","76,472,000","61,089,000","82,803,000","98,112,000","66,249,000","74,528,000","70,091,000","50,048,000","92,257,000","428,335,000","153,590,000","174,833,000","202,759,000","36,369,000","-12,682,000","-33,172,000","-187,500,000","-177,302,000","14,325,000","-119,259,000","-169,232,000","-121,539,000","183,568,000","137,115,000","103,006,000","-1,132,617,000","112,185,000","-475,080,000","-310,355,000","-91,867,000","-70,450,000","231,875,000","-217,437,000","-250,392,000","36,699,000","-392,524,000","195,638,000","-720,985,000","-703,864,000","21,083,000","113,467,000","158,370,000","111,959,000","148,145,000","163,698,000","104,461,000","162,557,000","140,224,000","115,612,000","155,969,000","122,171,000","120,503,000","120,010,000","55,477,000","113,978,000","111,674,000","104,772,000","107,753,000","106,561,000","108,922,000","103,933,000","96,053,000","91,532,000","92,677,000","80,157,000","64,411,000","64,069,000","61,858,000","58,600,000","48,238,000","37,500,000","25,100,000","22,900,000","24,354,000","23,400,000","22,200,000","21,100,000","19,867,000","19,300,000","18,600,000","17,300,000","16,521,000","16,000,000","15,300,000","14,400,000","13,900,000","13,000,000","12,500,000","11,300,000","11,100,000","10,600,000","10,100,000","9,200,000","10,000,000","9,000,000","8,100,000","6,900,000","5,500,000","5,400,000","5,400,000","5,400,000"
NormalizedIncome,"656,194,000","181,131,000","193,445,000","126,412,000","155,206,000","125,608,000","148,013,000","135,103,000","-29,951,000","140,461,000","164,968,283.876","178,172,180","180,101,208","170,957,000","139,868,497.844","146,248,473.88","209,624,250","114,929,004","9,954,000","101,789,736","115,771,791","79,444,152","61,089,000","94,145,844","99,433,716","102,202,790","76,179,274.568","70,097,666","100,318,600","91,727,000","728,392,000","153,590,000","174,833,000","202,759,000","36,369,000","-12,682,000","-33,172,000","-187,500,000","-177,302,000","14,325,000","-119,259,000","-169,232,000","-121,539,000","183,568,000","137,115,000","103,006,000","-1,132,617,000","112,185,000","-475,080,000","-310,355,000","-91,867,000","-70,450,000","231,875,000","-217,437,000","-250,392,000","36,699,000","-392,524,000","195,638,000","-720,985,000","-703,864,000","21,083,000","113,467,000","158,370,000","111,959,000","148,145,000","163,698,000","104,461,000","162,557,000","140,224,000","115,612,000","155,969,000","122,171,000","120,503,000","120,010,000","55,477,000","113,978,000","111,674,000","104,772,000","107,753,000","106,561,000","108,922,000","103,933,000","96,053,000","91,532,000","92,677,000","80,157,000","64,411,000","64,069,000","61,858,000","58,600,000","48,238,000","37,500,000","25,100,000","22,900,000","24,354,000","23,400,000","22,200,000","21,100,000","19,867,000","19,300,000","18,600,000","17,300,000","16,521,000","16,000,000","15,300,000","14,400,000","13,900,000","13,000,000","12,500,000","11,300,000","11,100,000","10,600,000","10,100,000","9,200,000","10,000,000","9,000,000","8,100,000","6,900,000","5,500,000","5,400,000","5,400,000","5,400,000"
InterestExpense,"84,075,000","20,846,000","21,137,000","21,027,000","21,065,000","21,115,000","21,169,000","21,088,000","16,699,000","12,194,000","12,160,000","13,492,000","14,961,000","15,697,000","15,584,000","15,535,000","15,291,000","15,080,000","14,929,000","15,715,000","16,179,000","15,938,000","17,269,000","19,783,000","22,546,000","21,534,000","20,996,000","21,220,000","24,501,000","24,385,000","24,200,000","23,989,000","22,348,000","19,927,000","19,747,000","19,570,000","19,420,000","15,881,000","12,583,000","12,520,000","12,581,000","14,148,000","14,197,000","14,094,000","16,079,000","17,024,000","13,226,000","9,502,000","8,245,000","10,804,000","10,120,000","11,296,000","12,295,000","12,299,000","13,337,000","13,852,000","13,832,000","12,493,000","14,258,000","13,394,000","12,360,000","13,056,000","12,256,000","11,515,000","12,538,000","11,840,000","11,940,000","12,167,000","9,978,000","8,958,000","8,646,000","7,996,000","8,364,000","9,654,000","9,654,000","9,652,000","9,652,000","8,584,000","7,253,000","7,177,000","7,239,000","7,154,000","5,951,000","6,003,000","4,448,000","1,401,000",,,,,,,,,,,,,,,,,,,,,,,,,,,,,,,,,,,,
NetInterestIncome,"-84,075,000","-20,846,000","-21,137,000","-21,027,000","-21,065,000","-21,115,000","-21,169,000","-21,088,000","-16,699,000","-12,194,000","-12,160,000","-13,492,000","-14,961,000","-15,697,000","-15,584,000","-15,535,000","-15,291,000","-15,080,000","-14,929,000","-15,715,000","-16,179,000","-15,938,000","-17,269,000","-19,783,000","-22,546,000","-21,534,000","-20,996,000","-21,220,000","-24,501,000","-24,385,000","-24,200,000","-23,989,000","-22,348,000","-19,927,000","-19,747,000","-19,570,000","-19,420,000","-15,881,000","-12,583,000","-12,520,000","-12,581,000","-14,148,000","-14,197,000","-14,094,000","-16,079,000","-17,024,000","-13,226,000","-9,502,000","-8,245,000","-10,804,000","-10,120,000","-11,296,000","-12,295,000","-12,299,000","-13,337,000","-13,852,000","-13,832,000","-12,493,000","-14,258,000","-13,394,000","-12,360,000","-13,056,000","-12,256,000","-11,515,000","-12,538,000","-11,840,000","-11,940,000","-12,167,000","-9,978,000","-8,958,000","-8,646,000","-7,996,000","-8,364,000","-9,654,000","-9,654,000","-9,652,000","-9,652,000","-8,584,000","-7,253,000","-7,177,000","-7,239,000","-7,154,000","-5,951,000","-6,003,000","-4,448,000","-1,401,000",,,,,,,,,,,,,,,,,,,,,,,,,,,,,,,,,,,,
EBIT,"921,858,000","254,986,000","267,643,000","182,668,000","216,561,000","182,304,000","200,336,000","182,293,000","-25,525,000","193,487,000","217,799,000","231,165,000","224,506,000","231,833,000","192,069,000","200,223,000","195,862,000","157,522,000","179,656,000","118,529,000","-19,295,000","130,608,000","115,065,000","146,724,000","179,093,000","123,936,000","125,706,000","136,905,000","104,485,000","161,835,000","-102,821,000","177,239,000","200,757,000","222,445,000","55,195,000","10,797,000","-12,087,000","-186,342,000","-144,268,000","20,115,000","-104,235,000","-163,977,000","-41,961,000","203,707,000","151,146,000","117,014,000","-506,469,000","174,208,000","-718,978,000","-486,662,000","-138,172,000","-101,982,000","365,998,000","-322,114,000","-370,621,000","40,211,000","-587,322,000","297,117,000","-1,113,136,000","-1,110,924,000","36,949,000","171,264,000","241,614,000","167,249,000","206,838,000","245,717,000","159,068,000","250,095,000","206,888,000","167,331,000","233,009,000","177,483,000","174,639,000","175,121,000","79,002,000","169,062,000","165,800,000","155,157,000","159,099,000","155,122,000","162,274,000","153,604,000","141,143,000","134,280,000","134,240,000","113,671,000",,,,,,,,,,,,,,,,,,,,,,,,,,,,,,,,,,,,
ReconciledDepreciation,"3,437,000","849,000","863,000","862,000","863,000","862,000","2,225,000","961,000","979,000","979,000","15,823,000","2,139,000","2,139,000","2,187,000","3,461,000","3,472,000","2,748,000","2,748,000","2,629,000","2,890,000","18,856,000","3,296,000","3,290,000","3,292,000","3,311,000","3,328,000","28,301,000","14,624,000","20,439,000","18,261,000","18,817,000","17,573,000","14,098,000","15,461,000","21,271,000","19,309,000","20,663,000","18,893,000","21,775,000","19,853,000","16,972,000","13,789,000","13,951,000","16,039,000","14,999,000","18,131,000","18,799,000","7,939,000","6,659,000","6,392,000",,,,,,,,,,,,,,,,,,,,,,,,,,,,,,,,,,,,,,,,,,,,,,,,,,,,,,,,,,,,,,,,,,,,,,,,
NetIncomeFromContinuingOperationNetMinorityInterest,"656,194,000","181,131,000","193,445,000","126,412,000","155,206,000","125,608,000","148,013,000","135,103,000","-29,951,000","140,461,000","161,184,000","173,438,000","166,730,000","170,957,000","139,779,000","142,797,000","208,949,000","114,486,000","6,816,000","65,142,000","-27,342,000","76,472,000","61,089,000","82,803,000","98,112,000","66,249,000","74,528,000","70,091,000","45,193,000","91,727,000","728,392,000","153,590,000","174,833,000","202,759,000","36,369,000","-12,682,000","-33,172,000","-187,500,000","-177,302,000","14,325,000","-119,259,000","-169,232,000","-121,539,000","183,568,000","137,115,000","103,006,000","-1,132,617,000","112,185,000","-475,080,000","-310,355,000","-91,867,000","-70,450,000","231,875,000","-217,437,000","-250,392,000","36,699,000","-392,524,000","195,638,000","-720,985,000","-703,864,000","21,083,000","113,467,000","158,370,000","111,959,000","148,145,000","163,698,000","104,461,000","162,557,000","140,224,000","115,612,000","155,969,000","122,171,000","120,503,000","120,010,000","55,477,000","113,978,000","111,674,000","104,772,000","107,753,000","106,561,000","108,922,000","103,933,000","96,053,000","91,532,000","92,677,000","80,157,000","64,411,000","64,069,000","61,858,000","58,600,000","48,238,000","37,500,000","25,100,000","22,900,000","24,354,000","23,400,000","22,200,000","21,100,000","19,867,000","19,300,000","18,600,000","17,300,000","16,521,000","16,000,000","15,300,000","14,400,000","13,900,000","13,000,000","12,500,000","11,300,000","11,100,000","10,600,000","10,100,000","9,200,000","10,000,000","9,000,000","8,100,000","6,900,000","5,500,000","5,400,000","5,400,000","5,400,000"
TotalUnusualItemsExcludingGoodwill,"0",,,,,,"0","0","0",,"-4,828,000","-5,940,000","-16,798,000","0","-113,000","-4,464,000","-925,000","-551,000","-5,230,000","-57,804,000","-185,621,000","-4,456,000","0","-17,397,000","-2,108,000","-55,570,000","-2,320,000","-11,000","-91,876,000",,,,,,"0","0","0",,"0",,,,,,,,,,,,,,,,,,,,,,,,,,,,,,,,,,,,,,,,,,,,,,,,"0","0","0","0",,,,,,,,,,,,,,,,,,,,,,,,,,,,,,,,
TotalUnusualItems,"0",,,,,,"0","0","0",,"-4,828,000","-5,940,000","-16,798,000","0","-113,000","-4,464,000","-925,000","-551,000","-5,230,000","-57,804,000","-185,621,000","-4,456,000","0","-17,397,000","-2,108,000","-55,570,000","-2,320,000","-11,000","-91,876,000",,,,,,"0","0","0",,"0",,,,,,,,,,,,,,,,,,,,,,,,,,,,,,,,,,,,,,,,,,,,,,,,"0","0","0","0",,,,,,,,,,,,,,,,,,,,,,,,,,,,,,,,
TaxRateForCalcs,"0.217","0.226","0.215","0.218","0.206","0.221","0.174","0.162","0.291","0.225","0.216","0.203","0.204","0.209","0.208","0.227","0.27","0.196","0.4","0.366","0.229","0.333","0.375","0.348","0.373","0.353","0.288","0.394","0.4","0.333","0.35","0.002","0.02","0.001","0.35","0.35","0.053","0.073","0.35","0.35","0.35","0.05","0.35","0.032","0.35","0.35","0.35","0.319","0.347","0.376","0.38","0.378","0.344","0.35","0.348","0.35","0.347","0.313","0.36","0.374","0.143","0.283","0.31","0.281","0.238","0.3","0.29","0.317","0.288","0.27","0.305","0.279","0.275","0.275","0.2","0.285","0.285","0.285","0.29","0.28","0.297","0.29","0.29","0.286","0.286","0.286","0.294","0.292","0.296","0.293","0.117","0","0","0","0.075","0","0","0","0.071","0","0","0","0.062","0","0","0","0","0","0","0","0","0","0","0","0","0","0","0","0.4","0.4","0.4","0.4"
TaxEffectOfUnusualItems,"0","0","0","0","0","0","0","0","0","0","-1,043,716.124","-1,205,820","-3,426,792","0","-23,502.156","-1,012,526.12","-249,750","-107,996","-2,092,000","-21,156,264","-42,507,209","-1,483,848","0","-6,054,156","-786,284","-19,616,210","-668,725.432","-4,334","-36,750,400","0","0","0","0","0","0","0","0","0","0","0","0","0","0","0","0","0","0","0","0","0","0","0","0","0","0","0","0","0","0","0","0","0","0","0","0","0","0","0","0","0","0","0","0","0","0","0","0","0","0","0","0","0","0","0","0","0","0","0","0","0","0","0","0","0","0","0","0","0","0","0","0","0","0","0","0","0","0","0","0","0","0","0","0","0","0","0","0","0","0","0","0","0"