name,ttm,03/31/2022,12/31/2021,09/30/2021,06/30/2021,03/31/2021,12/31/2020,09/30/2020,06/30/2020,03/31/2020,12/31/2019,09/30/2019,06/30/2019,03/31/2019,12/31/2018,09/30/2018,06/30/2018,03/31/2018,12/31/2017,09/30/2017,06/30/2017,03/31/2017,12/31/2016,09/30/2016,06/30/2016,03/31/2016,12/31/2015,09/30/2015,06/30/2015,03/31/2015,12/31/2014,09/30/2014,06/30/2014,03/31/2014,12/31/2013,09/30/2013,06/30/2013,03/31/2013,12/31/2012,09/30/2012,06/30/2012,03/31/2012,12/31/2011,09/30/2011,06/30/2011,03/31/2011,12/31/2010,09/30/2010,06/30/2010,03/31/2010,12/31/2009,09/30/2009,06/30/2009,03/31/2009,12/31/2008,09/30/2008,06/30/2008,03/31/2008,12/31/2007,09/30/2007,06/30/2007,03/31/2007,12/31/2006,09/30/2006,06/30/2006,03/31/2006,12/31/2005,09/30/2005,06/30/2005,03/31/2005,12/31/2004,09/30/2004,06/30/2004,03/31/2004,12/31/2003,09/30/2003,06/30/2003,03/31/2003,12/31/2002,09/30/2002,06/30/2002,03/31/2002,12/31/2001,09/30/2001,06/30/2001,03/31/2001,12/31/2000,09/30/2000,06/30/2000,03/31/2000,12/31/1999,09/30/1999,06/30/1999,03/31/1999,12/31/1998,09/30/1998,06/30/1998,03/31/1998,12/31/1997,09/30/1997,06/30/1997,03/31/1997,12/31/1996,09/30/1996,06/30/1996,03/31/1996,12/31/1995,09/30/1995,06/30/1995,03/31/1995,12/31/1994,09/30/1994,06/30/1994,03/31/1994,12/31/1993,09/30/1993,06/30/1993,03/31/1993,12/31/1992,09/30/1992,06/30/1992,03/31/1992,12/31/1991,09/30/1991,06/30/1991,03/31/1991,12/31/1990,09/30/1990,06/30/1990,03/31/1990,12/31/1989,09/30/1989,06/30/1989,03/31/1989,09/30/1988,06/30/1988,03/31/1988,12/31/1987,09/30/1987,06/30/1987,03/31/1987,12/31/1986,09/30/1986,06/30/1986,03/31/1986,12/31/1985,09/30/1985
TotalRevenue,"966,943,000","284,624,000","268,252,000","225,310,000","188,757,000","182,610,000","148,637,000","116,588,000","89,300,000","243,777,000","235,997,000","293,240,000","358,516,000","334,656,000","376,751,000","439,994,000","467,926,000","436,334,000","427,299,000","470,999,000","398,810,000","298,119,000","220,997,000","175,884,000","142,998,000","189,095,000","268,086,000","291,924,000","297,560,000","406,270,000","632,206,000","620,684,000","582,831,000","501,692,000","486,981,000","491,121,000","457,566,000","425,821,000","469,942,000","472,418,000","500,106,000","502,557,000","482,782,000","502,235,000","443,029,000","381,761,000","328,144,000","302,200,000","252,896,000","213,144,000","152,415,000","132,159,000","127,018,000","176,271,000","227,844,000","237,217,000","214,689,000","197,227,000","186,189,000","161,961,000","171,031,000","171,045,000","160,332,000","154,209,000","146,065,000","136,024,000","117,567,000","115,801,000","101,945,000","92,330,000","85,643,000","88,721,000","85,426,000","80,002,000","69,719,000","69,244,000","70,864,000","60,700,000","65,186,000","50,342,000","46,774,000","46,728,000","55,704,000","75,674,000","70,830,000","62,733,000","-58,221,000","86,196,000","82,472,000","73,768,000","62,500,000","53,100,000","60,000,000","54,900,000","54,000,000","57,000,000","66,400,000","66,900,000","62,700,000","57,900,000","67,000,000","58,200,000","53,900,000","44,900,000","52,200,000","49,700,000","38,800,000","35,800,000","44,600,000","42,200,000","40,000,000","38,600,000","39,900,000","37,300,000","32,000,000","29,700,000","31,900,000","30,000,000","27,900,000","21,500,000","28,300,000","23,100,000","24,600,000","21,800,000","25,000,000","26,000,000","26,500,000","24,700,000","32,500,000","28,500,000","24,900,000","22,400,000","29,200,000","27,500,000","58,600,000","34,000,000","27,900,000","25,800,000","20,200,000","25,500,000","19,000,000","13,900,000","6,400,000","8,400,000","14,800,000","19,200,000","19,500,000"
	OperatingRevenue,"966,943,000","284,624,000","268,252,000","225,310,000","188,757,000","182,610,000","148,637,000","116,588,000","89,300,000","243,777,000","235,997,000","293,240,000","358,516,000","334,656,000","376,751,000","439,994,000","467,926,000","436,334,000","427,299,000","470,999,000","398,810,000","298,119,000","220,997,000","175,884,000","142,998,000","189,095,000","268,086,000","291,924,000","297,560,000","406,270,000","632,206,000","620,684,000","582,831,000","501,692,000","486,981,000","491,121,000","457,566,000","425,821,000","469,942,000","472,418,000","500,106,000","502,557,000","482,782,000","502,235,000","443,029,000","381,761,000","328,144,000","302,200,000","252,896,000","213,144,000","152,415,000","132,159,000","127,018,000","176,271,000","227,844,000","237,217,000","214,689,000","197,227,000","186,189,000","161,961,000","171,031,000","171,045,000","160,332,000","154,209,000","146,065,000","136,024,000","117,567,000","115,801,000","101,945,000","92,330,000","85,643,000","88,721,000","85,426,000","80,002,000","69,719,000","69,244,000","70,864,000","60,700,000","65,186,000","50,342,000","46,774,000","46,728,000","55,704,000","75,674,000","70,830,000","62,733,000","-58,221,000","86,196,000","82,472,000","73,768,000","62,500,000","53,100,000","60,000,000","54,900,000","54,000,000","57,000,000","66,400,000","66,900,000","62,700,000","57,900,000","67,000,000","58,200,000","53,900,000","44,900,000","52,200,000","49,700,000","38,800,000","35,800,000","44,600,000","42,200,000","40,000,000","38,600,000","39,900,000","37,300,000","32,000,000","29,700,000","31,900,000","30,000,000","27,900,000","21,500,000","28,300,000","23,100,000","24,600,000","21,800,000","25,000,000","26,000,000","26,500,000","24,700,000","32,500,000","28,500,000","24,900,000","22,400,000","29,200,000","27,500,000","58,600,000","34,000,000","27,900,000","25,800,000","20,200,000","25,500,000","19,000,000","13,900,000","6,400,000","8,400,000","14,800,000","19,200,000","19,500,000"
CostOfRevenue,"800,255,000","228,303,000","219,540,000","188,727,000","163,685,000","163,996,000","135,895,000","119,527,000","99,610,000","221,237,000","217,204,000","269,931,000","307,969,000","294,900,000","316,970,000","343,940,000","352,173,000","333,085,000","323,755,000","334,407,000","295,279,000","260,905,000","221,387,000","198,590,000","183,277,000","221,892,000","283,595,000","303,687,000","311,418,000","358,421,000","452,058,000","455,525,000","430,792,000","385,520,000","373,229,000","356,918,000","340,345,000","321,048,000","494,306,000","271,401,000","281,279,000","273,799,000","268,525,000","279,936,000","242,991,000","201,252,000","174,477,000","162,529,000","139,478,000","129,614,000","102,314,000","90,442,000","91,080,000","109,970,000","130,908,000","134,878,000","120,175,000","117,670,000","101,032,000","91,431,000","88,191,000","87,521,000","77,580,000","74,011,000","69,695,000","65,751,000","59,911,000","61,424,000","55,746,000","50,411,000","47,130,000","50,233,000","49,189,000","47,107,000","42,968,000","43,482,000","42,390,000","39,926,000","48,239,000","33,363,000","31,853,000","29,908,000","36,280,000","39,862,000","38,369,000","34,062,000","10,575,000","30,433,000","34,164,000","31,884,000","26,300,000","21,300,000","28,500,000","25,900,000","21,900,000","20,400,000","24,700,000","23,100,000","18,300,000","17,200,000","25,000,000","22,400,000","17,900,000","16,000,000","22,300,000","20,800,000","13,400,000","12,200,000","20,700,000","17,300,000","15,600,000","15,700,000","18,200,000","16,400,000","11,100,000","9,400,000","12,300,000","10,600,000","-28,600,000","19,800,000","12,500,000","9,100,000","7,200,000","5,100,000","8,100,000","8,500,000","7,900,000","6,800,000","14,500,000","11,500,000","8,200,000","5,800,000","13,900,000",,,,,,,,,,,,,,
GrossProfit,"166,688,000","56,321,000","48,712,000","36,583,000","25,072,000","18,614,000","12,742,000","-2,939,000","-10,310,000","22,540,000","18,793,000","23,309,000","50,547,000","39,756,000","59,781,000","96,054,000","115,753,000","103,249,000","103,544,000","136,592,000","103,531,000","37,214,000","-390,000","-22,706,000","-40,279,000","-32,797,000","-15,509,000","-11,763,000","-13,858,000","47,849,000","180,148,000","165,159,000","152,039,000","116,172,000","113,752,000","134,203,000","117,221,000","104,773,000","-24,364,000","201,017,000","218,827,000","228,758,000","214,257,000","222,299,000","200,038,000","180,509,000","153,667,000","139,671,000","113,418,000","83,530,000","50,101,000","41,717,000","35,938,000","66,301,000","96,936,000","102,339,000","94,514,000","79,557,000","85,157,000","70,530,000","82,840,000","83,524,000","82,752,000","80,198,000","76,370,000","70,273,000","57,656,000","54,377,000","46,199,000","41,919,000","38,513,000","38,488,000","36,237,000","32,895,000","26,751,000","25,762,000","28,474,000","20,774,000","16,947,000","16,979,000","14,921,000","16,820,000","19,424,000","35,812,000","32,461,000","28,671,000","-68,796,000","55,763,000","48,308,000","41,884,000","36,200,000","31,800,000","31,500,000","29,000,000","32,100,000","36,600,000","41,700,000","43,800,000","44,400,000","40,700,000","42,000,000","35,800,000","36,000,000","28,900,000","29,900,000","28,900,000","25,400,000","23,600,000","23,900,000","24,900,000","24,400,000","22,900,000","21,700,000","20,900,000","20,900,000","20,300,000","19,600,000","19,400,000","56,500,000","1,700,000","15,800,000","14,000,000","17,400,000","16,700,000","16,900,000","17,500,000","18,600,000","17,900,000","18,000,000","17,000,000","16,700,000","16,600,000","15,300,000",,,,,,,,,,,,,,
OperatingExpense,"129,217,000","36,240,000","32,128,000","31,446,000","29,403,000","30,595,000","26,017,000","32,376,000","28,775,000","36,530,000","36,842,000","42,571,000","43,293,000","45,421,000","40,016,000","41,787,000","42,534,000","43,814,000","42,011,000","39,738,000","40,288,000","37,157,000","35,827,000","34,859,000","36,458,000","43,546,000","37,624,000","35,921,000","40,397,000","42,637,000","50,951,000","50,814,000","47,603,000","48,708,000","45,544,000","47,096,000","47,611,000","44,914,000","-119,770,000","98,649,000","98,969,000","96,497,000","92,223,000","87,845,000","80,771,000","74,183,000","63,869,000","65,281,000","61,329,000","60,962,000","57,145,000","56,624,000","55,436,000","57,904,000","66,606,000","58,107,000","56,714,000","54,116,000","50,472,000","45,867,000","44,135,000","39,539,000","35,444,000","33,573,000","32,020,000","30,756,000","18,094,000","28,863,000","27,795,000","27,686,000","26,395,000","25,517,000","24,770,000","23,662,000","21,979,000","21,825,000","21,609,000","19,949,000","18,379,000","18,639,000","18,043,000","18,686,000","20,990,000","19,611,000","16,795,000","17,784,000","-65,505,000","43,087,000","40,407,000","34,636,000","32,200,000","30,100,000","27,400,000","27,400,000","32,200,000","31,200,000","31,800,000","35,200,000","34,900,000","33,000,000","33,600,000","29,700,000","30,900,000","25,000,000","25,600,000","24,100,000","21,100,000","20,700,000","20,400,000","21,500,000","21,100,000","20,600,000","18,700,000","17,900,000","18,400,000","18,700,000","17,500,000","16,900,000","54,300,000","1,400,000","14,300,000","14,100,000","15,500,000","15,400,000","15,500,000","15,700,000","16,400,000","15,500,000","15,500,000","15,200,000","16,300,000","14,000,000","12,500,000",,,,,,,,,,,,,,
	SellingGeneralAndAdministration,"129,217,000","36,240,000","32,128,000","31,446,000","29,403,000","30,595,000","26,017,000","32,376,000","28,775,000","36,530,000","36,842,000","42,571,000","43,293,000","45,421,000","40,016,000","41,787,000","42,534,000","43,814,000","42,011,000","39,738,000","40,288,000","37,157,000","35,827,000","34,859,000","36,458,000","43,546,000","37,624,000","35,921,000","40,397,000","42,637,000","50,951,000","50,814,000","47,603,000","48,708,000","45,544,000","47,096,000","47,611,000","44,914,000","44,691,000","43,016,000","43,115,000","44,927,000","42,083,000","37,190,000","35,956,000","36,057,000","31,429,000","33,095,000","29,478,000","27,837,000","23,851,000","22,843,000","23,372,000","27,606,000","30,153,000","29,660,000","29,010,000","28,317,000","28,571,000","26,327,000","27,077,000","25,825,000","24,096,000","23,480,000","22,392,000","21,083,000","19,884,000","19,000,000","18,188,000","18,406,000","17,658,000","16,921,000","16,166,000","15,126,000","13,669,000","13,438,000","13,208,000","11,953,000","10,621,000","10,685,000","10,237,000","10,962,000","13,580,000","12,820,000","11,114,000","12,232,000","-68,665,000","37,963,000","35,123,000","30,209,000","27,700,000","25,300,000","23,200,000","23,400,000","27,200,000","27,100,000","28,100,000","31,600,000","30,800,000","29,500,000","30,500,000","26,900,000","27,700,000","22,700,000","23,300,000","22,100,000","18,700,000","19,000,000","18,700,000","19,900,000","19,500,000","19,000,000","17,100,000","16,400,000","16,500,000","17,300,000","16,100,000","15,400,000",,,"13,000,000","12,800,000","14,200,000","14,100,000","14,200,000","14,400,000","15,200,000","14,400,000","14,400,000","14,100,000","15,300,000","13,100,000","11,400,000",,,,,,,,,,,,,,
	DepreciationAmortizationDepletionIncomeStatement,,,,,,"17,773,000","18,009,000","18,655,000","19,573,000","39,293,000","40,322,000","44,701,000","42,881,000","42,505,000","42,553,000","42,993,000","40,094,000","37,480,000","38,024,000","39,587,000","41,263,000","44,663,000","48,367,000","51,975,000","56,280,000","60,636,000","66,153,000","69,047,000","69,801,000","65,976,000","61,572,000","57,219,000","56,517,000","55,505,000","54,329,000","53,211,000","52,767,000","52,821,000","55,297,000","54,082,000","53,950,000","51,570,000","48,999,000","46,476,000","44,893,000","39,537,000","34,624,000","33,091,000","33,384,000","32,261,000","32,895,000","33,289,000","32,376,000","32,020,000","31,455,000","30,445,000","29,177,000","27,326,000","23,702,000","20,846,000","18,695,000","15,263,000","12,837,000","11,572,000","11,597,000","10,705,000","10,379,000","9,863,000","9,607,000","9,280,000","8,737,000","8,596,000","8,604,000","8,536,000","8,310,000","8,387,000","8,401,000","7,996,000","7,758,000","7,954,000","7,806,000","7,724,000","7,410,000","6,791,000","5,681,000","5,552,000","3,160,000","5,124,000","5,284,000","4,427,000","4,500,000","4,800,000","4,200,000","4,000,000","5,000,000","4,100,000","3,700,000","3,600,000","4,100,000","3,500,000","3,100,000","2,800,000","3,200,000","2,300,000","2,300,000","2,000,000","2,400,000","1,700,000","1,700,000","1,600,000","1,600,000","1,600,000","1,600,000","1,500,000","1,900,000","1,400,000","1,400,000","1,500,000","1,900,000","1,400,000","1,300,000","1,300,000","1,300,000","1,300,000","1,300,000","1,300,000","1,200,000","1,100,000","1,100,000","1,100,000","1,000,000","900,000","1,100,000",,,,,,,,,,,,,,
		DepreciationAndAmortizationInIncomeStatement,,,,,,"17,773,000","18,009,000","18,655,000","19,573,000","39,293,000","40,322,000","44,701,000","42,881,000","42,505,000","42,553,000","42,993,000","40,094,000","37,480,000","38,024,000","39,587,000","41,263,000","44,663,000","48,367,000","51,975,000","56,280,000","60,636,000","66,153,000","69,047,000","69,801,000","65,976,000","61,572,000","57,219,000","56,517,000","55,505,000","54,329,000","53,211,000","52,767,000","52,821,000","55,297,000","54,082,000","53,950,000","51,570,000","48,999,000","46,476,000","44,893,000","39,537,000","34,624,000","33,091,000","33,384,000","32,261,000","32,895,000","33,289,000","32,376,000","32,020,000","31,455,000","30,445,000","29,177,000","27,326,000","23,702,000","20,846,000","18,695,000","15,263,000","12,837,000","11,572,000","11,597,000","10,705,000","10,379,000","9,863,000","9,607,000","9,280,000","8,737,000","8,596,000","8,604,000","8,536,000","8,310,000","8,387,000","8,401,000","7,996,000","7,758,000","7,954,000","7,806,000","7,724,000","7,410,000","6,791,000","5,681,000","5,552,000","3,160,000","5,124,000","5,284,000","4,427,000","4,500,000","4,800,000","4,200,000","4,000,000","5,000,000","4,100,000","3,700,000","3,600,000","4,100,000","3,500,000","3,100,000","2,800,000","3,200,000","2,300,000","2,300,000","2,000,000","2,400,000","1,700,000","1,700,000","1,600,000","1,600,000","1,600,000","1,600,000","1,500,000","1,900,000","1,400,000","1,400,000","1,500,000","1,900,000","1,400,000","1,300,000","1,300,000","1,300,000","1,300,000","1,300,000","1,300,000","1,200,000","1,100,000","1,100,000","1,100,000","1,000,000","900,000","1,100,000",,,,,,,,,,,,,,
	OtherOperatingExpenses,"17,218,000",,,,,,,,,,"1,265,000","15,953,000",,,,,,,,,,,,,,,,,,,,,,,,,,,,"1,551,000","1,904,000","1,404,000","1,141,000","4,179,000","-78,000","-1,411,000","-2,184,000","-905,000","-1,533,000","864,000","399,000","492,000","-312,000","-1,722,000",,"-1,998,000","-1,473,000","-1,527,000","-1,801,000","-1,306,000","-1,637,000","-1,549,000","-1,489,000","-1,479,000","-1,969,000","-1,032,000",,,,,,,,,,,,,,,,,,,,,,,,,,,,,,,,,,,,,,,,,,,,,,,,,,,,,,,,,,,,,,,,,,,,,,,,,,,,,,,,,
OperatingIncome,"37,471,000","20,081,000","16,584,000","5,137,000","-4,331,000","-11,981,000","-13,275,000","-35,315,000","-39,085,000","-13,990,000","-18,049,000","-19,262,000","7,254,000","-5,665,000","19,765,000","54,267,000","73,219,000","59,435,000","61,533,000","96,854,000","63,243,000","57,000","-36,217,000","-57,565,000","-76,737,000","-76,343,000","-53,133,000","-47,684,000","-54,255,000","5,212,000","129,197,000","114,345,000","104,436,000","67,464,000","68,208,000","87,107,000","69,610,000","59,859,000","95,406,000","102,368,000","119,858,000","132,261,000","122,034,000","134,454,000","119,267,000","106,326,000","89,798,000","74,390,000","52,089,000","22,568,000","-7,044,000","-14,907,000","-19,498,000","8,397,000","30,330,000","44,232,000","37,800,000","25,441,000","34,685,000","24,663,000","38,705,000","43,985,000","47,308,000","46,625,000","44,350,000","39,517,000","39,562,000","25,514,000","18,404,000","14,233,000","12,118,000","12,971,000","11,467,000","9,233,000","4,772,000","3,937,000","6,865,000","825,000","-1,432,000","-1,660,000","-3,122,000","-1,866,000","-1,566,000","16,201,000","15,666,000","10,887,000","-3,291,000","12,676,000","7,901,000","7,248,000","4,000,000","1,700,000","4,100,000","1,600,000","-100,000","5,400,000","9,900,000","8,600,000","9,500,000","7,700,000","8,400,000","6,100,000","5,100,000","3,900,000","4,300,000","4,800,000","4,300,000","2,900,000","3,500,000","3,400,000","3,300,000","2,300,000","3,000,000","3,000,000","2,500,000","1,600,000","2,100,000","2,500,000","2,200,000","300,000","1,500,000","-100,000","1,900,000","1,300,000","1,400,000","1,800,000","2,200,000","2,400,000","2,500,000","1,800,000","400,000","2,600,000","2,800,000","27,500,000","58,600,000","-68,300,000","27,900,000","25,800,000","20,200,000","-49,800,000","19,000,000","13,900,000","6,400,000","-72,300,000","14,800,000","19,200,000","19,500,000"
NetNonOperatingInterestIncomeExpense,"-1,671,000","-163,000","-154,000","-1,265,000","-89,000","-362,000","-51,000","-44,000","-3,000","221,000","257,000","174,000","430,000","711,000","662,000","633,000","345,000","297,000","362,000","383,000","297,000","26,000","56,000","54,000","-22,000","-302,000","-638,000","-245,000","-381,000","-685,000","-584,000","-452,000","-43,000","-333,000","89,000","-275,000","-882,000","-335,000","-284,000","-425,000","-646,000","-591,000","-487,000","-878,000","-995,000","-1,075,000","-912,000","-693,000","-493,000","-518,000","-501,000","-492,000","-475,000","-561,000",,,,,,,,,,,,,,,,,,,,,,,,,,,,,,,,,,,,,,,,,,,,,,,,,,,,,,,,,,,,,,,,,,,,,,,,,,,,,,,,,,,,,,,,,,,,,
	InterestIncomeNonOperating,"56,000","15,000","12,000","15,000","14,000","18,000","65,000","29,000","68,000","334,000","330,000","182,000","594,000","800,000","783,000","783,000","458,000","402,000","466,000","488,000","411,000","129,000","171,000","169,000","104,000","23,000","63,000","5,000","9,000","6,000","5,000","4,000","6,000","4,000","346,000","8,000","60,000","5,000","5,000","16,000","4,000","5,000","2,000","9,000","3,000","4,000","0","14,000","9,000","23,000","21,000","41,000","52,000","33,000",,,,,,,,,,,,,,,,,,,,,,,,,,,,,,,,,,,,,,,,,,,,,,,,,,,,,,,,,,,,,,,,,,,,,,,,,,,,,,,,,,,,,,,,,,,,,
	InterestExpenseNonOperating,"1,727,000","178,000","166,000","1,280,000","103,000","380,000","116,000","73,000","71,000","113,000","73,000","8,000","164,000","89,000","121,000","150,000","113,000","105,000","104,000","105,000","114,000","103,000","115,000","115,000","126,000","325,000","701,000","250,000","390,000","691,000","589,000","456,000","49,000","337,000","257,000","283,000","942,000","340,000","289,000","441,000","650,000","596,000","489,000","887,000","998,000","1,079,000","912,000","707,000","502,000","541,000","522,000","533,000","527,000","594,000",,,,,,,,,,,,,,,,,,,,,,,,,,,,,,,,,,,,,,,,,,,,,,,,,,,,,,,,,,,,,,,,,,,,,,,,,,,,,,,,,,,,,,,,,,,,,
OtherIncomeExpense,"14,400,000","3,458,000","3,930,000","3,285,000","3,727,000","1,967,000","-7,270,000","4,332,000","74,000","-205,025,000","-9,666,000","-74,314,000","1,080,000","3,949,000","-588,000","573,000","5,914,000","6,758,000","1,496,000","1,067,000","5,769,000","1,729,000","3,523,000","1,234,000","1,361,000","1,598,000","-4,019,000","-6,010,000","2,050,000","6,747,000","-3,780,000","-8,138,000","-574,000","-2,152,000","-3,089,000","11,000","-1,948,000","-2,085,000","-5,068,000","1,104,000","-880,000","-484,000","751,000","-906,000","-10,000","334,000","747,000","441,000","-288,000",,"229,000","602,000","608,000","143,000","-5,916,000","1,642,000","1,578,000","1,520,000","2,082,000","1,506,000","2,164,000","2,446,000","1,874,000","1,799,000","2,088,000","1,293,000","252,000","11,120,000","978,000","1,896,000","5,158,000","1,555,000","620,000","149,000","577,000","264,000","801,000","-318,000",,,,,,,,,,,,"6,817,000",,,"500,000","400,000","300,000","600,000","600,000","500,000","700,000","600,000","600,000","500,000","700,000","500,000","400,000","400,000","600,000","600,000","500,000","500,000","500,000","400,000","400,000","300,000","400,000","300,000","400,000","400,000","300,000","400,000","500,000","400,000","500,000","500,000","500,000","500,000","500,000","600,000","600,000","500,000",,,,,,,,,,,,,,,,,
	SpecialIncomeCharges,"12,376,000","2,954,000","3,474,000","2,837,000","3,111,000","1,460,000","-3,711,000","3,563,000","1,555,000","-204,717,000","-9,826,000","-73,377,000","1,133,000","3,504,000","-115,000","286,000","1,810,000","1,363,000","-1,249,000","503,000","3,759,000","1,517,000","4,001,000","1,148,000","1,515,000","1,256,000","-5,302,000","-3,791,000","1,718,000","958,000","-4,151,000","-7,684,000","-1,405,000","-2,232,000","-3,706,000","-1,268,000","-1,757,000","-2,640,000","-7,243,000","1,104,000","-880,000","-484,000","751,000","-906,000","-10,000","334,000","747,000","441,000","-288,000",,"229,000","602,000","608,000","143,000","-5,916,000","1,642,000","1,578,000","1,520,000","2,082,000","1,506,000","2,164,000","2,446,000","1,874,000","1,799,000","2,088,000","1,293,000","252,000","11,120,000","978,000","1,896,000","5,158,000","1,555,000","620,000","149,000","577,000","264,000","801,000","-318,000",,,,,,,,,,,,"6,817,000",,,"500,000","400,000","300,000","600,000","600,000","500,000","700,000","600,000","600,000","500,000","700,000","500,000","400,000","400,000","600,000","600,000","500,000","500,000","500,000","400,000","400,000","300,000","400,000","300,000","400,000","400,000","300,000","400,000","500,000","400,000","500,000","500,000","500,000","500,000","500,000","600,000","600,000","500,000",,,,,,,,,,,,,,,,,
		RestructuringAndMergernAcquisition,,,,,,"0","0","0",,"395,000","4,480,000","1,268,000",,,,,,,,,,,,,,,,,,,,,,,,,,,,,,,,,,,,,,,,,,,,,,,,,,,,,,,,,,,,,,,,,,,,,,,,,,,,,,,,,,,,,,,,,,,,,,,,,,,,,,,,,,,,,,,,,,,,,,,,,,,,,,,,,,,,,,,
		ImpairmentOfCapitalAssets,,,,,,"0","0","0",,"204,765,000",,,,,,,,,,,,,,,,,,,,,,,,,,,,,,,,,,,,,,,,,,,,,,,,,,,,,,,,,,,,,,,,,,,,,,,,,,,,,,,,,,,,,,,,,,,,,,,,,,,,,,,,,,,,,,,,,,,,,,,,,,,,,,,,,,,,,,,,,
		WriteOff,,,"0","0","0","0","-318,000","0","1,639,000","376,000","3,592,000","19,854,000",,,,,,,,,,,,,,,,,,,,,,,,,,,,,,,,,,,,,,,,,,,,,,,,,,,,,,,,,,,,,,,,,,,,,,,,,,,,,,,,,,,,,,,,,,,,,,,,,,,,,,,,,,,,,,,,,,,,,,,,,,,,,,,,,,,,,,,
		OtherSpecialCharges,,,,,,,,,,,"1,265,000","15,953,000",,,,,,,,,,,,,,,,,,,,,,,,,,,,,,,,,,,,,,,,,,,,,,,,,,,,,,,,,,,,,,,,,,,,,,,,,,,,,,,,,,,,,,,,,,,,,,,,,,,,,,,,,,,,,,,,,,,,,,,,,,,,,,,,,,,,,,,
		GainOnSaleOfPPE,"12,376,000","2,954,000","3,474,000","2,837,000","3,111,000","1,460,000","-4,029,000","3,563,000","3,194,000","819,000","-489,000","-36,302,000","1,133,000","3,504,000","-115,000","286,000","1,810,000","1,363,000","-1,249,000","503,000","3,759,000","1,517,000","4,001,000","1,148,000","1,515,000","1,256,000","-5,302,000","-3,791,000","1,718,000","958,000","-4,151,000","-7,684,000","-1,405,000","-2,232,000","-3,706,000","-1,268,000","-1,757,000","-2,640,000","-1,240,000",,,,,,,,,,,,,,,,,,,,,,,,,,,,,,,,,,,,,,,,,,,,,,,,,,,,,,,,,,,,,,,,,,,,,,,,,,,,,,,,,,,,,,,,,,,,,,,,,,,,,,,,,,,,
	OtherNonOperatingIncomeExpenses,"2,024,000","504,000","456,000","448,000","616,000","507,000","-3,559,000","769,000","-1,481,000","-308,000","160,000","-937,000","-53,000","445,000","-473,000","287,000","4,104,000","5,395,000","2,745,000","564,000","2,010,000","212,000","-478,000","86,000","-154,000","342,000","1,283,000","-2,219,000","332,000","5,789,000","371,000","-454,000","831,000","80,000","617,000","1,279,000","-191,000","555,000","1,031,000",,,,,,,,,,,,,,,,,,,,,,,,,,,,,,,,,,,,,,,,,,,,,,,,,,,,,,,,,,,,,,,,,,,,,,,,,,,,,,,,,,,,,,,,,,,,,,,,,,,,,,,,,,,,
PretaxIncome,"50,200,000","23,376,000","20,360,000","7,157,000","-693,000","-10,376,000","-20,596,000","-31,027,000","-39,014,000","-218,794,000","-27,458,000","-93,402,000","8,764,000","-1,005,000","19,839,000","55,473,000","79,478,000","66,490,000","63,391,000","98,304,000","69,309,000","1,812,000","-32,638,000","-56,277,000","-75,398,000","-75,047,000","-57,790,000","-53,939,000","-52,586,000","11,274,000","124,833,000","105,755,000","103,819,000","64,979,000","65,208,000","86,843,000","66,780,000","57,439,000","90,054,000","103,047,000","118,332,000","131,186,000","122,298,000","132,670,000","118,262,000","105,585,000","89,633,000","74,138,000","51,308,000","22,453,000","-7,316,000","-14,797,000","-19,365,000","7,979,000","34,469,000","42,652,000","36,679,000","23,985,000","33,321,000","23,489,000","38,878,000","44,146,000","47,396,000","46,958,000","44,563,000","39,931,000","28,294,000","36,765,000","19,460,000","16,221,000","17,283,000","14,509,000","12,054,000","9,357,000","5,333,000","4,156,000","7,589,000","492,000","-1,444,000","-1,677,000","-3,151,000","-1,882,000","-1,670,000","16,063,000","15,650,000","11,080,000","-9,898,000","13,092,000","8,342,000","14,441,000","4,300,000","2,300,000","4,700,000","2,000,000","300,000","6,100,000","10,300,000","9,200,000","10,100,000","8,300,000","9,000,000","6,600,000","5,900,000","4,400,000","4,800,000","5,300,000","4,900,000","3,400,000","4,000,000","4,000,000","3,900,000","2,800,000","3,300,000","3,300,000","2,900,000","1,800,000","2,500,000","2,800,000","2,500,000","600,000","1,900,000","200,000","2,300,000","1,700,000","1,900,000","2,300,000","2,800,000","2,900,000","3,200,000","2,400,000","2,400,000","2,600,000","2,800,000",,,,,,,,,,,,,,
TaxProvision,"18,242,000","8,297,000","8,021,000","1,891,000","33,000","-714,000","-10,357,000","-14,590,000","-13,921,000","-58,371,000","-4,096,000","-24,221,000","2,593,000","-266,000","6,477,000","5,506,000","19,535,000","14,360,000","5,688,000","40,970,000","25,469,000","-1,822,000","-11,531,000","-17,335,000","-26,712,000","-42,536,000","-19,909,000","-18,766,000","-18,531,000","3,726,000","47,196,000","40,870,000","40,536,000","25,591,000","27,565,000","33,083,000","26,364,000","22,363,000","34,673,000","37,007,000","46,072,000","50,431,000","47,717,000","49,559,000","45,097,000","40,061,000","34,162,000","27,869,000","19,706,000","9,053,000","-2,114,000","-4,412,000","-7,741,000","3,513,000","14,061,000","16,872,000","14,221,000","9,228,000","13,025,000","8,596,000","15,063,000","16,101,000","17,886,000","18,188,000","16,949,000","15,031,000","6,754,000","13,658,000","7,550,000","6,294,000","6,022,000","4,272,000","4,580,000","3,556,000","2,027,000","1,579,000","2,884,000","187,000","-344,000","-637,000","-1,198,000","-715,000","-634,000","6,104,000","5,947,000","4,210,000","-3,782,000","4,975,000","3,170,000","5,487,000","1,600,000","900,000","1,800,000","800,000","100,000","2,300,000","3,900,000","3,500,000","3,500,000","2,900,000","3,100,000","2,300,000","2,000,000","1,600,000","1,600,000","1,800,000","1,500,000","1,100,000","1,400,000","1,400,000","1,100,000","1,000,000","1,200,000","1,200,000","800,000","600,000","900,000","1,000,000","1,000,000","200,000","700,000","100,000","800,000","600,000","700,000","800,000","1,000,000","1,000,000","1,200,000","900,000","1,000,000","1,000,000","1,200,000",,,,,,,,,,,,,,
NetIncomeCommonStockholders,"31,661,000","14,871,000","12,250,000","5,225,000","-726,000","-9,662,000","-10,239,000","-16,437,000","-25,093,000","-160,423,000","-23,362,000","-69,181,000","6,062,000","-964,000","13,314,000","49,439,000","59,270,000","51,539,000","56,993,000","56,602,000","43,248,000","3,583,000","-21,254,000","-38,942,000","-48,686,000","-32,511,000","-37,881,000","-35,173,000","-34,055,000","7,548,000","77,637,000","64,885,000","63,283,000","39,388,000","37,643,000","53,760,000","40,416,000","35,076,000","55,381,000","66,040,000","72,260,000","80,755,000","74,581,000","83,111,000","73,165,000","65,524,000","55,471,000","46,269,000","31,602,000","13,400,000","-5,202,000","-10,385,000","-11,624,000","4,466,000","20,408,000","25,780,000","22,458,000","14,757,000","20,296,000","14,893,000","23,815,000","28,045,000","29,510,000","28,770,000","27,614,000","24,900,000","21,540,000","23,107,000","11,910,000","9,927,000","11,261,000","10,237,000","7,474,000","5,801,000","3,306,000","2,577,000","4,705,000","305,000","-1,100,000","-1,040,000","-1,953,000","-1,167,000","-1,036,000","9,959,000","9,703,000","8,356,000","7,845,000","8,117,000","5,172,000","8,954,000","2,700,000","1,400,000","2,900,000","1,200,000","200,000","3,800,000","6,400,000","5,700,000","6,600,000","5,400,000","5,900,000","4,300,000","3,900,000","2,800,000","3,200,000","3,500,000","3,400,000","2,300,000","2,600,000","2,600,000","2,800,000","1,800,000","2,100,000","2,100,000","2,100,000","1,200,000","1,600,000","2,000,000","1,500,000","400,000","1,900,000","200,000","1,500,000","1,100,000","1,200,000","1,500,000","1,800,000","1,900,000","2,000,000","1,500,000","1,400,000","1,600,000","1,600,000",,,,,,,,,,,,,,
	NetIncome,"31,958,000","15,079,000","12,339,000","5,266,000","-726,000","-9,662,000","-10,239,000","-16,437,000","-25,093,000","-160,423,000","-23,362,000","-69,181,000","6,171,000","-739,000","13,362,000","49,967,000","59,943,000","52,130,000","57,703,000","57,334,000","43,840,000","3,634,000","-21,107,000","-38,942,000","-48,686,000","-32,511,000","-37,881,000","-35,173,000","-34,055,000","7,548,000","77,637,000","64,885,000","63,283,000","39,388,000","37,643,000","53,760,000","40,416,000","35,076,000","55,381,000","66,040,000","72,260,000","80,755,000","74,581,000","83,111,000","73,165,000","65,524,000","55,471,000","46,269,000","31,602,000","13,400,000","-5,202,000","-10,385,000","-11,624,000","4,466,000","20,408,000","25,780,000","22,458,000","14,757,000","20,296,000","14,893,000","23,815,000","28,045,000","29,510,000","28,770,000","27,614,000","24,900,000","21,540,000","23,107,000","11,910,000","9,927,000","11,261,000","10,237,000","7,474,000","5,801,000","3,306,000","2,577,000","4,705,000","305,000","-1,100,000","-1,040,000","-1,953,000","-1,167,000","-1,036,000","9,959,000","9,703,000","8,356,000","7,845,000","8,117,000","5,172,000","8,954,000","2,700,000","1,400,000","2,900,000","1,200,000","200,000","3,800,000","6,400,000","5,700,000","6,600,000","5,400,000","5,900,000","4,300,000","3,900,000","2,800,000","3,200,000","3,500,000","3,400,000","2,300,000","2,600,000","2,600,000","2,800,000","1,800,000","2,100,000","2,100,000","2,100,000","1,200,000","1,600,000","2,000,000","1,500,000","400,000","1,900,000","200,000","1,500,000","1,100,000","1,200,000","1,500,000","1,800,000","1,900,000","2,000,000","1,500,000","1,400,000","1,600,000","1,600,000",,,,,,,,,,,,,,
		NetIncomeIncludingNoncontrollingInterests,"31,958,000","15,079,000","12,339,000","5,266,000","-726,000","-9,662,000","-10,239,000","-16,437,000","-25,093,000","-160,423,000","-23,362,000","-69,181,000","6,171,000","-739,000","13,362,000","49,967,000","59,943,000","52,130,000","57,703,000","57,334,000","43,840,000","3,634,000","-21,107,000","-38,942,000","-48,686,000","-32,511,000","-37,881,000","-35,173,000","-34,055,000","7,548,000","77,637,000","64,885,000","63,283,000","39,388,000","37,643,000","53,760,000","40,416,000","35,076,000","55,381,000","66,040,000","72,260,000","80,755,000","74,581,000","83,111,000","73,165,000","65,524,000","55,471,000","46,269,000","31,602,000","13,400,000","-5,202,000","-10,385,000","-11,624,000","4,466,000","20,408,000","25,780,000","22,458,000","14,757,000","20,296,000","14,893,000","23,815,000","28,045,000","29,510,000","28,770,000","27,614,000","24,900,000","21,540,000","23,107,000","11,910,000","9,927,000","11,261,000","10,237,000","7,474,000","5,801,000","3,306,000","2,577,000","4,705,000","305,000","-1,100,000","-1,040,000","-1,953,000","-1,167,000","-1,036,000","9,959,000","9,703,000","8,356,000","7,845,000","8,117,000","5,172,000","8,954,000","2,700,000","1,400,000","2,900,000","1,200,000","200,000","3,800,000","6,400,000","5,700,000","6,600,000","5,400,000","5,900,000","4,300,000","3,900,000","2,800,000","3,200,000","3,500,000","3,400,000","2,300,000","2,600,000","2,600,000","2,800,000","1,800,000","2,100,000","2,100,000","2,100,000","1,200,000","1,600,000","2,000,000","1,500,000","400,000","1,900,000","200,000","1,500,000","1,100,000","1,200,000","1,500,000","1,800,000","1,900,000","2,000,000","1,500,000","1,400,000","1,600,000","1,600,000","1,200,000","2,400,000","1,200,000","1,100,000","900,000","100,000","-2,600,000","-2,300,000","-1,900,000","-4,200,000","-33,900,000","-2,900,000","-1,500,000","-2,600,000"
			NetIncomeContinuousOperations,"31,958,000","15,079,000","12,339,000","5,266,000","-726,000","-9,662,000","-10,239,000","-16,437,000","-25,093,000","-160,423,000","-23,362,000","-69,181,000","6,171,000","-739,000","13,362,000","49,967,000","59,943,000","52,130,000","57,703,000","57,334,000","43,840,000","3,634,000","-21,107,000","-38,942,000","-48,686,000","-32,511,000","-37,881,000","-35,173,000","-34,055,000","7,548,000","77,637,000","64,885,000","63,283,000","39,388,000","37,643,000","53,760,000","40,416,000","35,076,000","55,381,000","66,040,000","72,260,000","80,755,000","74,581,000","83,111,000","73,165,000","65,524,000","55,471,000","46,269,000","31,602,000","13,400,000","-5,202,000","-10,385,000","-11,624,000","4,466,000","20,408,000","25,780,000","22,458,000","14,757,000","20,296,000","14,893,000","23,815,000","28,045,000","29,510,000","28,770,000","27,614,000","24,900,000","21,540,000","23,107,000","11,910,000","9,927,000","11,261,000","10,237,000","7,474,000","5,801,000","3,306,000","2,577,000","4,705,000","305,000","-1,100,000","-1,040,000","-1,953,000","-1,167,000","-1,036,000","9,959,000","9,703,000","6,870,000","-6,116,000","8,117,000","5,172,000","8,954,000","2,700,000","1,400,000","2,900,000","1,200,000","200,000","3,800,000","6,400,000","5,700,000","6,600,000","5,400,000","5,900,000","4,300,000","3,900,000","2,800,000","3,200,000","3,500,000","3,400,000","2,300,000","2,600,000","2,600,000","2,800,000","1,800,000","2,100,000","2,100,000","2,100,000","1,200,000","1,600,000","1,800,000","1,500,000","400,000","1,200,000","100,000","1,500,000","1,100,000","1,200,000","1,500,000","1,800,000","1,900,000","2,000,000","1,500,000","1,400,000","1,600,000","1,600,000","1,200,000","2,400,000","1,200,000","1,100,000","900,000","100,000","-2,600,000","-2,300,000","-1,900,000","-4,200,000","-33,900,000","-2,900,000","-1,500,000","-2,600,000"
			NetIncomeDiscontinuousOperations,,,,,,,,,,,,,,,,,,,,,,,,,,,,,,,,,,,,,,,,,,,,,,,,,,,,,,,,,,,,,,,,,,,,,,,,,,,,,,,,,,,"0",,,"1,486,000",,,,,,,,,,,,,,,,,,,,,,,,,,,,,,,,,,,,,,,,,,,,,,,,,,,,,,,,,,,,,
			NetIncomeExtraordinary,,,,,,,,,,,,,,,,,,,,,,,,,,,,,,,,,,,,,,,,,,,,,,,,,,,,,,,,,,,,,,,,,,,,,,,,,,,,,,,,,,,,,,,,,,,,,,,,,,,,,,,,,,,,,,,,,,,"0",,,"200,000",,,,,,,,,,,,,,,,,,,,,,,,,,,,,
			NetIncomeFromTaxLossCarryforward,,,,,,,,,,,,,,,,,,,,,,,,,,,,,,,,,,,,,,,,,,,,,,,,,,,,,,,,,,,,,,,,,,,,,,,,,,,,,,,,,,,,,,,,,,,,,,,,,,,,,,,,,,,,,,,,,,,,,,,"0",,"700,000","100,000",,,,,,,,,,,,,,,,,,,,,,,,,
	OtherunderPreferredStockDividend,"297,000","208,000","89,000","41,000",,,,,,"0","0","0","109,000","225,000","48,000","528,000","673,000","591,000","710,000","732,000","592,000","51,000","147,000","0","0","0",,,,,,,,,,,,,,,,,,,,,,,,,,,,,,,,,,,,,,,,,,,,,,,,,,,,,,,,,,,,,,,,,,,,,,,,,,,,,,,,,,,,,,,,,,,,,,,,,,,,,,,,,,,,,,,,,,,,,,,,,
DilutedNIAvailtoComStockholders,"31,661,000","14,871,000","12,250,000","5,225,000","-726,000","-9,662,000","-10,239,000","-16,437,000","-25,093,000","-160,423,000","-23,362,000","-69,181,000","6,062,000","-964,000","13,314,000","49,439,000","59,270,000","51,539,000","56,993,000","56,602,000","43,248,000","3,583,000","-21,254,000","-38,942,000","-48,686,000","-32,511,000","-37,881,000","-35,173,000","-34,055,000","7,548,000","77,637,000","64,885,000","63,283,000","39,388,000","37,643,000","53,760,000","40,416,000","35,076,000","55,381,000","66,040,000","72,260,000","80,755,000","74,581,000","83,111,000","73,165,000","65,524,000","55,471,000","46,269,000","31,602,000","13,400,000","-5,202,000","-10,385,000","-11,624,000","4,466,000","20,408,000","25,780,000","22,458,000","14,757,000","20,296,000","14,893,000","23,815,000","28,045,000","29,510,000","28,770,000","27,614,000","24,900,000","21,540,000","23,107,000","11,910,000","9,927,000","11,261,000","10,237,000","7,474,000","5,801,000","3,306,000","2,577,000","4,705,000","305,000","-1,100,000","-1,040,000","-1,953,000","-1,167,000","-1,036,000","9,959,000","9,703,000","8,356,000","7,845,000","8,117,000","5,172,000","8,954,000","2,700,000","1,400,000","2,900,000","1,200,000","200,000","3,800,000","6,400,000","5,700,000","6,600,000","5,400,000","5,900,000","4,300,000","3,900,000","2,800,000","3,200,000","3,500,000","3,400,000","2,300,000","2,600,000","2,600,000","2,800,000","1,800,000","2,100,000","2,100,000","2,100,000","1,200,000","1,600,000","2,000,000","1,500,000","400,000","1,900,000","200,000","1,500,000","1,100,000","1,200,000","1,500,000","1,800,000","1,900,000","2,000,000","1,500,000","1,400,000","1,600,000","1,600,000",,,,,,,,,,,,,,
BasicEPS,,"0.07","0.06","0.02","-0.003","-0.05","-0.05","-0.08","-0.12","-0.76","-0.11","-0.33","0.03","-0.003","0.06","0.23","0.28","0.24","0.27","0.26","0.2","0.02","-0.1","-0.18","-0.23","-0.15","-0.18","-0.16","-0.16","0.04","0.36","0.3","0.29","0.18","0.18","0.25","0.19","0.16","0.26","0.31","0.34","0.37",,"0.38","0.333","0.3",,"0.213","0.147","0.062",,"-0.049","-0.053","0.022",,"0.12","0.102","0.067",,"0.067","0.111","0.129",,"0.133","0.127","0.116",,"0.109","0.055","0.045",,"0.047","0.034","0.028",,"0.012","0.022","0.001",,"-0.005","-0.009","-0.005",,"0.046","0.046","0.04",,"0.038","0.025","0.042",,"0.007","0.013","0.005",,"0.017","0.029","0.025",,"0.025","0.026","0.02",,"0.013","0.015","0.016",,"0.011","0.012","0.012",,"0.008","0.011","0.011",,"0.005","0.008","0.011",,"0.003","0.011","0.001",,"0.005","0.007","0.007",,"0.009","0.009","0.007",,"0.008","0.008","0.005","0.011",,"0.005","0.004","0.001",,"-0.011","-0.009","-0.02",,"-0.013","-0.007","-0.012"
DilutedEPS,,"0.07","0.06","0.02","-0.003","-0.05","-0.05","-0.08","-0.12","-0.76","-0.11","-0.33","0.03","-0.003","0.06","0.23","0.28","0.24","0.27","0.26","0.2","0.02","-0.1","-0.18","-0.23","-0.15","-0.18","-0.16","-0.16","0.04","0.36","0.3","0.29","0.18","0.17","0.25","0.19","0.16","0.26","0.3","0.33","0.37",,"0.38","0.333","0.3",,"0.209","0.142","0.062",,"-0.049","-0.053","0.022",,"0.116","0.102","0.067",,"0.067","0.107","0.129",,"0.13","0.124","0.113",,"0.105","0.053","0.045",,"0.046","0.034","0.026",,"0.012","0.021","0.001",,"-0.005","-0.009","-0.005",,"0.046","0.045","0.038",,"0.038","0.024","0.042",,"0.007","0.013","0.005",,"0.017","0.029","0.025",,"0.024","0.026","0.02",,"0.013","0.015","0.016",,"0.011","0.012","0.012",,"0.008","0.011","0.011",,"0.005","0.008","0.011",,"0.003","0.011","0.001",,"0.005","0.007","0.007",,"0.009","0.009","0.007",,"0.008","0.008","0.005","0.011",,"0.005","0.004","0.001",,"-0.011","-0.009","-0.02",,"-0.013","-0.007","-0.012"
BasicAverageShares,,"216,242,000","215,640,000","215,677,000","213,009,000","212,959,000","212,708,000","212,544,000","212,403,000","212,311,000","212,029,000","212,025,000","214,908,000","212,491,000","214,706,000","214,807,000","215,194,000","215,876,000","216,574,000","216,958,000","217,530,000","217,713,000","214,270,000","214,266,000","214,263,000","214,111,000","213,679,000","213,679,000","212,598,000","213,492,000","213,761,000","215,202,000","215,224,000","215,175,000","214,871,000","215,068,000","215,883,000","216,194,000","215,328,000","215,151,000","214,893,000","215,620,000",,"217,911,000","217,822,500","217,522,500",,"217,590,750","217,485,000","217,194,750",,"216,792,000","216,713,250","216,400,500",,"217,804,500","217,750,500","217,318,500",,"216,958,500","216,787,500","215,682,750",,"215,193,375","214,731,000","213,819,750",,"212,771,812","213,799,500","215,733,375",,"215,062,593","214,903,125","214,652,531",,"216,011,812","215,958,656","214,576,593",,"214,591,781","214,637,343","214,629,750",,"214,196,906","212,146,593","211,926,375",,"211,440,375","211,364,437","211,318,875",,"212,307,070","219,889,466","227,464,195",,"221,634,653","220,578,098","227,470,247",,"215,498,129","223,680,663","217,362,000",,"212,307,070","220,574,720","221,151,956",,"217,995,703","219,043,696","219,043,696",,"227,476,971","199,039,555","199,039,555",,"227,464,195","202,201,752","189,561,481",,"208,517,629","180,083,407","218,554,256",,"208,508,846","181,977,489","227,471,861",,"205,805,893","216,637,782","227,471,861",,"202,201,752","202,201,752","217,993,160","217,947,667",,"217,947,667","217,947,667","217,796,019",,"217,796,019","217,796,019","217,796,019",,"217,796,019","217,796,019","217,796,019"
DilutedAverageShares,,"216,242,000","215,640,000","215,677,000","213,009,000","212,959,000","212,708,000","212,544,000","212,403,000","212,311,000","212,029,000","212,025,000","214,908,000","212,491,000","214,706,000","214,807,000","215,194,000","215,876,000","216,574,000","216,958,000","217,530,000","217,713,000","214,270,000","214,266,000","214,263,000","214,111,000","213,679,000","213,679,000","212,598,000","213,585,000","214,519,000","216,334,000","216,238,000","216,214,000","216,269,000","216,142,000","216,695,000","217,525,000","216,662,000","216,645,000","216,127,000","217,350,000",,"220,299,000","220,263,000","220,545,000",,"220,135,500","219,188,250","219,260,250",,"216,792,000","216,713,250","217,640,250",,"221,022,000","220,770,000","220,704,750",,"221,087,250","221,508,000","221,368,500",,"221,173,875","221,926,500","222,179,625",,"220,492,125","220,330,125","222,917,062",,"219,565,687","218,791,125","218,046,937",,"219,284,718","219,087,281","217,614,093",,"214,591,781","214,637,343","214,629,750",,"218,001,375","216,209,250","216,285,187",,"214,994,250","214,584,187","213,566,625",,"212,307,070","219,889,466","227,464,195",,"221,634,653","220,578,098","227,470,247",,"227,472,713","223,680,663","217,362,000",,"212,307,070","220,574,720","221,151,956",,"217,995,703","219,043,696","219,043,696",,"227,476,971","199,039,555","199,039,555",,"227,464,195","202,201,752","189,561,481",,"208,517,629","180,083,407","218,554,256",,"208,508,846","181,977,489","227,471,861",,"205,805,893","216,637,782","227,471,861",,"202,201,752","202,201,752","217,993,160","217,947,667",,"217,947,667","217,947,667","217,796,019",,"217,796,019","217,796,019","217,796,019",,"217,796,019","217,796,019","217,796,019"
TotalOperatingIncomeAsReported,"49,847,000","23,035,000","20,058,000","7,974,000","-1,220,000","-10,521,000","-21,646,000","-31,752,000","-37,530,000","-218,707,000","-27,875,000","-92,639,000","8,387,000","-2,161,000","19,650,000","54,553,000","75,029,000","60,798,000","60,284,000","97,357,000","67,002,000","1,574,000","-32,216,000","-56,417,000","-75,222,000","-75,087,000","-58,435,000","-51,475,000","-52,537,000","6,170,000","125,046,000","106,661,000","103,031,000","65,232,000","64,502,000","85,839,000","67,853,000","57,219,000","89,307,000","102,368,000","119,858,000","130,857,000","122,034,000","134,454,000","119,267,000","106,326,000","89,798,000","74,390,000","52,089,000","22,568,000","-7,044,000","-14,907,000","-19,498,000","8,397,000","36,697,000","44,232,000","37,800,000","25,441,000","34,685,000","24,663,000","38,705,000","43,985,000","47,308,000","46,625,000","44,350,000","39,517,000","39,562,000","25,514,000","18,404,000","14,233,000","12,118,000","12,971,000","11,467,000","9,233,000","4,772,000","3,937,000","6,865,000","825,000","-1,432,000","-1,660,000","-3,122,000","-1,866,000","-1,566,000","16,201,000","15,666,000","10,887,000","-3,291,000","12,676,000","7,901,000","7,248,000","4,000,000","1,700,000","4,100,000","1,600,000","-100,000","5,400,000","9,900,000","8,600,000","9,500,000","7,700,000","8,400,000","6,100,000","5,100,000","3,900,000","4,300,000","4,800,000","4,300,000","2,900,000","3,500,000","3,400,000","3,300,000","2,300,000","3,000,000","3,000,000","2,500,000","1,600,000","2,100,000","2,500,000","2,200,000","300,000","1,500,000","-100,000","1,900,000","1,300,000","1,400,000","1,800,000","2,200,000","2,400,000","2,500,000","1,800,000","400,000","2,600,000","2,800,000",,,,,,,,,,,,,,
TotalExpenses,"929,472,000","264,543,000","251,668,000","220,173,000","193,088,000","194,591,000","161,912,000","151,903,000","128,385,000","257,767,000","254,046,000","312,502,000","351,262,000","340,321,000","356,986,000","385,727,000","394,707,000","376,899,000","365,766,000","374,145,000","335,567,000","298,062,000","257,214,000","233,449,000","219,735,000","265,438,000","321,219,000","339,608,000","351,815,000","401,058,000","503,009,000","506,339,000","478,395,000","434,228,000","418,773,000","404,014,000","387,956,000","365,962,000","374,536,000","370,050,000","380,248,000","370,296,000","360,748,000","367,781,000","323,762,000","275,435,000","238,346,000","227,810,000","200,807,000","190,576,000","159,459,000","147,066,000","146,516,000","167,874,000","197,514,000","192,985,000","176,889,000","171,786,000","151,504,000","137,298,000","132,326,000","127,060,000","113,024,000","107,584,000","101,715,000","96,507,000","78,005,000","90,287,000","83,541,000","78,097,000","73,525,000","75,750,000","73,959,000","70,769,000","64,947,000","65,307,000","63,999,000","59,875,000","66,618,000","52,002,000","49,896,000","48,594,000","57,270,000","59,473,000","55,164,000","51,846,000","-54,930,000","73,520,000","74,571,000","66,520,000","58,500,000","51,400,000","55,900,000","53,300,000","54,100,000","51,600,000","56,500,000","58,300,000","53,200,000","50,200,000","58,600,000","52,100,000","48,800,000","41,000,000","47,900,000","44,900,000","34,500,000","32,900,000","41,100,000","38,800,000","36,700,000","36,300,000","36,900,000","34,300,000","29,500,000","28,100,000","29,800,000","27,500,000","25,700,000","21,200,000","26,800,000","23,200,000","22,700,000","20,500,000","23,600,000","24,200,000","24,300,000","22,300,000","30,000,000","26,700,000","24,500,000","19,800,000","26,400,000",,,,,,,,,,,,,,
NetIncomeFromContinuingAndDiscontinuedOperation,"31,958,000","15,079,000","12,339,000","5,266,000","-726,000","-9,662,000","-10,239,000","-16,437,000","-25,093,000","-160,423,000","-23,362,000","-69,181,000","6,171,000","-739,000","13,362,000","49,967,000","59,943,000","52,130,000","57,703,000","57,334,000","43,840,000","3,634,000","-21,107,000","-38,942,000","-48,686,000","-32,511,000","-37,881,000","-35,173,000","-34,055,000","7,548,000","77,637,000","64,885,000","63,283,000","39,388,000","37,643,000","53,760,000","40,416,000","35,076,000","55,381,000","66,040,000","72,260,000","80,755,000","74,581,000","83,111,000","73,165,000","65,524,000","55,471,000","46,269,000","31,602,000","13,400,000","-5,202,000","-10,385,000","-11,624,000","4,466,000","20,408,000","25,780,000","22,458,000","14,757,000","20,296,000","14,893,000","23,815,000","28,045,000","29,510,000","28,770,000","27,614,000","24,900,000","21,540,000","23,107,000","11,910,000","9,927,000","11,261,000","10,237,000","7,474,000","5,801,000","3,306,000","2,577,000","4,705,000","305,000","-1,100,000","-1,040,000","-1,953,000","-1,167,000","-1,036,000","9,959,000","9,703,000","8,356,000","7,845,000","8,117,000","5,172,000","8,954,000","2,700,000","1,400,000","2,900,000","1,200,000","200,000","3,800,000","6,400,000","5,700,000","6,600,000","5,400,000","5,900,000","4,300,000","3,900,000","2,800,000","3,200,000","3,500,000","3,400,000","2,300,000","2,600,000","2,600,000","2,800,000","1,800,000","2,100,000","2,100,000","2,100,000","1,200,000","1,600,000","1,800,000","1,500,000","400,000","1,200,000","100,000","1,500,000","1,100,000","1,200,000","1,500,000","1,800,000","1,900,000","2,000,000","1,500,000","1,400,000","1,600,000","1,600,000",,,,,,,,,,,,,,
NormalizedIncome,"24,079,270.757","13,173,670","10,233,612.672","3,177,968","-2,997,030","-11,021,260","-7,529,970","-19,037,990","-26,092,865","-10,365,439","-15,001,776.677","-14,832,118.424","5,373,368","-3,314,440","13,439,455.013","49,709,314","58,578,260","51,061,408","58,839,928.697","57,032,200","41,460,553","2,723,800","-23,694,447.362","-39,736,416","-49,664,690","-33,264,600","-34,405,570.652","-32,701,268","-35,168,264","6,906,140","80,218,618.538","69,602,976","64,140,050","40,740,592","40,051,900","54,544,892","41,478,985","36,689,040","59,835,267.251","65,332,476.637","72,797,376.196","81,052,938.957","74,123,017.605","83,678,562.87","73,171,186.687","65,316,726.088","55,008,705.566","45,993,775.028","31,779,387.074","13,400,000","-5,364,829.142","-10,807,502.534","-11,988,956.984","4,373,050","24,253,400","24,787,531.652","21,491,814.335","13,821,805.503","19,027,842.622","13,938,133.552","22,489,426.154","26,491,109.047","28,343,198.16","27,667,797.393","26,320,145.637","24,093,716.661","21,348,154.379","16,118,020.264","11,311,439.877","8,766,677.455","7,900,227.102","9,139,850.989","7,089,573.254","5,708,625.414","2,948,309.769","2,413,302.214","4,208,398.999","502,134.146","-1,100,000","-1,040,000","-1,953,000","-1,167,000","-1,036,000","9,959,000","9,703,000","6,870,000","-6,116,000","8,117,000","5,172,000","4,727,186.206","2,700,000","1,400,000","2,591,489.362","960,000","0","3,426,229.508","6,027,184.466","5,390,217.391","6,142,574.257","5,009,638.554","5,506,666.667","3,974,242.424","3,437,288.136","2,481,818.182","2,933,333.333","3,235,849.057","2,983,673.469","1,894,117.647","2,275,000","2,275,000","2,441,025.641","1,542,857.143","1,845,454.545","1,909,090.909","1,810,344.828","1,000,000","1,344,000","1,542,857.143","1,320,000","133,333.333","884,210.526","-140,000","1,173,913.043","776,470.588","884,210.526","1,173,913.043","1,478,571.429","1,506,896.552","1,625,000","1,187,500","1,400,000","1,600,000","1,600,000",,,,,,,,,,,,,,
InterestIncome,"56,000","15,000","12,000","15,000","14,000","18,000","65,000","29,000","68,000","334,000","330,000","182,000","594,000","800,000","783,000","783,000","458,000","402,000","466,000","488,000","411,000","129,000","171,000","169,000","104,000","23,000","63,000","5,000","9,000","6,000","5,000","4,000","6,000","4,000","346,000","8,000","60,000","5,000","5,000","16,000","4,000","5,000","2,000","9,000","3,000","4,000","0","14,000","9,000","23,000","21,000","41,000","52,000","33,000",,,,,,,,,,,,,,,,,,,,,,,,,,,,,,,,,,,,,,,,,,,,,,,,,,,,,,,,,,,,,,,,,,,,,,,,,,,,,,,,,,,,,,,,,,,,,
InterestExpense,"1,727,000","178,000","166,000","1,280,000","103,000","380,000","116,000","73,000","71,000","113,000","73,000","8,000","164,000","89,000","121,000","150,000","113,000","105,000","104,000","105,000","114,000","103,000","115,000","115,000","126,000","325,000","701,000","250,000","390,000","691,000","589,000","456,000","49,000","337,000","257,000","283,000","942,000","340,000","289,000","441,000","650,000","596,000","489,000","887,000","998,000","1,079,000","912,000","707,000","502,000","541,000","522,000","533,000","527,000","594,000",,,,,,,,,,,,,,,,,,,,,,,,,,,,,,,,,,,,,,,,,,,,,,,,,,,,,,,,,,,,,,,,,,,,,,,,,,,,,,,,,,,,,,,,,,,,,
NetInterestIncome,"-1,671,000","-163,000","-154,000","-1,265,000","-89,000","-362,000","-51,000","-44,000","-3,000","221,000","257,000","174,000","430,000","711,000","662,000","633,000","345,000","297,000","362,000","383,000","297,000","26,000","56,000","54,000","-22,000","-302,000","-638,000","-245,000","-381,000","-685,000","-584,000","-452,000","-43,000","-333,000","89,000","-275,000","-882,000","-335,000","-284,000","-425,000","-646,000","-591,000","-487,000","-878,000","-995,000","-1,075,000","-912,000","-693,000","-493,000","-518,000","-501,000","-492,000","-475,000","-561,000",,,,,,,,,,,,,,,,,,,,,,,,,,,,,,,,,,,,,,,,,,,,,,,,,,,,,,,,,,,,,,,,,,,,,,,,,,,,,,,,,,,,,,,,,,,,,
EBIT,"51,927,000","23,554,000","20,526,000","8,437,000","-590,000","-9,996,000","-20,480,000","-30,954,000","-38,943,000","-218,681,000","-27,385,000","-93,394,000","8,928,000","-916,000","19,960,000","55,623,000","79,591,000","66,595,000","63,495,000","98,409,000","69,423,000","1,915,000","-32,523,000","-56,162,000","-75,272,000","-74,722,000","-57,089,000","-53,689,000","-52,196,000","11,965,000","125,422,000","106,211,000","103,868,000","65,316,000","65,465,000","87,126,000","67,722,000","57,779,000","90,343,000","103,488,000","118,982,000","131,782,000","122,787,000","133,557,000","119,260,000","106,664,000","90,545,000","74,845,000","51,810,000","22,994,000","-6,794,000","-14,264,000","-18,838,000","8,573,000","35,594,000","44,232,000","37,800,000","25,441,000","34,685,000","24,663,000","38,705,000","43,985,000","47,308,000","46,625,000","44,350,000","39,517,000","39,562,000","25,514,000","18,404,000","14,233,000","12,118,000","12,971,000","11,467,000","9,233,000","4,772,000","3,937,000","6,865,000","825,000","-1,432,000","-1,660,000","-3,122,000","-1,866,000","-1,566,000","16,201,000","15,666,000","10,887,000","-3,291,000","12,676,000","7,901,000","7,248,000","4,000,000","1,700,000","4,100,000","1,600,000","-100,000","5,400,000","9,900,000","8,600,000","9,500,000","7,700,000","8,400,000","6,100,000","5,100,000","3,900,000","4,300,000","4,800,000","4,300,000","2,900,000","3,500,000","3,400,000","3,300,000","2,300,000","3,000,000","3,000,000","2,500,000","1,600,000","2,100,000","2,500,000","2,200,000","300,000","1,500,000","-100,000","1,900,000","1,300,000","1,400,000","1,800,000","2,200,000","2,400,000","2,500,000","1,800,000","400,000","2,600,000","2,800,000","27,500,000","58,600,000","-68,300,000","27,900,000","25,800,000","20,200,000","-49,800,000","19,000,000","13,900,000","6,400,000","-72,300,000","14,800,000","19,200,000","19,500,000"
EBITDA,"125,976,000"
ReconciledCostOfRevenue,"800,255,000","228,303,000","219,540,000","188,727,000","163,685,000","163,996,000","135,895,000","119,527,000","99,610,000","221,237,000","217,204,000","269,931,000","307,969,000","294,900,000","316,970,000","343,940,000","352,173,000","333,085,000","323,755,000","334,407,000","295,279,000","260,905,000","221,387,000","198,590,000","183,277,000","221,892,000","283,595,000","303,687,000","311,418,000","358,421,000","452,058,000","455,525,000","430,792,000","385,520,000","373,229,000","356,918,000","340,345,000","321,048,000","494,306,000","271,514,000","281,713,000","273,764,000","268,571,000","279,735,000","242,976,000","201,540,000","174,526,000","162,549,000","139,507,000","129,623,000","102,311,000","90,426,000","91,077,000","109,991,000","130,867,000","134,890,000","120,164,000","117,669,000","101,049,000","91,438,000","88,180,000","87,521,000","77,565,000","75,485,000","68,921,000","65,051,000","59,606,000","61,128,000","55,427,000","50,070,000","46,887,000","50,056,000","49,047,000","47,088,000","42,953,000","43,462,000","42,363,000","39,900,000","48,213,000","33,337,000","31,829,000","29,884,000","36,254,000","39,838,000","38,344,000","34,035,000","10,575,000","30,433,000","34,164,000","31,884,000","26,300,000","21,300,000","28,500,000","25,900,000","21,900,000","20,500,000","24,600,000","23,100,000","18,300,000","17,200,000","25,000,000","22,400,000","17,900,000","16,000,000","22,300,000","20,800,000","13,400,000","12,100,000","20,700,000","17,300,000","15,600,000","15,700,000","18,300,000","16,400,000","11,100,000","9,400,000","12,300,000","10,600,000","-28,600,000","19,800,000","12,600,000","9,100,000","7,200,000","5,100,000","8,100,000","8,500,000","7,900,000","6,700,000","14,600,000","11,500,000","8,200,000","5,500,000","13,900,000",,,,,,,,,,,,,,
ReconciledDepreciation,"74,049,000","19,343,000","18,752,000","18,165,000","17,789,000","17,800,000","17,727,000","18,658,000","19,392,000","39,532,000","40,092,000","45,706,000","43,747,000","43,062,000","43,508,000","43,871,000","41,262,000","38,148,000","38,879,000","40,300,000","41,967,000","45,412,000","49,396,000","52,843,000","57,381,000","61,418,000","66,993,000","70,506,000","70,359,000","67,555,000","62,558,000","58,074,000","57,028,000","56,280,000","55,106,000","53,650,000","53,484,000","53,572,000","55,063,000","53,969,000","53,516,000","51,605,000","48,953,000","46,677,000","44,908,000","39,249,000","34,575,000","33,071,000","33,355,000","32,252,000","32,898,000","33,305,000","32,379,000","31,999,000","31,496,000","30,433,000","29,188,000","27,327,000","23,685,000","20,839,000","18,706,000","15,263,000","12,852,000","10,098,000","12,371,000","11,405,000","10,684,000","10,159,000","9,926,000","9,621,000","8,980,000","8,773,000","8,746,000","8,555,000","8,325,000","8,407,000","8,428,000","8,022,000","7,784,000","7,980,000","7,830,000","7,748,000","7,436,000","6,815,000","5,706,000","5,579,000","3,160,000","5,124,000","5,284,000","4,427,000","4,500,000","4,800,000","4,200,000","4,000,000","5,000,000","4,000,000","3,800,000","3,600,000","4,100,000","3,500,000","3,100,000","2,800,000","3,200,000","2,300,000","2,300,000","2,000,000","2,400,000","1,800,000","1,700,000","1,600,000","1,600,000","1,600,000","1,500,000","1,500,000","1,900,000","1,400,000","1,400,000","1,500,000","1,900,000","1,400,000","1,200,000","1,300,000","1,300,000","1,300,000","1,300,000","1,300,000","1,200,000","1,200,000","1,000,000","1,100,000","1,000,000","1,200,000","1,100,000",,,,,,,,,,,,,,
NetIncomeFromContinuingOperationNetMinorityInterest,"31,958,000","15,079,000","12,339,000","5,266,000","-726,000","-9,662,000","-10,239,000","-16,437,000","-25,093,000","-160,423,000","-23,362,000","-69,181,000","6,171,000","-739,000","13,362,000","49,967,000","59,943,000","52,130,000","57,703,000","57,334,000","43,840,000","3,634,000","-21,107,000","-38,942,000","-48,686,000","-32,511,000","-37,881,000","-35,173,000","-34,055,000","7,548,000","77,637,000","64,885,000","63,283,000","39,388,000","37,643,000","53,760,000","40,416,000","35,076,000","55,381,000","66,040,000","72,260,000","80,755,000","74,581,000","83,111,000","73,165,000","65,524,000","55,471,000","46,269,000","31,602,000","13,400,000","-5,202,000","-10,385,000","-11,624,000","4,466,000","20,408,000","25,780,000","22,458,000","14,757,000","20,296,000","14,893,000","23,815,000","28,045,000","29,510,000","28,770,000","27,614,000","24,900,000","21,540,000","23,107,000","11,910,000","9,927,000","11,261,000","10,237,000","7,474,000","5,801,000","3,306,000","2,577,000","4,705,000","305,000","-1,100,000","-1,040,000","-1,953,000","-1,167,000","-1,036,000","9,959,000","9,703,000","6,870,000","-6,116,000","8,117,000","5,172,000","8,954,000","2,700,000","1,400,000","2,900,000","1,200,000","200,000","3,800,000","6,400,000","5,700,000","6,600,000","5,400,000","5,900,000","4,300,000","3,900,000","2,800,000","3,200,000","3,500,000","3,400,000","2,300,000","2,600,000","2,600,000","2,800,000","1,800,000","2,100,000","2,100,000","2,100,000","1,200,000","1,600,000","1,800,000","1,500,000","400,000","1,200,000","100,000","1,500,000","1,100,000","1,200,000","1,500,000","1,800,000","1,900,000","2,000,000","1,500,000","1,400,000","1,600,000","1,600,000",,,,,,,,,,,,,,
TotalUnusualItemsExcludingGoodwill,"12,376,000","2,954,000","3,474,000","2,837,000","3,111,000","1,460,000","-3,711,000","3,563,000","1,555,000","-204,717,000","-9,826,000","-73,377,000","1,133,000","3,504,000","-115,000","286,000","1,810,000","1,363,000","-1,249,000","503,000","3,759,000","1,517,000","4,001,000","1,148,000","1,515,000","1,256,000","-5,302,000","-3,791,000","1,718,000","958,000","-4,151,000","-7,684,000","-1,405,000","-2,232,000","-3,706,000","-1,268,000","-1,757,000","-2,640,000","-7,243,000","1,104,000","-880,000","-484,000","751,000","-906,000","-10,000","334,000","747,000","441,000","-288,000",,"229,000","602,000","608,000","143,000","-5,916,000","1,642,000","1,578,000","1,520,000","2,082,000","1,506,000","2,164,000","2,446,000","1,874,000","1,799,000","2,088,000","1,293,000","252,000","11,120,000","978,000","1,896,000","5,158,000","1,555,000","620,000","149,000","577,000","264,000","801,000","-318,000",,,,,,,,,,,,"6,817,000",,,"500,000","400,000","300,000","600,000","600,000","500,000","700,000","600,000","600,000","500,000","700,000","500,000","400,000","400,000","600,000","600,000","500,000","500,000","500,000","400,000","400,000","300,000","400,000","300,000","400,000","400,000","300,000","400,000","500,000","400,000","500,000","500,000","500,000","500,000","500,000","600,000","600,000","500,000",,,,,,,,,,,,,,,,,
TotalUnusualItems,"12,376,000","2,954,000","3,474,000","2,837,000","3,111,000","1,460,000","-3,711,000","3,563,000","1,555,000","-204,717,000","-9,826,000","-73,377,000","1,133,000","3,504,000","-115,000","286,000","1,810,000","1,363,000","-1,249,000","503,000","3,759,000","1,517,000","4,001,000","1,148,000","1,515,000","1,256,000","-5,302,000","-3,791,000","1,718,000","958,000","-4,151,000","-7,684,000","-1,405,000","-2,232,000","-3,706,000","-1,268,000","-1,757,000","-2,640,000","-7,243,000","1,104,000","-880,000","-484,000","751,000","-906,000","-10,000","334,000","747,000","441,000","-288,000",,"229,000","602,000","608,000","143,000","-5,916,000","1,642,000","1,578,000","1,520,000","2,082,000","1,506,000","2,164,000","2,446,000","1,874,000","1,799,000","2,088,000","1,293,000","252,000","11,120,000","978,000","1,896,000","5,158,000","1,555,000","620,000","149,000","577,000","264,000","801,000","-318,000",,,,,,,,,,,,"6,817,000",,,"500,000","400,000","300,000","600,000","600,000","500,000","700,000","600,000","600,000","500,000","700,000","500,000","400,000","400,000","600,000","600,000","500,000","500,000","500,000","400,000","400,000","300,000","400,000","300,000","400,000","400,000","300,000","400,000","500,000","400,000","500,000","500,000","500,000","500,000","500,000","600,000","600,000","500,000",,,,,,,,,,,,,,,,,
NormalizedEBITDA,"113,600,000","39,943,000","35,804,000","23,765,000","14,088,000","6,344,000","958,000","-15,859,000","-21,106,000","25,568,000","22,533,000","25,689,000","51,542,000","38,642,000","63,583,000","99,208,000","119,043,000","103,380,000","103,623,000","138,206,000","107,631,000","45,810,000","12,872,000","-4,467,000","-19,406,000","-14,560,000","15,206,000","20,608,000","16,445,000","78,562,000","192,131,000","171,969,000","162,301,000","123,828,000","124,277,000","142,044,000","122,963,000","113,991,000","152,649,000","156,466,000","173,812,000","183,871,000","171,035,000","181,140,000","164,178,000","145,867,000","124,422,000","107,495,000","85,482,000","55,255,000","25,875,000","18,439,000","12,933,000","40,450,000","73,006,000","73,035,000","65,410,000","51,248,000","56,305,000","44,003,000","55,247,000","56,802,000","58,286,000","56,398,000","54,633,000","49,629,000","49,994,000","24,553,000","27,352,000","21,958,000","15,940,000","20,189,000","19,593,000","17,639,000","12,520,000","12,080,000","14,492,000","9,165,000","6,352,000","6,320,000","4,708,000","5,882,000","5,870,000","23,016,000","21,372,000","16,466,000","-131,000","17,800,000","13,185,000","4,858,000","8,500,000","6,500,000","7,800,000","5,200,000","4,600,000","8,900,000","13,100,000","11,700,000","12,900,000","10,600,000","10,900,000","8,400,000","7,600,000","5,700,000","6,200,000","6,400,000","6,100,000","4,100,000","4,700,000","4,500,000","4,400,000","3,500,000","4,200,000","4,200,000","4,000,000","2,700,000","3,100,000","3,600,000","3,800,000","1,300,000","2,300,000","800,000","2,700,000","2,100,000","2,200,000","2,600,000","2,900,000","3,000,000","3,000,000","2,400,000","1,400,000","3,800,000","3,900,000","27,500,000","58,600,000","-68,300,000","27,900,000","25,800,000","20,200,000","-49,800,000","19,000,000","13,900,000","6,400,000","-72,300,000","14,800,000","19,200,000","19,500,000"
TaxRateForCalcs,"0.363","0.355","0.394","0.264","0.27","0.069","0.27","0.27","0.357","0.267","0.149","0.259","0.296","0.265","0.326","0.099","0.246","0.216","0.09","0.4","0.367","0.4","0.353","0.308","0.354","0.4","0.345","0.348","0.352","0.33","0.378","0.386","0.39","0.394","0.35","0.381","0.395","0.389","0.385","0.359","0.389","0.384","0.39","0.374","0.381","0.379","0.381","0.376","0.384","0.4","0.289","0.298","0.4","0.35","0.35","0.396","0.388","0.385","0.391","0.366","0.387","0.365","0.377","0.387","0.38","0.376","0.239","0.371","0.388","0.388","0.348","0.294","0.38","0.38","0.38","0.38","0.38","0.38","0.238","0.38","0.38","0.38","0.38","0.38","0.38","0.38","0.382","0.38","0.38","0.38","0.372","0.391","0.383","0.4","0.333","0.377","0.379","0.38","0.347","0.349","0.344","0.348","0.339","0.364","0.333","0.34","0.306","0.324","0.35","0.35","0.282","0.357","0.364","0.364","0.276","0.333","0.36","0.357","0.4","0.333","0.368","0.4","0.348","0.353","0.368","0.348","0.357","0.345","0.375","0.375","0.4","0.385","0.4",,,,,,,,,,,,,,
TaxEffectOfUnusualItems,"4,497,270.757","1,048,670","1,368,612.672","748,968","839,970","100,740","-1,001,970","962,010","555,135","-54,659,439","-1,465,776.677","-19,028,118.424","335,368","928,560","-37,544.987","28,314","445,260","294,408","-112,071.303","201,200","1,379,553","606,800","1,413,552.638","353,584","536,310","502,400","-1,826,570.652","-1,319,268","604,736","316,140","-1,569,381.462","-2,966,024","-547,950","-879,408","-1,297,100","-483,108","-694,015","-1,026,960","-2,788,732.749","396,476.637","-342,623.804","-186,061.043","293,017.605","-338,437.13","-3,813.313","126,726.088","284,705.566","165,775.028","-110,612.926","0","66,170.858","179,497.466","243,043.016","50,050","-2,070,600","649,531.652","611,814.335","584,805.503","813,842.622","551,133.552","838,426.154","892,109.047","707,198.16","696,797.393","794,145.637","486,716.661","60,154.379","4,131,020.264","379,439.877","735,677.455","1,797,227.102","457,850.989","235,573.254","56,625.414","219,309.769","100,302.214","304,398.999","-120,865.854","0","0","0","0","0","0","0","0","0","0","0","2,590,186.206","0","0","191,489.362","160,000","100,000","226,229.508","227,184.466","190,217.391","242,574.257","209,638.554","206,666.667","174,242.424","237,288.136","181,818.182","133,333.333","135,849.057","183,673.469","194,117.647","175,000","175,000","141,025.641","142,857.143","145,454.545","109,090.909","110,344.828","100,000","144,000","142,857.143","120,000","133,333.333","184,210.526","160,000","173,913.043","176,470.588","184,210.526","173,913.043","178,571.429","206,896.552","225,000","187,500","0","0","0",,,,,,,,,,,,,,