name,ttm,03/31/2022,12/31/2021,09/30/2021,06/30/2021,03/31/2021,12/31/2020,09/30/2020,06/30/2020,03/31/2020,12/31/2019,09/30/2019,06/30/2019,03/31/2019,12/31/2018,09/30/2018,06/30/2018,03/31/2018,12/31/2017,09/30/2017,06/30/2017,03/31/2017,12/31/2016,09/30/2016,06/30/2016,03/31/2016,12/31/2015,09/30/2015,06/30/2015,03/31/2015,12/31/2014,09/30/2014,06/30/2014,03/31/2014,12/31/2013,09/30/2013,06/30/2013,03/31/2013,12/31/2012,09/30/2012,06/30/2012,03/31/2012,12/31/2011,09/30/2011,06/30/2011,03/31/2011,12/31/2010,09/30/2010,06/30/2010,03/31/2010,12/31/2009,09/30/2009,06/30/2009,03/31/2009,12/31/2008,09/30/2008,06/30/2008,03/31/2008,12/31/2007,09/30/2007,06/30/2007,03/31/2007,12/31/2006,09/30/2006,06/30/2006,03/31/2006,12/31/2005,09/30/2005,06/30/2005,03/31/2005,12/31/2004,09/30/2004,06/30/2004,03/31/2004,12/31/2003,09/30/2003,06/30/2003,03/31/2003,12/31/2002,09/30/2002,06/30/2002,03/31/2002,12/31/2001,09/30/2001,06/30/2001,03/31/2001,12/31/2000,09/30/2000,06/30/2000,03/31/2000,12/31/1999,09/30/1999,06/30/1999,03/31/1999,12/31/1998,09/30/1998,06/30/1998,03/31/1998,12/31/1997,09/30/1997,06/30/1997,03/31/1997,12/31/1996,09/30/1996,06/30/1996,03/31/1996,12/31/1995,09/30/1995,06/30/1995,03/31/1995,12/31/1994,09/30/1994,06/30/1994,03/31/1994,12/31/1993,09/30/1993,06/30/1993,03/31/1993
TotalRevenue,"16,275,000,000","3,930,000,000","4,165,000,000","4,043,000,000","4,105,000,000","4,008,000,000","4,143,000,000","3,643,000,000","3,606,000,000","3,204,000,000","3,784,996,000","3,627,565,000","3,467,408,000","3,420,031,000","3,278,518,000","3,227,531,000","3,195,908,000","3,173,707,000","3,232,443,000","3,145,310,000","3,129,276,000","3,008,740,000","3,069,298,000","2,900,577,000","3,039,068,000","2,512,568,000","2,828,591,000","2,438,634,000","2,630,340,000","2,520,613,000","2,697,413,000","2,716,588,000","2,833,020,000","2,657,173,000","2,736,794,000","2,389,815,000","2,590,642,000","2,601,102,000","2,723,102,000","2,449,081,000","2,375,753,000","2,292,975,000","2,348,219,000","1,994,907,000","2,203,977,000","2,282,435,000","2,274,129,000","1,955,539,000","1,931,877,000","2,100,185,000","1,943,835,000","1,778,981,000","1,813,166,000","1,530,840,000","1,368,035,000","1,310,295,000","1,642,606,000","1,360,267,000","1,496,595,000","1,378,341,000","1,488,776,000","1,354,649,000","1,469,575,000","1,282,483,000","1,242,536,000","1,199,097,000","1,238,800,000","1,158,417,000","1,091,332,000","1,096,216,000","1,123,818,000","959,464,000","976,415,000","975,022,000","1,093,907,000","712,502,000","714,375,000","653,549,000","714,288,000","550,154,000","557,309,000","560,212,000","550,986,000","458,116,000","465,527,000","493,655,000","501,964,000","402,362,000","419,275,000","402,134,000","428,382,000","326,200,000","409,300,000","443,100,000","293,092,000","355,700,000","354,700,000","341,100,000","317,815,000","249,000,000","252,900,000","251,800,000","236,029,000","192,000,000","201,500,000","200,400,000","194,800,000","161,600,000","151,200,000","160,500,000","153,100,000","124,200,000","116,100,000","132,400,000","102,800,000","114,200,000","105,200,000","119,200,000"
	OperatingRevenue,"16,275,000,000","3,930,000,000","4,165,000,000","4,043,000,000","4,105,000,000","4,008,000,000","4,143,000,000","3,643,000,000","3,606,000,000","3,204,000,000","3,784,996,000","3,627,565,000","3,467,408,000","3,420,031,000","3,278,518,000","3,227,531,000","3,195,908,000","3,173,707,000","3,232,443,000","3,145,310,000","3,129,276,000","3,008,740,000","3,069,298,000","2,900,577,000","3,039,068,000","2,512,568,000","2,828,591,000","2,438,634,000","2,630,340,000","2,520,613,000","2,697,413,000","2,716,588,000","2,833,020,000","2,657,173,000","2,736,794,000","2,389,815,000","2,590,642,000","2,601,102,000","2,723,102,000","2,449,081,000","2,375,753,000","2,292,975,000","2,348,219,000","1,994,907,000","2,203,977,000","2,282,435,000","2,274,129,000","1,955,539,000","1,931,877,000","2,100,185,000","1,943,835,000","1,778,981,000","1,813,166,000","1,530,840,000","1,368,035,000","1,310,295,000","1,642,606,000","1,360,267,000","1,496,595,000","1,378,341,000","1,488,776,000","1,354,649,000","1,469,575,000","1,282,483,000","1,242,536,000","1,199,097,000","1,238,800,000","1,158,417,000","1,091,332,000","1,096,216,000","1,123,818,000","959,464,000","976,415,000","975,022,000","1,093,907,000","712,502,000","714,375,000","653,549,000","714,288,000","550,154,000","557,309,000","560,212,000","550,986,000","458,116,000","465,527,000","493,655,000","501,964,000","402,362,000","419,275,000","402,134,000","428,382,000","326,200,000","409,300,000","443,100,000","293,092,000","355,700,000","354,700,000","341,100,000","317,815,000","249,000,000","252,900,000","251,800,000","236,029,000","192,000,000","201,500,000","200,400,000","194,800,000","161,600,000","151,200,000","160,500,000","153,100,000","124,200,000","116,100,000","132,400,000","102,800,000","114,200,000","105,200,000","119,200,000"
NetNonOperatingInterestIncomeExpense,"-829,000,000","-184,000,000","-161,000,000","-221,000,000","-263,000,000","-194,000,000","-222,000,000","-243,000,000","-233,000,000","-193,000,000","-229,654,000","-279,291,000","-208,276,000","-181,779,000","-138,912,000","-184,049,000","-153,792,000","-125,505,000","-197,808,000","-170,627,000","-151,410,000","-156,856,000","-111,942,000","-166,395,000","-122,767,000","-127,037,000","-147,034,000","-74,706,000","-118,355,000","-162,376,000","-97,573,000","-159,588,000","-153,764,000","-148,247,000","-210,382,000","-93,468,000","-150,913,000","-156,507,000","-421,029,000","-29,749,000","-23,360,000","-23,322,000","-25,226,000","-27,025,000","-25,818,000","-24,569,000","-25,215,000","-25,191,000","-25,141,000","-15,449,000","-22,985,000","-5,243,000","-19,595,000","-22,117,000","124,638,000","-19,228,000","-21,580,000","-96,991,000","-64,234,000","-40,335,000","-136,884,000","-81,519,000","-110,077,000","-58,685,000","-59,746,000","-78,296,000","-66,385,000","-69,971,000","-48,510,000","-64,938,000","-69,947,000","-56,991,000","-53,874,000","-56,556,000","-58,193,000","-55,634,000","-52,909,000","-49,755,000","-55,979,000","-31,162,000","-38,811,000","-36,279,000","-36,500,000","-37,070,000","-23,924,000","-32,315,000","-35,399,000","-31,195,000","-30,951,000","-24,833,000","-157,438,000","-2,500,000","-2,300,000","-2,000,000","-155,652,000","-2,200,000","-2,200,000","-2,000,000","-93,942,000","-1,900,000","-2,000,000","-1,900,000","-1,969,000","-2,000,000","-1,900,000","-300,000",,,,,,,,,,,,
	InterestIncomeNonOperating,,,"2,000,000",,,,,,,,,,,,,,,,,,,,,,,,,,,,"9,660,000",,,,,,,,,,,,,,,,,,,,,,,,,,,,,,,,,,,,,,,,,,,,,,,,,,,,,,,,,,,,,,,,,,,,,,,,,,,,,,,,,,,,,,,
	InterestExpenseNonOperating,"819,000,000","183,000,000","157,000,000","218,000,000","261,000,000","191,000,000","219,000,000","239,000,000","229,000,000","187,000,000","223,324,000","272,189,000","201,125,000","173,362,000","131,722,000","176,582,000","146,352,000","117,903,000","190,407,000","162,935,000","144,637,000","150,086,000","105,511,000","159,911,000","116,180,000","120,712,000","140,852,000","69,573,000","113,097,000","156,305,000","93,863,000","157,017,000","151,173,000","145,678,000","207,819,000","90,770,000","148,263,000","153,969,000","408,832,000","29,749,000","23,360,000","23,322,000","25,226,000","27,025,000","25,818,000","24,569,000","25,215,000","25,191,000","25,141,000","15,449,000","22,985,000","5,243,000","19,595,000","22,117,000","-124,638,000","19,228,000","21,580,000","96,991,000","64,234,000","40,335,000","136,884,000","81,519,000","110,077,000","58,685,000","59,746,000","78,296,000","66,385,000","69,971,000","48,510,000","64,938,000","69,947,000","56,991,000","53,874,000","56,556,000","58,193,000","55,634,000","52,909,000","49,755,000","55,979,000","31,162,000","38,811,000","36,279,000","36,500,000","37,070,000","23,924,000","32,315,000","35,399,000","31,195,000","30,951,000","24,833,000","157,438,000","2,500,000","2,300,000","2,000,000","155,652,000","2,200,000","2,200,000","2,000,000","93,942,000","1,900,000","2,000,000","1,900,000","1,969,000","2,000,000","1,900,000","300,000",,,,,,,,,,,,
	TotalOtherFinanceCost,"10,000,000","1,000,000","4,000,000","3,000,000","2,000,000","3,000,000","3,000,000","4,000,000","4,000,000","6,000,000","6,330,000","7,102,000","7,151,000","8,417,000","7,190,000","7,467,000","7,440,000","7,602,000","7,401,000","7,692,000","6,773,000","6,770,000","6,431,000","6,484,000","6,587,000","6,325,000","6,182,000","5,133,000","5,258,000","6,071,000","3,710,000","2,571,000","2,591,000","2,569,000","2,563,000","2,698,000","2,650,000","2,538,000","3,357,000",,,,,,,,,,,,,,,,,,,,,,,,,,,,,,,,,,,,,,,,,,,,,,,,,,,,,,,,,,,,,,,,,,,,,,,,,,,,,,,
OtherIncomeExpense,"447,000,000","91,000,000","93,000,000","95,000,000","168,000,000","91,000,000","96,000,000","98,000,000","90,000,000","76,000,000","100,040,000","90,335,000","107,072,000","94,553,000","91,431,000","112,764,000","83,959,000","75,297,000","134,017,000","75,942,000","73,992,000","68,157,000","68,715,000","72,468,000","66,193,000","59,183,000","77,431,000","71,038,000","66,936,000","62,287,000","67,261,000","78,879,000","120,726,000","67,590,000","64,821,000","70,734,000","63,009,000","101,907,000","62,482,000","63,501,000","72,957,000","45,033,000","56,456,000","90,132,000","50,477,000","51,645,000","42,370,000","37,515,000","35,197,000","36,278,000","44,059,000","31,972,000","75,161,000","33,859,000","25,869,000","27,764,000","29,183,000","-137,324,000","-78,229,000","-40,024,000","6,228,000","13,456,000","28,090,000","22,935,000","-2,672,000","19,082,000","15,357,000","15,770,000","744,000","33,364,000","41,103,000","-5,236,000","32,231,000","9,172,000","26,561,000","10,819,000","11,834,000","11,017,000","13,702,000","10,839,000","10,210,000","6,685,000","12,544,000","5,922,000","9,441,000","6,487,000","11,178,000","6,949,000","2,475,000","3,213,000","-186,628,000","31,100,000","92,500,000","89,300,000","-205,300,000","79,300,000","78,200,000","71,100,000","-101,412,000","51,100,000","51,300,000","46,400,000","-94,014,000","40,700,000","38,100,000","32,500,000","31,000,000","23,700,000","22,500,000","20,900,000","20,400,000","17,400,000","17,700,000","18,600,000","16,700,000","16,500,000","15,000,000","13,200,000"
	SpecialIncomeCharges,,,,,,,,,,,,,,,,,,,,,,,,,,,,,,,,,,,,,,,,,,,,,,,,,,,,,,,,,,,,,,,,,,,,,,,,"13,209,000","-13,293,000",,,,,,,,,,,,,,,,,,,,,,,,,,"0",,,"-18,000,000",,,,,,,,,,,,,,,,
		RestructuringAndMergernAcquisition,,,,,,,,,,,,,,,,,,,,,,,,,,,,,,,,,,,,,,,,,,,,,,,,,,,,,,,,,,,,,,,,,,,,,,,,"13,209,000","13,293,000",,,,,,,,,,,,,,,,,,,,,,,,,,,,,,,,,,,,,,,,,,,,,
		OtherSpecialCharges,,,,,,,,,,,,,,,,,,,,,,,,,,,,,,,,,,,,,,,,,,,,,,,,,,,,,,,,,,,,,,,,,,,,,,,,"-26,418,000",,,,,,,,,,,,,,,,,,,,,,,,,,,,,,,,,,,,,,,,,,,,,,
PretaxIncome,"445,000,000","-60,000,000","57,000,000","-34,000,000","482,000,000","186,000,000","169,000,000","285,000,000","195,000,000","-96,000,000","308,269,000","347,090,000","260,077,000","216,564,000","137,946,000","322,661,000","247,288,000","137,925,000","255,494,000","340,162,000","339,315,000","207,844,000","295,543,000","287,600,000","353,223,000","107,580,000","206,743,000","140,137,000","213,790,000","184,125,000","276,743,000","231,815,000","300,535,000","199,440,000","229,490,000","201,695,000","-74,758,000","278,827,000","321,089,000","201,479,000","215,892,000","180,763,000","220,585,000","171,540,000","200,406,000","241,849,000","275,257,000","197,173,000","198,072,000","193,315,000","160,165,000","182,551,000","215,423,000","34,206,000","20,194,000","32,546,000","170,964,000","56,688,000","110,245,000","121,730,000","123,713,000","119,230,000","128,185,000","117,569,000","97,434,000","108,200,000","109,640,000","113,562,000","32,609,000","100,535,000","79,879,000","89,106,000","105,393,000","94,815,000","91,741,000","63,007,000","67,009,000","49,853,000","49,692,000","54,030,000","45,065,000","45,191,000","-32,360,000","12,690,000","50,138,000","35,682,000","45,325,000","50,687,000","39,219,000","40,114,000","93,072,000","0","0","0","138,047,000","0","0","0","84,071,000","0","0",,"87,061,000","0","0","0","0","0","0","0","0","0","0","0","0","0","0","0"
TaxProvision,"30,000,000","3,000,000","-99,000,000","-12,000,000","138,000,000","47,000,000","37,000,000","72,000,000","37,000,000","-8,000,000","73,239,000","84,325,000","57,379,000","47,057,000","27,907,000","21,462,000","42,914,000","37,695,000","-961,394,000","112,571,000","107,125,000","62,332,000","105,394,000","88,881,000","117,120,000","31,108,000","43,616,000","56,603,000","83,399,000","59,011,000","85,652,000","73,819,000","102,239,000","62,776,000","84,531,000","63,740,000","-25,146,000","93,292,000","98,100,000","57,004,000","74,781,000","57,445,000","62,054,000","24,155,000","67,518,000","81,033,000","78,545,000","68,941,000","71,053,000","70,876,000","47,756,000","64,343,000","62,244,000","10,916,000","5,024,000","7,296,000","60,158,000","20,099,000","38,744,000","40,932,000","44,676,000","42,293,000","44,867,000","41,995,000","33,645,000","37,620,000","39,975,000","40,043,000","7,449,000","33,271,000","23,962,000","31,107,000","37,003,000","31,821,000","32,392,000","20,783,000","23,423,000","16,693,000","13,912,000","19,307,000","16,141,000","16,155,000","-11,120,000","3,705,000","19,624,000","14,040,000","16,528,000","19,011,000","18,084,000","15,648,000","11,859,000","-5,000,000","18,400,000","13,700,000","17,455,000","11,800,000","11,000,000","8,800,000","12,150,000","7,800,000","8,800,000",,"9,887,000","7,600,000","8,000,000","6,200,000","8,600,000","6,400,000","6,700,000","5,400,000","8,500,000","5,200,000","5,200,000","4,700,000","7,600,000","3,900,000","5,800,000","2,800,000"
EarningsFromEquityInterestNetOfTax,,,,,,,,,,,,,,,,,,,,,,,,,,,,,,,,,,,,,,,,,,,,,,,,,,,,,,,,,,,,,,,,,,,,,,,,,,,,,,,,,,,,,,,"306,000","-306,000","275,000","-562,000","-61,868,000","-18,900,000","44,000,000","35,700,000","-86,683,000","32,500,000","30,200,000","24,700,000","-49,602,000","22,200,000","23,900,000",,"-58,702,000","20,200,000","21,500,000","16,700,000","24,200,000","17,600,000","18,300,000","14,200,000","22,700,000","13,700,000","14,800,000","12,800,000","20,600,000","8,900,000","17,000,000","7,700,000"
NetIncomeCommonStockholders,"415,000,000","-63,000,000","156,000,000","-22,000,000","344,000,000","139,000,000","132,000,000","213,000,000","158,000,000","-88,000,000","235,030,000","262,765,000","202,698,000","169,507,000","110,039,000","301,199,000","204,374,000","100,230,000","1,216,888,000","227,591,000","232,190,000","145,512,000","190,149,000","198,719,000","236,103,000","76,472,000","163,127,000","83,534,000","130,391,000","125,114,000","191,091,000","157,996,000","198,296,000","136,664,000","144,959,000","137,955,000","-49,612,000","185,535,000","222,989,000","144,475,000","141,111,000","123,318,000","158,531,000","147,385,000","132,888,000","160,816,000","196,712,000","128,232,000","127,019,000","122,439,000","112,409,000","118,208,000","153,179,000","23,290,000","9,361,000","25,228,000","110,702,000","31,505,000","63,586,000","76,521,000","77,475,000","76,252,000","81,474,000","74,035,000","63,631,000","69,070,000","68,177,000","67,629,000","21,817,000","66,557,000","55,420,000","39,395,000","65,337,000","61,739,000","56,089,000","41,751,000","42,559,000","32,742,000","33,387,000","33,588,000","28,051,000","27,780,000","-28,095,000","8,985,000","30,514,000","21,642,000","9,234,000","29,109,000","18,904,000","20,422,000","15,358,000","-17,100,000","20,600,000","22,000,000","6,281,000","20,700,000","19,200,000","15,900,000","22,319,000","14,400,000","15,100,000","2,800,000","18,472,000","12,600,000","13,500,000","10,500,000","15,600,000","11,200,000","11,600,000","8,800,000","14,200,000","8,500,000","9,600,000","8,100,000","13,000,000","5,000,000","11,200,000","4,900,000"
	NetIncome,"415,000,000","-63,000,000","156,000,000","-22,000,000","344,000,000","139,000,000","132,000,000","213,000,000","158,000,000","-88,000,000","235,030,000","262,765,000","202,698,000","169,507,000","110,039,000","301,199,000","204,374,000","100,230,000","1,216,888,000","227,591,000","232,190,000","145,512,000","190,149,000","198,719,000","236,103,000","76,472,000","163,127,000","83,534,000","130,391,000","125,114,000","191,091,000","157,996,000","198,296,000","136,664,000","144,959,000","137,955,000","-49,612,000","185,535,000","222,989,000","144,475,000","141,111,000","123,318,000","158,531,000","147,385,000","132,888,000","160,816,000","196,712,000","128,232,000","127,019,000","122,439,000","112,409,000","118,208,000","153,179,000","23,290,000","9,361,000","25,228,000","110,702,000","31,505,000","63,586,000","76,521,000","77,475,000","76,252,000","81,474,000","74,035,000","63,631,000","69,070,000","68,177,000","67,629,000","21,817,000","66,557,000","55,420,000","39,395,000","65,337,000","61,739,000","56,089,000","41,751,000","42,559,000","32,742,000","33,387,000","33,588,000","28,051,000","27,780,000","-28,095,000","8,985,000","30,514,000","21,642,000","9,234,000","29,109,000","18,904,000","20,422,000","15,358,000","-17,100,000","20,600,000","22,000,000","6,281,000","20,700,000","19,200,000","15,900,000","22,319,000","14,400,000","15,100,000","2,800,000","18,472,000","12,600,000","13,500,000","10,500,000","15,600,000","11,200,000","11,600,000","8,800,000","14,200,000","8,500,000","9,600,000","8,100,000","13,000,000","5,000,000","11,200,000","4,900,000"
		NetIncomeIncludingNoncontrollingInterests,"415,000,000","-63,000,000","156,000,000","-22,000,000","344,000,000","139,000,000","132,000,000","213,000,000","158,000,000","-88,000,000","235,030,000","262,765,000","202,698,000","169,507,000","110,039,000","301,199,000","204,374,000","100,230,000","1,216,888,000","227,591,000","232,190,000","145,512,000","190,149,000","198,719,000","236,103,000","76,472,000","163,127,000","83,534,000","130,391,000","125,114,000","191,091,000","157,996,000","198,296,000","136,664,000","144,959,000","137,955,000","-49,612,000","185,535,000","222,989,000","144,475,000","141,111,000","123,318,000","158,531,000","147,385,000","132,888,000","160,816,000","196,712,000","128,232,000","127,019,000","122,439,000","112,409,000","118,208,000","153,179,000","23,290,000","9,361,000","25,228,000","110,702,000","31,505,000","63,586,000","76,521,000","77,475,000","76,252,000","81,474,000","74,035,000","63,631,000","69,070,000","68,177,000","67,629,000","21,817,000","66,557,000","55,420,000","39,395,000","65,337,000","61,739,000","56,089,000","41,751,000","42,559,000","32,742,000","33,387,000","33,588,000","28,051,000","27,780,000","-28,095,000","8,985,000","30,514,000","21,642,000","9,540,000","28,803,000","19,179,000","20,984,000","15,190,000","-17,400,000","20,200,000","21,900,000","7,498,000","20,500,000","19,000,000","15,700,000","-31,900,000","14,300,000","15,000,000","2,700,000","-35,700,000","12,100,000","13,300,000","10,300,000","15,400,000","11,400,000","11,500,000","8,500,000","13,900,000","8,500,000","9,600,000","7,900,000","12,800,000","4,800,000","11,100,000","4,800,000"
			NetIncomeContinuousOperations,"415,000,000","-63,000,000","156,000,000","-22,000,000","344,000,000","139,000,000","132,000,000","213,000,000","158,000,000","-88,000,000","235,030,000","262,765,000","202,698,000","169,507,000","110,039,000","301,199,000","204,374,000","100,230,000","1,216,888,000","227,591,000","232,190,000","145,512,000","190,149,000","198,719,000","236,103,000","76,472,000","163,127,000","83,534,000","130,391,000","125,114,000","191,091,000","157,996,000","198,296,000","136,664,000","144,959,000","137,955,000","-49,612,000","185,535,000","222,989,000","144,475,000","141,111,000","123,318,000","158,531,000","147,385,000","132,888,000","160,816,000","196,712,000","128,232,000","127,019,000","122,439,000","112,409,000","118,208,000","153,179,000","23,290,000","15,170,000","25,250,000","110,806,000","36,589,000","71,501,000","80,798,000","79,037,000","76,937,000","83,318,000","75,574,000","63,789,000","70,580,000","69,665,000","73,519,000","25,160,000","67,264,000","55,917,000","57,999,000","68,390,000","62,994,000","59,349,000","42,224,000","43,586,000","33,160,000","35,780,000","34,723,000","28,924,000","29,036,000","-21,240,000","8,985,000","30,514,000","21,642,000","29,103,000","31,370,000","21,410,000","23,904,000","19,345,000","-13,900,000","25,600,000","22,000,000","33,909,000","20,700,000","19,200,000","15,900,000","22,319,000","14,400,000","15,100,000","2,800,000","18,472,000","12,600,000","13,500,000","10,500,000","15,600,000","11,200,000","11,600,000","8,800,000","14,200,000","8,500,000","9,600,000","8,100,000","13,000,000","5,000,000","11,200,000","4,900,000"
			NetIncomeDiscontinuousOperations,,,,,,,,,,,,,,,,,,,,,,,,,,,,,,,,,,,,,,,,,,,,,,,,,,,"0","0","0","0","-5,809,000","-22,000","-104,000","-5,084,000","-7,915,000","-4,277,000","-1,562,000","-685,000","-1,844,000","-1,539,000","-158,000","-1,510,000","-1,488,000","-5,890,000","-3,343,000","-707,000","-497,000","-18,604,000","-3,053,000","-894,000","-3,805,000","-473,000","-1,027,000","-418,000","-2,393,000","-1,135,000","-873,000","-1,256,000","-6,855,000","0","0","0","-19,869,000","-2,261,000","-2,506,000","-3,482,000","-3,987,000","-3,200,000","-5,000,000",,,,,,,,,,,,,,,,,,,,,,,,,
			NetIncomeExtraordinary,,,,,,,,,,,,,,,,,,,,,,,,,,,,,,,,,,,,,,,,,,,,,,,,,,,,,,,,,,,,,,,,,,,"0","0","0","0","0","0","0","-361,000",,,,,,,,,,,,,,,,,,,,,,,,,,,,,,,,,,,,,,,,,,,,
		MinorityInterests,,,,,,,,,,,,,,,,,,,,,,,,,,,,,,,,,,,,,,,,,,,,,,,,,,,,,,,,,,,,,,,,,,,,,,,,,,,,,,,,,,,,,,"0","-306,000","306,000","-275,000","-562,000","168,000","300,000","400,000","100,000","-1,217,000","200,000","200,000","200,000","54,219,000","100,000","100,000","100,000","54,172,000","500,000","200,000","200,000",,"-200,000","100,000","300,000",,,,"200,000","200,000","200,000","100,000","100,000"
DilutedNIAvailtoComStockholders,"415,000,000","-63,000,000","156,000,000","-22,000,000","344,000,000","139,000,000","132,000,000","213,000,000","158,000,000","-88,000,000","235,030,000","262,765,000","202,698,000","169,507,000","110,039,000","301,199,000","204,374,000","100,230,000","1,216,888,000","227,591,000","232,190,000","145,512,000","190,149,000","198,719,000","236,103,000","76,472,000","163,127,000","83,534,000","130,391,000","125,114,000","191,091,000","157,996,000","198,296,000","136,664,000","144,959,000","137,955,000","-49,612,000","185,535,000","222,989,000","144,475,000","141,111,000","123,318,000","158,531,000","147,385,000","132,888,000","160,816,000","196,712,000","128,232,000","127,019,000","122,439,000","112,409,000","118,208,000","153,179,000","23,290,000","9,361,000","25,228,000","110,702,000","31,505,000","63,586,000","76,521,000","77,475,000","76,252,000","81,474,000","74,035,000","63,631,000","69,070,000","68,177,000","67,629,000","21,817,000","66,557,000","55,420,000","39,395,000","65,337,000","61,739,000","56,089,000","41,751,000","42,559,000","32,742,000","33,387,000","33,588,000","28,051,000","27,780,000","-28,095,000","8,985,000","30,514,000","21,642,000","9,234,000","29,109,000","18,904,000","20,422,000","15,358,000","-17,100,000","20,600,000","22,000,000","6,281,000","20,700,000","19,200,000","15,900,000","22,319,000","14,400,000","15,100,000","2,800,000","18,472,000","12,600,000","13,500,000","10,500,000","15,600,000","11,200,000","11,600,000","8,800,000","14,200,000","8,500,000","9,600,000","8,100,000","13,000,000","5,000,000","11,200,000","4,900,000"
BasicEPS,,"-0.93","2.32","-0.32","5.06","2.04","1.95","3.13","2.49","-1.41","3.75","4.19","3.23","2.7","1.75","4.76","3.19","1.55","18.89","3.53","3.6","2.26","2.96","3.1","3.68","1.18","2.49","1.26","1.97","1.84","2.78","2.3","2.87","1.94","2.05","1.95","-0.69","2.51","3.02","1.96","1.91","1.68",,"2","1.8","2.2",,"1.75","1.74","1.68",,"1.624","2.11","0.32",,"0.4","1.78","0.51",,"1.23","1.25","1.24",,"1.21","1.04","1.13",,"1.08","0.35","1.06",,"0.63","1.05","0.99",,"0.84","0.86","0.66",,"0.68","0.57","0.56",,"0.18","0.62","0.44",,"0.59","0.38","0.41",,"-0.31","0.57","0.48",,"0.45","0.48","0.42",,"0.38","0.39","0.07",,"0.33","0.35","0.28",,"0.29","0.31","0.23",,"0.22","0.25","0.18",,"0.13","0.33","0.21"
DilutedEPS,,"-0.93","2.3","-0.32","5.02","2.04","1.94","3.12","2.48","-1.41","3.68","4.12","3.18","2.65","1.72","4.68","3.13","1.52","18.49","3.47","3.54","2.22","2.92","3.07","3.64","1.17","2.46","1.25","1.94","1.81","2.75","2.28","2.84","1.92","2.03","1.93","-0.69","2.49","3","1.95","1.91","1.67",,"1.98","1.78","2.18",,"1.72","1.7","1.64",,"1.624","2.1","0.32",,"0.4","1.73","0.49",,"1.19","1.2","1.19",,"1.17","1.01","1.1",,"1.06","0.34","1.04",,"0.63","1.04","0.98",,"0.83","0.85","0.66",,"0.68","0.56","0.56",,"0.18","0.61","0.43",,"0.59","0.38","0.41",,"-0.31","0.46","0.48",,"0.45","0.47","0.41",,"0.37","0.39","0.07",,"0.33","0.35","0.28",,"0.29","0.31","0.23",,"0.22","0.25","0.18",,"0.13","0.33","0.21"
BasicAverageShares,,"67,649,000","67,380,000","67,916,000","67,990,000","68,427,000","67,944,000","67,936,000","63,449,000","62,138,000","62,633,000","62,666,000","62,678,000","62,758,000","62,815,000","63,279,000","64,071,000","64,490,000","64,414,000","64,488,000","64,449,000","64,353,000","64,251,000","64,146,000","64,126,000","64,568,000","65,535,000","66,205,000","66,351,000","68,141,000","68,718,000","68,643,000","69,076,000","70,574,000","70,650,000","70,865,000","72,350,000","73,838,000","73,880,000","73,776,000","73,718,000","73,575,000",,"73,856,000","73,971,000","73,213,000",,"74,420,000","74,721,000","74,578,000",,"72,740,000","72,939,000","72,710,000",,"63,607,000","62,192,135","61,774,510",,"62,212,195","61,980,000","61,493,548",,"61,185,950","61,183,654","61,123,894",,"62,619,444","62,334,286","62,789,623",,"62,531,746","62,225,714","62,362,626",,"49,703,571","49,487,209","49,609,091",,"49,394,118","49,212,281","49,607,143",,"49,916,667","49,216,129","49,186,364",,"49,337,288","49,747,368","49,809,756",,"55,161,290","36,140,351","45,833,333",,"45,256,000","39,928,000","37,835,000",,"38,630,000","38,649,000","38,556,000",,"38,181,818","38,571,429","37,500,000",,"38,620,690","37,419,355","38,260,870",,"38,636,364","38,400,000","45,000,000",,"38,461,538","33,939,394","23,333,333"
DilutedAverageShares,,"67,649,000","67,930,000","68,417,000","68,533,000","68,427,000","68,378,000","68,170,000","63,749,000","63,001,000","62,633,000","63,789,000","63,698,000","64,027,000","64,156,000","64,296,000","65,250,000","65,872,000","65,806,000","65,653,000","65,608,000","65,671,000","65,124,000","64,815,000","64,796,000","65,217,000","66,247,000","66,882,000","67,120,000","68,942,000","69,550,000","69,335,000","69,718,000","71,264,000","71,332,000","71,391,000","72,769,000","74,389,000","74,375,000","74,138,000","74,054,000","74,043,000",,"74,254,000","74,530,000","73,836,000",,"74,553,488","74,721,000","74,657,927",,"72,921,074","72,942,381","72,884,000",,"63,607,000","63,989,595","64,295,918",,"64,303,361","64,562,500","64,077,311",,"63,277,778","63,000,990","62,790,909",,"63,800,943","64,167,647","63,997,115",,"62,531,746","62,824,038","62,998,980",,"50,302,410","50,069,412","49,609,091",,"49,394,118","50,091,071","49,607,143",,"49,916,667","50,022,951","49,886,000",,"49,720,000","50,043,000","50,135,000",,"55,161,290","44,782,609","45,833,333",,"45,765,000","40,379,000","38,238,000",,"38,630,000","38,649,000","38,556,000",,"38,181,818","38,571,429","37,500,000",,"38,620,690","37,419,355","38,260,870",,"38,636,364","38,400,000","45,000,000",,"38,461,538","33,939,394","23,333,333"
TotalExpenses,"15,830,000,000","3,990,000,000","4,108,000,000","4,077,000,000","3,623,000,000","3,822,000,000","3,974,000,000","3,358,000,000","3,411,000,000","3,300,000,000","3,476,727,000","3,280,475,000","3,207,331,000","3,203,467,000","3,140,572,000","2,904,870,000","2,948,620,000","3,035,782,000","2,976,949,000","2,805,148,000","2,789,961,000","2,800,896,000","2,773,755,000","2,612,977,000","2,685,845,000","2,404,988,000","2,621,848,000","2,298,497,000","2,416,550,000","2,336,488,000","2,420,670,000","2,484,773,000","2,532,485,000","2,457,733,000","2,507,304,000","2,188,120,000","2,665,400,000","2,322,275,000","2,402,013,000","2,247,602,000","2,159,861,000","2,112,212,000","2,127,634,000","1,823,367,000","2,003,571,000","2,040,586,000","1,998,872,000","1,758,366,000","1,733,805,000","1,906,870,000","1,783,670,000","1,596,430,000","1,597,743,000","1,496,634,000","1,347,841,000","1,277,749,000","1,471,642,000","1,303,579,000","1,386,350,000","1,256,611,000","1,365,063,000","1,235,419,000","1,341,390,000","1,164,914,000","1,145,102,000","1,090,897,000","1,129,160,000","1,044,855,000","1,058,723,000","995,681,000","1,043,939,000","870,358,000","871,022,000","880,207,000","1,002,166,000","649,495,000","647,366,000","603,696,000","664,596,000","496,124,000","512,244,000","515,021,000","583,346,000","445,426,000","415,389,000","457,973,000","456,639,000","351,675,000","380,056,000","362,020,000","1,352,110,000","51,800,000","59,000,000","51,200,000","1,029,145,000","68,700,000","59,600,000","48,900,000","828,844,000","48,300,000","49,800,000","60,400,000","645,068,000","34,600,000","32,500,000","30,700,000","31,900,000","26,300,000","21,000,000","18,800,000","20,300,000","20,900,000","18,800,000","18,600,000","9,600,000","22,600,000","23,800,000","24,500,000"
NetIncomeFromContinuingAndDiscontinuedOperation,"415,000,000","-63,000,000","156,000,000","-22,000,000","344,000,000","139,000,000","132,000,000","213,000,000","158,000,000","-88,000,000","235,030,000","262,765,000","202,698,000","169,507,000","110,039,000","301,199,000","204,374,000","100,230,000","1,216,888,000","227,591,000","232,190,000","145,512,000","190,149,000","198,719,000","236,103,000","76,472,000","163,127,000","83,534,000","130,391,000","125,114,000","191,091,000","157,996,000","198,296,000","136,664,000","144,959,000","137,955,000","-49,612,000","185,535,000","222,989,000","144,475,000","141,111,000","123,318,000","158,531,000","147,385,000","132,888,000","160,816,000","196,712,000","128,232,000","127,019,000","122,439,000","112,409,000","118,208,000","153,179,000","23,290,000","9,361,000","25,228,000","110,702,000","31,505,000","63,586,000","76,521,000","77,475,000","76,252,000","81,474,000","74,035,000","63,631,000","69,070,000","68,177,000","67,629,000","21,817,000","66,557,000","55,420,000","39,395,000","65,337,000","62,100,000","55,544,000","41,751,000","42,559,000","32,742,000","33,387,000","33,588,000","28,051,000","27,780,000","-28,095,000","8,985,000","30,514,000","21,642,000","9,234,000","29,109,000","18,904,000","20,422,000","15,358,000","-17,100,000","20,600,000","22,000,000","6,281,000","20,700,000","19,200,000","15,900,000","22,319,000","14,400,000","15,100,000","2,800,000","18,472,000","12,600,000","13,500,000","10,500,000","15,600,000","11,200,000","11,600,000","8,800,000","14,200,000","8,500,000","9,600,000","8,100,000","13,000,000","5,000,000","11,200,000","4,900,000"
NormalizedIncome,"415,000,000","-63,000,000","156,000,000","-22,000,000","344,000,000","139,000,000","132,000,000","213,000,000","158,000,000","-88,000,000","235,030,000","262,765,000","202,698,000","169,507,000","110,039,000","301,199,000","204,374,000","100,230,000","1,216,888,000","227,591,000","232,190,000","145,512,000","190,149,000","198,719,000","236,103,000","76,472,000","163,127,000","83,534,000","130,391,000","125,114,000","191,091,000","157,996,000","198,296,000","136,664,000","144,959,000","137,955,000","-49,612,000","185,535,000","222,989,000","144,475,000","141,111,000","123,318,000","158,531,000","147,385,000","132,888,000","160,816,000","196,712,000","128,232,000","127,019,000","122,439,000","112,409,000","118,208,000","153,179,000","23,290,000","15,170,000","25,250,000","110,806,000","36,589,000","71,501,000","80,798,000","79,037,000","76,937,000","83,318,000","75,574,000","63,789,000","70,580,000","69,665,000","73,519,000","25,160,000","67,264,000","55,917,000","49,401,276.042","77,015,888.531","62,994,000","59,349,000","42,224,000","43,586,000","33,160,000","35,780,000","34,723,000","28,924,000","29,036,000","-21,240,000","8,985,000","30,514,000","21,642,000","29,103,000","31,370,000","21,410,000","23,904,000","19,345,000","-13,900,000","25,600,000","22,000,000","33,909,000","20,700,000","19,200,000","15,900,000","22,319,000","14,400,000","15,100,000","13,600,000","18,472,000","12,600,000","13,500,000","10,500,000","15,600,000","11,200,000","11,600,000","8,800,000","14,200,000","8,500,000","9,600,000","8,100,000","13,000,000","5,000,000","11,200,000","4,900,000"
InterestIncome,,,"2,000,000",,,,,,,,,,,,,,,,,,,,,,,,,,,,"9,660,000",,,,,,,,,,,,,,,,,,,,,,,,,,,,,,,,,,,,,,,,,,,,,,,,,,,,,,,,,,,,,,,,,,,,,,,,,,,,,,,,,,,,,,,
InterestExpense,"819,000,000","183,000,000","157,000,000","218,000,000","261,000,000","191,000,000","219,000,000","239,000,000","229,000,000","187,000,000","223,324,000","272,189,000","201,125,000","173,362,000","131,722,000","176,582,000","146,352,000","117,903,000","190,407,000","162,935,000","144,637,000","150,086,000","105,511,000","159,911,000","116,180,000","120,712,000","140,852,000","69,573,000","113,097,000","156,305,000","93,863,000","157,017,000","151,173,000","145,678,000","207,819,000","90,770,000","148,263,000","153,969,000","408,832,000","29,749,000","23,360,000","23,322,000","25,226,000","27,025,000","25,818,000","24,569,000","25,215,000","25,191,000","25,141,000","15,449,000","22,985,000","5,243,000","19,595,000","22,117,000","-124,638,000","19,228,000","21,580,000","96,991,000","64,234,000","40,335,000","136,884,000","81,519,000","110,077,000","58,685,000","59,746,000","78,296,000","66,385,000","69,971,000","48,510,000","64,938,000","69,947,000","56,991,000","53,874,000","56,556,000","58,193,000","55,634,000","52,909,000","49,755,000","55,979,000","31,162,000","38,811,000","36,279,000","36,500,000","37,070,000","23,924,000","32,315,000","35,399,000","31,195,000","30,951,000","24,833,000","157,438,000","2,500,000","2,300,000","2,000,000","155,652,000","2,200,000","2,200,000","2,000,000","93,942,000","1,900,000","2,000,000","1,900,000","1,969,000","2,000,000","1,900,000","300,000",,,,,,,,,,,,
NetInterestIncome,"-829,000,000","-184,000,000","-161,000,000","-221,000,000","-263,000,000","-194,000,000","-222,000,000","-243,000,000","-233,000,000","-193,000,000","-229,654,000","-279,291,000","-208,276,000","-181,779,000","-138,912,000","-184,049,000","-153,792,000","-125,505,000","-197,808,000","-170,627,000","-151,410,000","-156,856,000","-111,942,000","-166,395,000","-122,767,000","-127,037,000","-147,034,000","-74,706,000","-118,355,000","-162,376,000","-97,573,000","-159,588,000","-153,764,000","-148,247,000","-210,382,000","-93,468,000","-150,913,000","-156,507,000","-421,029,000","-29,749,000","-23,360,000","-23,322,000","-25,226,000","-27,025,000","-25,818,000","-24,569,000","-25,215,000","-25,191,000","-25,141,000","-15,449,000","-22,985,000","-5,243,000","-19,595,000","-22,117,000","124,638,000","-19,228,000","-21,580,000","-96,991,000","-64,234,000","-40,335,000","-136,884,000","-81,519,000","-110,077,000","-58,685,000","-59,746,000","-78,296,000","-66,385,000","-69,971,000","-48,510,000","-64,938,000","-69,947,000","-56,991,000","-53,874,000","-56,556,000","-58,193,000","-55,634,000","-52,909,000","-49,755,000","-55,979,000","-31,162,000","-38,811,000","-36,279,000","-36,500,000","-37,070,000","-23,924,000","-32,315,000","-35,399,000","-31,195,000","-30,951,000","-24,833,000","-157,438,000","-2,500,000","-2,300,000","-2,000,000","-155,652,000","-2,200,000","-2,200,000","-2,000,000","-93,942,000","-1,900,000","-2,000,000","-1,900,000","-1,969,000","-2,000,000","-1,900,000","-300,000",,,,,,,,,,,,
EBIT,"1,264,000,000","123,000,000","214,000,000","184,000,000","743,000,000","377,000,000","388,000,000","524,000,000","424,000,000","91,000,000","531,593,000","619,279,000","461,202,000","389,926,000","269,668,000","499,243,000","393,640,000","255,828,000","445,901,000","503,097,000","483,952,000","357,930,000","401,054,000","447,511,000","469,403,000","228,292,000","347,595,000","209,710,000","326,887,000","340,430,000","370,606,000","388,832,000","451,708,000","345,118,000","437,309,000","292,465,000","73,505,000","432,796,000","729,921,000","231,228,000","239,252,000","204,085,000","245,811,000","198,565,000","226,224,000","266,418,000","300,472,000","222,364,000","223,213,000","208,764,000","183,150,000","187,794,000","235,018,000","56,323,000","-104,444,000","51,774,000","192,544,000","153,679,000","174,479,000","162,065,000","260,597,000","200,749,000","238,262,000","176,254,000","157,180,000","186,496,000","176,025,000","183,533,000","81,119,000","165,473,000","149,826,000","146,097,000","159,267,000","151,371,000","149,934,000","118,641,000","119,918,000","99,608,000","105,671,000","85,192,000","83,876,000","81,470,000","4,140,000","49,760,000","74,062,000","67,997,000","80,724,000","81,882,000","70,170,000","64,947,000","250,510,000","2,500,000","2,300,000","2,000,000","293,699,000","2,200,000","2,200,000","2,000,000","178,013,000","1,900,000","2,000,000",,"89,030,000","2,000,000","1,900,000","300,000",,,,,,,,,,,,
ReconciledDepreciation,,,,,,"11,000,000","16,000,000","10,000,000","19,000,000","4,000,000","15,376,000","11,461,000","11,146,000","11,017,000","12,974,000","10,599,000","11,260,000","10,294,000","31,518,000","7,515,000","7,024,000","6,845,000",,,,,,,,,,,,,,,,,,,,,,,,"-27,093,000",,,,,,,,,,,"-27,667,000","-23,199,000","-21,334,000","-24,647,000","-20,123,000","-9,551,000","-12,819,000","-13,901,000",,,"-10,728,000","-13,285,000","-11,019,000","-5,256,000","-5,693,000","-9,734,000","-8,393,000","-8,760,000","-8,925,000","-10,373,000","-11,645,000","-9,284,000","-24,481,000","8,062,000","-10,132,000","-9,351,000","-11,994,000","-7,370,000","-18,963,000","-658,000","-13,544,000","-6,439,000","-9,785,000","-6,116,000","-9,400,000","-3,700,000","-14,500,000","900,000","-9,000,000","-4,300,000","-5,500,000","-300,000","-4,800,000","-4,100,000","-3,000,000","-2,200,000","-1,800,000","-800,000","-3,000,000","-2,300,000","-2,600,000","-2,000,000","-1,600,000","-1,100,000","-700,000","-800,000","-1,600,000","1,300,000","-100,000","-100,000","-1,200,000","100,000"
NetIncomeFromContinuingOperationNetMinorityInterest,"415,000,000","-63,000,000","156,000,000","-22,000,000","344,000,000","139,000,000","132,000,000","213,000,000","158,000,000","-88,000,000","235,030,000","262,765,000","202,698,000","169,507,000","110,039,000","301,199,000","204,374,000","100,230,000","1,216,888,000","227,591,000","232,190,000","145,512,000","190,149,000","198,719,000","236,103,000","76,472,000","163,127,000","83,534,000","130,391,000","125,114,000","191,091,000","157,996,000","198,296,000","136,664,000","144,959,000","137,955,000","-49,612,000","185,535,000","222,989,000","144,475,000","141,111,000","123,318,000","158,531,000","147,385,000","132,888,000","160,816,000","196,712,000","128,232,000","127,019,000","122,439,000","112,409,000","118,208,000","153,179,000","23,290,000","15,170,000","25,250,000","110,806,000","36,589,000","71,501,000","80,798,000","79,037,000","76,937,000","83,318,000","75,574,000","63,789,000","70,580,000","69,665,000","73,519,000","25,160,000","67,264,000","55,917,000","57,999,000","68,390,000","62,994,000","59,349,000","42,224,000","43,586,000","33,160,000","35,780,000","34,723,000","28,924,000","29,036,000","-21,240,000","8,985,000","30,514,000","21,642,000","29,103,000","31,370,000","21,410,000","23,904,000","19,345,000","-13,900,000","25,600,000","22,000,000","33,909,000","20,700,000","19,200,000","15,900,000","22,319,000","14,400,000","15,100,000","2,800,000","18,472,000","12,600,000","13,500,000","10,500,000","15,600,000","11,200,000","11,600,000","8,800,000","14,200,000","8,500,000","9,600,000","8,100,000","13,000,000","5,000,000","11,200,000","4,900,000"
TotalUnusualItemsExcludingGoodwill,,,,,,,,,,,,,,,,,,,,,,,,,,,,,,,,,,,,,,,,,,,,,,,,,,,,,,,,,,,,,,,,,,,,,,,,"13,209,000","-13,293,000",,,,,,,,,,,,,,,,,,,,,,,,,,"0",,,"-18,000,000",,,,,,,,,,,,,,,,
TotalUnusualItems,,,,,,,,,,,,,,,,,,,,,,,,,,,,,,,,,,,,,,,,,,,,,,,,,,,,,,,,,,,,,,,,,,,,,,,,"13,209,000","-13,293,000",,,,,,,,,,,,,,,,,,,,,,,,,,"0",,,"-18,000,000",,,,,,,,,,,,,,,,
TaxRateForCalcs,"0.067","0.4","0.27","0.343","0.285","0.253","0.219","0.255","0.189","0.089","0.238","0.243","0.221","0.217","0.202","0.067","0.174","0.273","0.4","0.331","0.316","0.3","0.357","0.309","0.332","0.289","0.211","0.4","0.39","0.321","0.31","0.318","0.34","0.315","0.368","0.316","0.336","0.335","0.306","0.283","0.346","0.318","0.281","0.141","0.337","0.335","0.285","0.35","0.359","0.367","0.298","0.352","0.289","0.319","0.249","0.224","0.352","0.355","0.351","0.336","0.361","0.355","0.35","0.357","0.345","0.348","0.365","0.353","0.228","0.331","0.3","0.349","0.351","0.336","0.353","0.33","0.35","0.335","0.28","0.357","0.358","0.357","0.344","0.292","0.391","0.393","0.365","0.375","0.4","0.39","0.127","0","0","0","0.126","0","0","0","0.145","0","0","0.4","0.114","0","0","0","0","0","0","0","0","0","0","0","0","0","0","0"
TaxEffectOfUnusualItems,"0","0","0","0","0","0","0","0","0","0","0","0","0","0","0","0","0","0","0","0","0","0","0","0","0","0","0","0","0","0","0","0","0","0","0","0","0","0","0","0","0","0","0","0","0","0","0","0","0","0","0","0","0","0","0","0","0","0","0","0","0","0","0","0","0","0","0","0","0","0","0","4,611,276.042","-4,667,111.469","0","0","0","0","0","0","0","0","0","0","0","0","0","0","0","0","0","0","0","0","0","0","0","0","0","0","0","0","-7,200,000","0","0","0","0","0","0","0","0","0","0","0","0","0","0","0","0"