name,ttm,03/31/2022,12/31/2021,09/30/2021,06/30/2021,03/31/2021,12/31/2020,09/30/2020,06/30/2020,03/31/2020,12/31/2019,09/30/2019,06/30/2019,03/31/2019,12/31/2018,09/30/2018,06/30/2018,03/31/2018,12/31/2017,09/30/2017,06/30/2017,03/31/2017,12/31/2016,09/30/2016,06/30/2016,03/31/2016,12/31/2015,09/30/2015,06/30/2015,03/31/2015,12/31/2014,09/30/2014,06/30/2014,03/31/2014,12/31/2013,09/30/2013,06/30/2013,03/31/2013,12/31/2012,09/30/2012,06/30/2012,03/31/2012,09/30/2011,06/30/2011,03/31/2011,12/31/2010,09/30/2010,06/30/2010,03/31/2010,12/31/2009,09/30/2009,06/30/2009,03/31/2009,12/31/2008,09/30/2008,06/30/2008,03/31/2008,12/31/2007,09/30/2007,06/30/2007,03/31/2007,12/31/2006,09/30/2006,06/30/2006,03/31/2006,12/31/2005,09/30/2005,06/30/2005,03/31/2005,12/31/2004,09/30/2004,06/30/2004,03/31/2004,12/31/2003,09/30/2003,06/30/2003,03/31/2003,12/31/2002,09/30/2002,06/30/2002,03/31/2002,12/31/2001,09/30/2001,06/30/2001,03/31/2001,12/31/2000,09/30/2000,06/30/2000,03/31/2000,12/31/1999,09/30/1999,06/30/1999,03/31/1999,12/31/1998,09/30/1998,06/30/1998,03/31/1998,12/31/1997,09/30/1997,06/30/1997,03/31/1997,12/31/1996,09/30/1996,06/30/1996,03/31/1996,12/31/1995,09/30/1995,06/30/1995,03/31/1995,12/31/1994,09/30/1994,06/30/1994,03/31/1994,12/31/1993,09/30/1993,06/30/1993,03/31/1993,12/31/1992,09/30/1992,06/30/1992,03/31/1992,12/31/1991,09/30/1991,06/30/1991,03/31/1991,12/31/1990,09/30/1990,06/30/1990,03/31/1990,12/31/1989,09/30/1989,06/30/1989,03/31/1989,12/31/1988,09/30/1988,06/30/1988,03/31/1988,12/31/1987,09/30/1987,06/30/1987,03/31/1987,12/31/1986,09/30/1986,06/30/1986,03/31/1986,12/31/1985,09/30/1985
TotalRevenue,"734,097,000","206,400,000","186,521,000","178,216,000","162,960,000","142,837,000","108,648,000","94,060,000","87,462,000","76,090,000","69,474,000","69,445,000","70,692,000","60,634,000","51,942,000","49,529,000","47,731,000","44,830,000","41,612,000","36,580,000","32,455,000","30,590,000","25,599,000","24,677,000","29,170,000","25,094,000","21,449,000","19,814,000","21,457,267","20,816,276","16,393,233","15,278,185","15,551,077","16,325,853","15,382,610","18,822,053","17,508,967","16,455,993","18,813,960","15,104,295","15,523,820","12,824,461","8,631,378","7,653,725","5,906,385","7,067,789","7,306,978","7,009,872","4,872,273","5,617,348","5,420,594","5,060,853","4,593,755","6,017,598","5,089,924","13,660,245","3,300,777","4,664,366","5,352,321","5,978,818","3,698,812","3,882,439","2,864,820","3,628,168","2,885,280","2,987,753","2,799,724","4,239,647","2,994,660","2,259,763","1,296,432","2,809,453","2,113,579","1,320,846","1,418,955","2,060,961","2,047,819","2,417,030","1,687,490","1,619,442","1,522,405","1,179,892","886,733","712,536","851,756","615,154","465,418","660,794","950,596","900,000","1,000,000","700,000","900,000","500,000","800,000","600,000","500,000","800,000","500,000","700,000","900,000","1,100,000","1,000,000","800,000","900,000","2,100,000","5,000,000","2,800,000","5,100,000","3,600,000","3,400,000","4,800,000","6,500,000","6,700,000","6,800,000","6,200,000","9,800,000","4,300,000","5,200,000","8,900,000","4,700,000","2,300,000","2,000,000","2,700,000","-100,000","2,500,000","2,500,000","2,600,000","4,300,000","3,600,000","2,700,000","2,500,000","2,200,000","2,700,000","1,700,000","1,800,000","3,000,000","1,300,000","1,700,000","5,200,000","1,200,000","1,000,000","900,000","700,000","900,000","900,000","900,000"
	OperatingRevenue,"734,097,000","206,400,000","186,521,000","178,216,000","162,960,000","142,837,000","108,648,000","94,060,000","87,462,000","76,090,000","69,474,000","69,445,000","70,692,000","60,634,000","51,942,000","49,529,000","47,731,000","44,830,000","41,612,000","36,580,000","32,455,000","30,590,000","25,599,000","24,677,000","29,170,000","25,094,000","21,449,000","19,814,000","21,457,267","20,816,276","16,393,233","15,278,185","15,551,077","16,325,853","15,382,610","18,822,053","17,508,967","16,455,993","18,813,960","15,104,295","15,523,820","12,824,461","8,631,378","7,653,725","5,906,385","7,067,789","7,306,978","7,009,872","4,872,273","5,617,348","5,420,594","5,060,853","4,593,755","6,017,598","5,089,924","13,660,245","3,300,777","4,664,366","5,352,321","5,978,818","3,698,812","3,882,439","2,864,820","3,628,168","2,885,280","2,987,753","2,799,724","4,238,647","2,994,660","2,259,763","1,296,432","2,809,453","2,113,579","1,320,846","1,418,955","2,060,961","2,047,819","2,417,030","1,687,490","1,619,442","1,522,405","1,179,892","886,733","712,536","851,756","615,154","465,418","660,794","950,596","900,000","1,000,000","700,000","900,000","500,000","800,000","600,000","500,000","800,000","500,000","700,000","900,000","1,100,000","1,000,000","800,000","900,000","2,100,000","5,000,000","2,800,000","5,100,000","3,600,000","3,400,000","4,800,000","6,500,000","6,700,000","6,800,000","6,200,000","9,800,000","4,300,000","5,200,000","8,900,000","4,700,000","2,300,000","2,000,000","2,700,000","-100,000","2,500,000","2,500,000","2,600,000","4,300,000","3,600,000","2,700,000","2,500,000","2,200,000","2,700,000","1,700,000","1,800,000","3,000,000","1,300,000","1,700,000","5,200,000","1,200,000","1,000,000","900,000","700,000","900,000","900,000","900,000"
CostOfRevenue,"301,889,000","82,356,000","82,048,000","75,495,000","61,990,000","59,747,000","48,163,000","39,626,000","36,863,000","31,982,000","30,121,000","31,425,000","30,708,000","26,845,000","23,592,000","22,183,000","21,088,000","19,668,000","19,137,000","19,987,000","13,937,000","13,990,000","12,162,000","11,242,000","12,644,000","11,069,000","10,148,000","8,444,000","8,586,147","8,072,904","8,084,295","6,931,094","6,671,581","6,335,064","5,365,680","6,383,609","5,940,545","7,473,465","6,540,058","7,013,368","7,882,190","5,488,408","2,511,234","1,968,679","1,769,980","1,861,402","1,848,552","1,637,491","1,230,606","1,427,824","1,259,521","1,588,219","1,611,619","1,572,599","1,421,256","2,171,401","1,303,054","1,730,464","1,412,428","1,714,299","901,952","804,913","914,955","993,016","887,720","817,562","872,184","973,395","1,023,265","1,028,615","703,329","1,132,593","870,084","782,233","740,470","855,590","1,008,090","1,140,908","661,797","669,646","496,597","585,099","554,600","356,439","359,539","252,839","180,432","242,764","182,233","200,000","200,000","100,000","200,000","100,000","100,000",,"100,000","100,000","100,000",,"0","200,000","-100,000","200,000",,"-200,000","300,000","-100,000","-200,000","-300,000","-300,000","-300,000","800,000","600,000","-100,000",,"100,000","-100,000","-300,000","-300,000",,"-500,000","3,000,000","3,100,000","-9,000,000","2,800,000","2,800,000","2,700,000",,,,,,,,,,,,,,,,,,,
GrossProfit,"432,208,000","124,044,000","104,473,000","102,721,000","100,970,000","83,090,000","60,485,000","54,434,000","50,599,000","44,108,000","39,353,000","38,020,000","39,984,000","33,789,000","28,350,000","27,346,000","26,643,000","25,162,000","22,475,000","16,593,000","18,518,000","16,600,000","13,437,000","13,435,000","16,526,000","14,025,000","11,301,000","11,370,000","12,871,120","12,743,372","8,308,938","8,347,091","8,879,496","9,990,789","10,016,930","12,438,444","11,568,422","8,982,528","12,273,902","8,090,927","7,641,630","7,336,053","6,120,144","5,685,046","4,136,405","5,206,387","5,458,426","5,372,381","3,641,667","4,189,524","4,161,073","3,472,634","2,982,136","4,444,999","3,668,668","11,488,844","1,997,723","2,933,902","3,939,893","4,264,519","2,796,860","3,077,526","1,949,865","2,635,152","1,997,560","2,170,191","1,927,540","3,266,252","1,971,395","1,231,148","593,103","1,676,860","1,243,495","538,613","678,485","1,205,371","1,039,729","1,276,122","1,025,693","949,796","1,025,808","594,793","332,133","356,097","492,217","362,315","284,986","418,030","768,363","700,000","800,000","600,000","700,000","400,000","700,000",,"400,000","700,000","400,000",,"900,000","900,000","1,100,000","600,000",,"2,300,000","4,700,000","2,900,000","5,300,000","3,900,000","3,700,000","5,100,000","5,700,000","6,100,000","6,900,000",,"9,700,000","4,400,000","5,500,000","9,200,000",,"2,800,000","-1,000,000","-400,000","8,900,000","-300,000","-300,000","-100,000",,,,,,,,,,,,,,,,,,,
OperatingExpense,"237,888,000","66,455,000","61,176,000","57,527,000","52,730,000","46,707,000","43,066,000","33,473,000","31,062,000","32,202,000","33,459,000","30,056,000","28,930,000","22,618,000","20,497,000","19,460,000","22,370,000","19,186,000","19,213,000","16,999,000","13,045,000","10,924,000","10,606,000","9,013,000","10,030,000","8,557,000","7,904,000","7,449,000","7,493,851","7,592,100","6,302,134","6,120,546","5,755,967","4,584,600","4,788,541","4,331,577","5,430,272","5,491,503","5,566,678","5,903,219","6,323,891","6,168,978","5,567,718","5,806,579","6,222,907","4,909,582","4,931,896","4,483,286","5,404,483","5,559,276","5,367,464","4,900,357","6,197,670","4,983,110","3,993,186","3,530,696","5,862,058","3,932,904","39,357,671","4,279,457","3,148,160","3,334,515","3,045,912","2,756,144","3,011,732","2,576,431","2,607,304","2,385,971","2,520,505","2,281,702","2,413,054","2,418,591","4,596,774","2,766,240","2,912,506","3,331,351","2,829,817","2,182,458","2,263,955","2,109,514","2,160,806","1,671,286","2,010,725","2,043,730","2,204,599","2,488,985","2,048,520","1,901,578","1,658,715","2,400,000","1,600,000","1,000,000","1,100,000","800,000","900,000","1,000,000","700,000","800,000","700,000","800,000","1,100,000","1,000,000","900,000","1,100,000","2,800,000","4,600,000","5,700,000","5,500,000","8,100,000","9,600,000","9,600,000","11,000,000","10,300,000","11,400,000","11,500,000","11,300,000","9,900,000","10,200,000","10,200,000","8,800,000","5,700,000","11,200,000","1,200,000","1,000,000","13,000,000","1,200,000","1,100,000","1,200,000",,,,,,,,,,,,,,,,,,,
	SellingGeneralAndAdministration,"199,071,000","54,300,000","52,057,000","48,373,000","44,341,000","39,095,000","36,344,000","29,051,000","26,726,000","27,500,000","28,287,000","24,629,000","23,699,000","18,998,000","17,345,000","15,859,000","16,590,000","15,898,000","16,144,000","14,998,000","11,185,000","9,182,000","8,567,000","7,127,000","8,140,000","7,018,000","6,473,000","5,959,000","6,242,275","6,024,526","4,974,428","4,470,682","4,325,834","3,383,610","3,367,108","2,902,048","3,123,940","3,308,099","3,253,719","3,126,244","3,418,233","3,674,759","2,493,093","2,289,118","2,438,636","1,979,361","1,812,617","1,788,238","1,952,133","1,713,750","1,888,619","1,517,357","1,552,871","1,403,881","1,529,767","1,446,571","3,504,362","2,341,108","2,185,799","2,142,131","1,695,945","1,659,931","1,462,854","1,541,561","1,598,497","1,340,691","1,282,655","1,195,496","1,186,861","1,241,890","1,138,856","1,029,479","880,145","915,764","1,011,117","1,902,677","1,447,830","819,399","1,009,734","882,257","577,992","649,900","680,518","617,417","535,860","568,289","657,780","731,084","880,398","400,000","800,000","400,000","600,000","300,000","400,000","400,000","400,000","300,000","300,000","300,000","900,000","400,000","400,000","800,000","400,000","1,400,000","1,700,000","1,300,000","100,000","1,500,000","1,400,000","1,600,000","9,500,000","10,900,000","11,000,000","10,700,000","9,600,000","9,900,000","9,600,000","8,300,000","5,300,000","10,500,000","900,000","800,000","12,800,000","900,000","900,000","1,000,000",,,,,,,,,,,,,,,,,,,
	ResearchAndDevelopment,"38,817,000","12,155,000","9,119,000","9,154,000","8,389,000","7,612,000","6,722,000","4,422,000","4,336,000","4,702,000","5,172,000","5,427,000","5,231,000","3,620,000","3,152,000","3,601,000","5,780,000","3,288,000","3,069,000","2,001,000","1,860,000","1,742,000","2,039,000","1,886,000","1,890,000","1,539,000","1,431,000","1,490,000","1,251,576","1,567,574","1,327,706","1,649,864","1,430,133","1,200,990","1,421,433","1,429,529","2,306,332","2,183,404","2,342,647","2,433,043","2,905,658","2,808,463","3,074,625","3,517,461","3,784,271","2,930,221","3,119,279","2,695,048","3,452,350","3,845,526","3,478,845","3,383,000","4,644,799","3,579,229","2,463,419","2,084,125","2,357,696","1,591,796","1,153,995","2,137,326","1,452,215","1,674,584","1,583,058","1,214,583","1,413,235","1,235,740","1,324,649","1,189,475","1,333,644","1,039,812","1,274,198","1,389,112","1,303,385","1,850,476","1,901,389","1,428,674","1,381,987","1,363,059","1,254,221","1,227,257","1,582,814","1,021,386","1,330,207","1,426,313","1,580,150","1,780,506","1,342,667","1,083,070","653,908","1,900,000","700,000","500,000","400,000","400,000","500,000","500,000","300,000","400,000","400,000","400,000","100,000","600,000","400,000","300,000","2,100,000","2,900,000","3,600,000","3,800,000","7,300,000","7,500,000","7,500,000","8,700,000",,,,,,,,,,,,,,,,,,,,,,,,,,,,,,,,,,,
	DepreciationAmortizationDepletionIncomeStatement,,,,,,,,,,,,,,,,,,,,,,,,,,,,,,,,,,,,,,,,,,,,,,,,,,,,,,,,,,,,,,,,,,,,,,,,,,,,,,,,,,,,,"88,589","140,190","48,073","87,424","124,409","100,000","100,000","100,000","100,000","100,000",,"100,000","0","100,000",,"100,000","100,000",,"100,000",,"300,000","300,000","400,000","400,000","700,000","600,000","700,000","700,000","800,000","500,000","500,000","600,000","300,000","300,000","600,000","500,000","400,000","700,000","300,000","200,000","200,000","300,000","200,000","200,000",,,,,,,,,,,,,,,,,,,
		DepreciationAndAmortizationInIncomeStatement,,,,,,,,,,,,,,,,,,,,,,,,,,,,,,,,,,,,,,,,,,,,,,,,,,,,,,,,,,,,,,,,,,,,,,,,,,,,,,,,,,,,,"88,589","140,190","48,073","87,424","124,409","100,000","100,000","100,000","100,000","100,000",,"100,000","0","100,000",,"100,000","100,000",,"100,000",,"300,000","300,000","400,000","400,000","700,000","600,000","700,000","700,000","800,000","500,000","500,000","600,000","300,000","300,000","600,000","500,000","400,000","700,000","300,000","200,000","200,000","300,000","200,000","200,000",,,,,,,,,,,,,,,,,,,
	OtherOperatingExpenses,,,,,,,,,,,,,,,,,,,,,,,,,,,,,,,,,,,,,,,,"343,932",,"-314,244",,,,,,,,,,,,,,,"0",,"36,017,877",,,,,,,,,"1,000",,,,,,,,,,,,,,,,,,,,,,,,,,,,,,,,,,,,,,,,,,,,,,,,,,,,,,,,,,,,,,,,,,,,,,,,,,,,,,,
OperatingIncome,"194,320,000","57,589,000","43,297,000","45,194,000","48,240,000","36,383,000","17,419,000","20,961,000","19,537,000","11,906,000","5,894,000","7,964,000","11,054,000","11,171,000","7,853,000","7,886,000","4,273,000","5,976,000","3,262,000","-406,000","5,473,000","5,676,000","2,831,000","4,422,000","6,496,000","5,468,000","3,397,000","3,921,000","5,377,269","5,151,272","2,006,804","2,226,545","3,123,529","5,406,189","5,228,389","8,106,867","6,138,150","3,491,025","6,707,224","2,187,708","1,317,739","1,167,075","552,426","-121,533","-2,086,502","296,805","526,530","889,095","-1,762,816","-1,369,752","-1,206,391","-1,427,723","-3,215,534","-538,111","-324,518","7,958,148","-3,864,335","-999,002","-35,417,778","-14,938","-351,300","-256,989","-1,096,047","-120,992","-1,014,172","-406,240","-679,764","880,281","-549,110","-1,050,554","-1,819,951","-741,731","-3,353,279","-2,227,627","-2,234,021","-2,125,980","-1,790,088","-906,336","-1,238,262","-1,159,718","-1,134,998","-1,076,493","-1,678,592","-1,687,633","-1,712,382","-2,126,670","-1,763,534","-1,483,548","-890,352","-1,700,000","-800,000","-400,000","-400,000","-400,000","-200,000","-400,000","-300,000","-100,000","-300,000","-100,000","-200,000","-100,000","200,000","-500,000","-2,000,000","-2,300,000","-1,000,000","-2,600,000","-2,800,000","-5,700,000","-5,900,000","-5,900,000","-4,600,000","-5,300,000","-4,600,000","-5,100,000","-200,000","-5,800,000","-4,700,000","400,000","-800,000","-8,400,000","-2,200,000","-1,400,000","-4,100,000","-1,500,000","-1,400,000","-1,300,000","-10,900,000","3,600,000","2,700,000","2,500,000","-9,700,000","2,700,000","1,700,000","1,800,000","-8,300,000","1,300,000","1,700,000","5,200,000","-7,400,000","1,000,000","900,000","700,000","-5,200,000","900,000","900,000"
NetNonOperatingInterestIncomeExpense,"-10,352,000","-744,000","-3,244,000","-3,220,000","-3,144,000","-3,106,000","-3,101,000","-3,052,000","-3,004,000","-2,976,000","-2,966,000","-2,857,000","-1,743,000","-1,726,000","-1,701,000","-1,687,000","-1,669,000","-1,652,000","-1,637,000","-1,618,000","-1,601,000","-1,585,000","-1,570,000","-1,555,000","-638,000","-5,000","-8,000","-8,000","-7,788","-9,041","-11,603","-11,489","-12,780","-14,085","-12,212","-11,704","-12,402","-13,531","-14,178","-7,205","-27,360","-22,381",,,"-13,484","-12,683","0","0","0","-620","-676","-676",,,,,,,,,,,,,,,,,,,,,,,,,,,,,,,,,,,,,,,,,,,,,,,,,,,,,,,,,,,,,,,,,,,,,,,,,,,,,,,,,,,,,,,,,,,,,,,
	InterestIncomeNonOperating,,,,,,,,,,,,,,,,,,,,,,,,,,,,,,,,"-11,489",,,"-12,212",,,,,,,,,,,,,,,,,,,,,,,,,,,,,,,,,,,,,,,,,,,,,,,,,,,,,,,,,,,,,,,,,,,,,,,,,,,,,,,,,,,,,,,,,,,,,,,,,,,,,,,,,,,,,,,,
	InterestExpenseNonOperating,"10,252,000","292,000","3,244,000","3,220,000","3,144,000","3,106,000","3,101,000","3,052,000","3,004,000","2,976,000","2,966,000","2,857,000","1,743,000","1,726,000","1,701,000","1,687,000","1,669,000","1,652,000","1,637,000","1,618,000","1,601,000","1,585,000","1,570,000","1,555,000","638,000","5,000","8,000","8,000","7,788","9,041","11,603","11,489","12,780","14,085","12,212","11,704","12,402","13,531","14,178","7,205","27,360","22,381",,,"13,484","12,683","0","0","0","620",,"676",,,,,,,,,,,,,,,,,,,,,,,,,,,,,,,,,,,,,,,,,,,,,,,,,,,,,,,,,,,,,,,,,,,,,,,,,,,,,,,,,,,,,,,,,,,,,,,
	TotalOtherFinanceCost,,"452,000",,,,,,,,,,,,,,,,,,,,,,,,,,,,,,,,,,,,,,,,,,,,,,,,,"676",,,,,,,,,,,,,,,,,,,,,,,,,,,,,,,,,,,,,,,,,,,,,,,,,,,,,,,,,,,,,,,,,,,,,,,,,,,,,,,,,,,,,,,,,,,,,,,,
OtherIncomeExpense,"-4,599,000","2,086,000","-5,205,000","-742,000","-738,000","-172,000","460,000","-166,000","-513,000","1,746,000","1,417,000","-3,436,000","308,000","1,071,000","719,000","424,000","763,000","252,000","-76,000","2,000","-218,000","-24,000","306,000","-653,000","-486,000","-2,923,000","-2,195,000","-234,000","-1,018,093","-943,758","-1,752,522","39,496","132,500","6,001","-906","47,616","-92,045","144,574","-275,518","404,607","487,814","140,685","52,247","65,936","69,299","91,794","96,679","98,958","133,593","186,668","227,364","322,419","374,816","473,069","515,235","532,585","668,480","759,521","40,535,900","257,367","246,782","240,290","235,739",,"-552,620","203,928",,"1,169,608","427,770","750,000",,,"-2,315,921","100,721","93,875","98,128","92,656","140,483","155,614","168,579","212,080","259,174","301,720","344,124","199,069","544,067","551,526","512,605",,,,,"-1,200,000","100,000",,,,,,,,,,,,,,,"-10,300,000",,"-1,000,000",,,,,"700,000",,"1,700,000","600,000",,,,,,,,,,,,,,,,,,,,,,,,,,,,
	GainOnSaleOfSecurity,"201,000","77,000","39,000","44,000","41,000","52,000","42,000","82,000","253,000","1,364,000","1,708,000","1,898,000","1,005,000","713,000","644,000","558,000","512,000","181,000","63,000","102,000","110,000","96,000","112,000","97,000","76,000","61,000","44,000","37,000","19,012","36,585","58,808","63,924","84,920","101,816","97,908","76,046","65,605","61,519","61,858",,,,,,,,,,,,,,,,,,,,,,,,,,,,,,,,,,,,,,,,,,,,,,,,,,,,,,,,,,,,,,,,,,,,,,,,,,,,,,,,,,,,,,,,,,,,,,,,,,,,,,,,,,,,
	SpecialIncomeCharges,"-3,454,000","2,411,000","-5,865,000",,,,"0","0",,,"0","-5,650,000",,,,,,,"0","0","0","0","75,000","-675,000","-637,000","-2,005,000","-1,969,000","-233,000","-768,556","-1,112,374","-1,945,659","-10,315","-17,700","-98,320","-44,670","-65,108","-35,387","53,974","-520,525","404,607","487,814","140,685","52,247","65,936","69,299","91,794","96,679","98,958","133,593","186,668","227,364","322,419","374,816","473,069","515,235","532,585","668,480","759,521","40,535,900","257,367","246,782","240,290","235,739",,"-552,620","203,928",,"1,169,608","427,770","750,000",,,"-2,315,921","100,721","93,875","98,128","92,656","140,483","155,614","168,579","212,080","259,174","301,720","344,124","199,069","544,067","551,526","512,605",,,,,"-1,200,000","100,000",,,,,,,,,,,,,,,"-10,300,000",,"-1,000,000",,,,,"700,000",,"1,700,000","600,000",,,,,,,,,,,,,,,,,,,,,,,,,,,,
		RestructuringAndMergernAcquisition,"3,454,000","-2,411,000","5,865,000",,,,,,,,,,,,,,,,"0","0","0","0","-75,000","675,000","637,000","2,005,000","1,969,000","233,000","768,556","1,112,374","1,945,659","10,315","17,700","98,320","44,670","65,108","35,387","-53,974","266,945",,,,,,,,,,,,,,,,,,,,,,,,,,,,,,,,,,,,,,,,,,,,,,,,,,,,,,,,,,,,,,,,,,,,,,,,,,,,,,,,,,,,,,,,,,,,,,,,,,,,,,,,,,,,
		ImpairmentOfCapitalAssets,,,,,,,,,,,,,,,,,,,,,,,,,,,,,,,,,,,"0","0","0","0","0",,,,,,,,,,,,,,,,,,,,,,,,,,,,,,,,,,,,,,,,,,,,,,,,,,,,,,,,,,,,,,,,,,,,,,,,,,,,,,,,,,,,,,,,,,,,,,,,,,,,,,,,,,,,
		OtherSpecialCharges,,,,,,,,,,,"0","5,650,000",,,,,,,,,,,,,,,,,,,,,,,,,,,,,,,,,,,,,,,,,,,,,,,,,,,,,,,,,,,,,,,,,,,,,,,,,,,,,,,,,,,,,,,,,,,,,,,,,,,,,,,,,,,,,,,,,,,,,,,,,,,,,,,,,,,,,,,
	OtherNonOperatingIncomeExpenses,"-1,346,000","-402,000","621,000","-786,000","-779,000","-224,000","418,000","-248,000","-766,000","382,000","-291,000","316,000","-697,000","358,000","75,000","-134,000","251,000","71,000","-139,000","-100,000","-328,000","-120,000","119,000","-75,000","75,000","-979,000","-270,000","-38,000","-268,549","132,031","134,329","-14,113","65,280","2,505","-54,144","36,678","-122,263","29,081","-40,742",,,,,,,,,,,,,,,,,,,,,,,,,,,,,,,,,,,,,,,,,,,,,,,,,,,,,,,,,,,,,,,,,,,,,,,,,,,,,,,,,,,,,,,,,,,,,,,,,,,,,,,,,,,,
PretaxIncome,"179,369,000","58,931,000","34,848,000","41,232,000","44,358,000","33,105,000","14,778,000","17,743,000","16,020,000","10,676,000","4,345,000","1,671,000","9,619,000","10,516,000","6,871,000","6,623,000","3,367,000","4,576,000","1,549,000","-2,022,000","3,654,000","4,067,000","1,567,000","2,214,000","5,372,000","2,540,000","1,194,000","3,679,000","4,351,388","4,198,473","242,679","2,254,552","3,243,249","5,398,105","5,215,271","8,142,779","6,033,703","3,622,068","6,417,528","1,790,306","1,778,193","1,285,379","604,673","-55,597","-2,030,687","375,916","623,209","988,053","-1,629,223","-1,183,704","-979,703","-1,105,980","-2,841,394","-66,308","191,601","8,488,828","-3,197,599","-241,932","4,133,548",,,,,,,,,,,,,,,,,,,,,,,,,,,,,,,,,,,,,,,,,,,,,,,,,,,,,,,,,,,,,,,,,,,,,,,,,,,,,,,,,,,,,,,,
TaxProvision,"33,564,000","11,967,000","5,738,000","7,734,000","8,125,000","3,655,000","-4,920,000","3,191,000","159,000","861,000","741,000","12,000","1,524,000","2,463,000","1,233,000","1,829,000","629,000","1,128,000","-10,629,000","-6,691,000","-4,784,000","999,000","-3,463,000","1,059,000","1,500,000","915,000","929,000","1,141,000","738,831","1,268,986","641,224","788,316","417,827","1,121,002","1,887,813","2,254,505","1,494,516","1,283,832","-3,135,585","-16,183","208,230","58,907","0","0","0","0","0","0","0","-834,766","0","0","-148,156","-84,690","49,545","210,000","0",,"827,471",,,,,,,,,,,,,,,,,,,,,,,,,,,,,,,,,,,,,,,,,,,,,,,,,,,,,,,,,,,,,,,,,,,,,,,,,,,,,,,,,,,,,,,,
NetIncomeCommonStockholders,"145,805,000","46,964,000","29,110,000","33,498,000","36,233,000","29,450,000","19,698,000","14,552,000","15,861,000","9,815,000","3,604,000","1,659,000","8,095,000","8,053,000","5,638,000","4,794,000","2,738,000","3,448,000","12,178,000","4,669,000","8,438,000","3,068,000","5,030,000","1,155,000","3,872,000","1,625,000","265,000","2,538,000","3,612,557","2,929,487","-398,545","1,466,236","2,825,422","4,277,103","3,327,458","5,888,274","4,539,187","2,338,236","9,553,113","1,806,489","1,569,963","1,226,472","604,673","-55,597","-2,030,687","375,916","623,209","988,053","-1,629,223","-348,938","-979,703","-1,105,980","-2,693,238","18,382","142,056","8,278,828","-3,197,599","-241,932","40,306,077","239,978","-106,969","-19,709","-863,319","100,734","-819,646","-202,312","-467,508","2,186,326","-426,631","-193,229","-1,718,629","-645,086","-3,255,956","-2,126,906","-2,140,146","-2,027,852","-1,697,432","-765,853","-1,082,648","-991,139","-922,918","-817,319","-1,376,872","-1,343,509","-1,513,313","-1,582,603","-1,212,008","-970,943","-816,383","-1,700,000","-800,000","-400,000","-1,600,000","-300,000","-200,000","-300,000","-300,000","-100,000","-200,000","-100,000","-200,000","-100,000","300,000","-500,000","-5,600,000","-2,300,000","-900,000","-2,600,000","-13,300,000","-5,800,000","-6,900,000","-6,000,000","-4,700,000","-5,500,000","-4,700,000","-4,600,000","-3,400,000","-4,200,000","-4,100,000","400,000","-900,000","-8,400,000","-2,200,000","-1,400,000","-1,500,000","-1,600,000","-1,400,000","-1,300,000",,,,,,,,,,,,,,,,,,,
	NetIncome,"145,805,000","46,964,000","29,110,000","33,498,000","36,233,000","29,450,000","19,698,000","14,552,000","15,861,000","9,815,000","3,604,000","1,659,000","8,095,000","8,053,000","5,638,000","4,794,000","2,738,000","3,448,000","12,178,000","4,669,000","8,438,000","3,068,000","5,030,000","1,155,000","3,872,000","1,625,000","265,000","2,538,000","3,612,557","2,929,487","-398,545","1,466,236","2,825,422","4,277,103","3,327,458","5,888,274","4,539,187","2,338,236","9,553,113","1,806,489","1,569,963","1,226,472","604,673","-55,597","-2,030,687","375,916","623,209","988,053","-1,629,223","-348,938","-979,703","-1,105,980","-2,693,238","18,382","142,056","8,278,828","-3,197,599","-241,932","40,306,077","239,978","-106,969","-19,709","-863,319","100,734","-819,646","-202,312","-467,508","2,186,326","-426,631","-193,229","-1,718,629","-645,086","-3,255,956","-2,126,906","-2,140,146","-2,027,852","-1,697,432","-765,853","-1,082,648","-991,139","-922,918","-817,319","-1,376,872","-1,343,509","-1,513,313","-1,582,603","-1,212,008","-970,943","-816,383","-1,700,000","-800,000","-400,000","-1,600,000","-300,000","-200,000","-300,000","-300,000","-100,000","-200,000","-100,000","-200,000","-100,000","300,000","-500,000","-5,600,000","-2,300,000","-900,000","-2,600,000","-13,300,000","-5,800,000","-6,900,000","-6,000,000","-4,700,000","-5,500,000","-4,700,000","-4,600,000","-3,400,000","-4,200,000","-4,100,000","400,000","-900,000","-8,400,000","-2,200,000","-1,400,000","-1,500,000","-1,600,000","-1,400,000","-1,300,000",,,,,,,,,,,,,,,,,,,
		NetIncomeIncludingNoncontrollingInterests,"145,805,000","46,964,000","29,110,000","33,498,000","36,233,000","29,450,000","19,698,000","14,552,000","15,861,000","9,815,000","3,604,000","1,659,000","8,095,000","8,053,000","5,638,000","4,794,000","2,738,000","3,448,000","12,178,000","4,669,000","8,438,000","3,068,000","5,030,000","1,155,000","3,872,000","1,625,000","265,000","2,538,000","3,612,557","2,929,487","-398,545","1,466,236","2,825,422","4,277,103","3,327,458","5,888,274","4,539,187","2,338,236","9,553,113","1,806,489","1,569,963","1,226,472","604,673","-55,597","-2,030,687","375,916","623,209","988,053","-1,629,223","-348,938","-979,703","-1,105,980","-2,693,238","18,382","142,056","8,278,828","-3,197,599","-241,932","40,306,077","239,978","-106,969","-19,709","-863,319","100,734","-819,646","-202,312","-467,508","2,186,326","-426,631","-193,229","-1,718,629","-645,086","-3,255,956","-2,126,906","-2,140,146","-2,027,852","-1,697,432","-765,853","-1,082,648","-991,139","-922,918","-817,319","-1,376,872","-1,343,509","-1,513,313","-1,582,603","-1,212,008","-970,943","-816,383","-1,700,000","-800,000","-400,000","-1,600,000","-300,000","-200,000","-300,000","-300,000","-100,000","-200,000","-100,000","-200,000","-100,000","300,000","-500,000","-5,600,000","-2,300,000","-900,000","-2,600,000","-13,300,000","-5,800,000","-6,900,000","-6,000,000","-4,700,000","-5,500,000","-4,700,000","-4,600,000","-3,400,000","-4,200,000","-4,100,000","400,000","-900,000","-8,400,000","-2,200,000","-1,400,000","-1,500,000","-1,600,000","-1,400,000","-1,300,000","-1,500,000","100,000","-400,000","-700,000","-600,000","-400,000","-1,200,000","-1,100,000","-1,100,000","-900,000","-500,000","2,800,000","-18,100,000","-700,000","-1,000,000","-1,000,000","-300,000","-400,000","-400,000"
			NetIncomeContinuousOperations,"145,805,000","46,964,000","29,110,000","33,498,000","36,233,000","29,450,000","19,698,000","14,552,000","15,861,000","9,815,000","3,604,000","1,659,000","8,095,000","8,053,000","5,638,000","4,794,000","2,738,000","3,448,000","12,178,000","4,669,000","8,438,000","3,068,000","5,030,000","1,155,000","3,872,000","1,625,000","265,000","2,538,000","3,612,557","2,929,487","-398,545","1,466,236","2,825,422","4,277,103","3,327,458","5,888,274","4,539,187","2,338,236","9,553,113","1,806,489","1,569,963","1,226,472","604,673","-55,597","-2,030,687","375,916","623,209","988,053","-1,629,223","-348,938","-979,703","-1,105,980","-2,693,238","18,382","142,056","8,278,828","-3,197,599","-241,932","40,306,077","239,978","-106,969","-19,709","-863,319","100,734","-819,646","-202,312","-467,508","2,186,326","-426,631","-193,229","-1,718,629","-645,086","-3,255,956","-2,126,906","-2,140,146","-2,027,852","-1,697,432","-765,853","-1,082,648","-991,139","-922,918","-817,319","-1,376,872","-1,343,509","-1,513,313","-1,582,603","-1,212,008","-970,943","-816,383","-1,700,000","-800,000","-400,000","-1,600,000","-300,000","-200,000","-300,000","-300,000","-100,000","-200,000","-100,000","-200,000","-100,000","300,000","-500,000","-5,600,000","-2,300,000","-900,000","-2,600,000","-13,300,000","-5,800,000","-6,900,000","-6,000,000","-4,700,000","-5,500,000","-4,700,000","-4,600,000","-3,400,000","-4,200,000","-4,100,000","400,000","-900,000","-8,400,000","-2,200,000","-1,400,000","-1,500,000","-1,600,000","-1,400,000","-1,300,000","-1,500,000","100,000","-400,000","-700,000","-600,000","-400,000","-1,200,000","-1,100,000","-1,100,000","-900,000","-500,000","2,800,000","-18,100,000","-700,000","-1,000,000","-1,000,000","-300,000","-400,000","-400,000"
AverageDilutionEarnings,,"387,000",,,,,,,,,,,,,,,,,,,,,,,,,,,,,,,,,,,,,,,,,,,,,,,,,,,,,,,,,,,,,,,,,,,,,,,,,,,,,,,,,,,,,,,,,,,,,,,,,,,,,,,,,,,,,,,,,,,,,,,,,,,,,,,,,,,,,,,,,,,,,,,,,
DilutedNIAvailtoComStockholders,"146,192,000","47,351,000","29,110,000","33,498,000","36,233,000","29,450,000","19,698,000","14,552,000","15,861,000","9,815,000","3,604,000","1,659,000","8,095,000","8,053,000","5,638,000","4,794,000","2,738,000","3,448,000","12,178,000","4,669,000","8,438,000","3,068,000","5,030,000","1,155,000","3,872,000","1,625,000","265,000","2,538,000","3,612,557","2,929,487","-398,545","1,466,236","2,825,422","4,277,103","3,327,458","5,888,274","4,539,187","2,338,236","9,553,113","1,806,489","1,569,963","1,226,472","604,673","-55,597","-2,030,687","375,916","623,209","988,053","-1,629,223","-348,938","-979,703","-1,105,980","-2,693,238","18,382","142,056","8,278,828","-3,197,599","-241,932","40,306,077","239,978","-106,969","-19,709","-863,319","100,734","-819,646","-202,312","-467,508","2,186,326","-426,631","-193,229","-1,718,629","-645,086","-3,255,956","-2,126,906","-2,140,146","-2,027,852","-1,697,432","-765,853","-1,082,648","-991,139","-922,918","-817,319","-1,376,872","-1,343,509","-1,513,313","-1,582,603","-1,212,008","-970,943","-816,383","-1,700,000","-800,000","-400,000","-1,600,000","-300,000","-200,000","-300,000","-300,000","-100,000","-200,000","-100,000","-200,000","-100,000","300,000","-500,000","-5,600,000","-2,300,000","-900,000","-2,600,000","-13,300,000","-5,800,000","-6,900,000","-6,000,000","-4,700,000","-5,500,000","-4,700,000","-4,600,000","-3,400,000","-4,200,000","-4,100,000","400,000","-900,000","-8,400,000","-2,200,000","-1,400,000","-1,500,000","-1,600,000","-1,400,000","-1,300,000",,,,,,,,,,,,,,,,,,,
BasicEPS,,"0.85","0.53","0.61","0.66","0.54","0.37","0.28","0.3","0.19","0.07","0.03","0.17","0.18","0.13","0.11","0.06","0.08","0.28","0.11","0.25","0.09","0.15","0.03","0.12","0.05","0.01","0.08","0.11","0.09","-0.01","0.04","0.09","0.13","0.1","0.18","0.14","0.07","0.31","0.06","0.05","0.04","0.02","0",,"0.01","0.02","0.03",,"-0.01","-0.03","-0.04",,"0","0","0.27",,"-0.01","1.31","0.01",,"0","-0.03","0",,"-0.01","-0.02","0.07",,"-0.01","-0.06","-0.02",,"-0.07","-0.07","-0.07",,"-0.03","-0.04","-0.04",,"-0.03","-0.05","-0.05",,"-0.06","-0.05","-0.04",,"-0.08","-0.04","-0.02",,"-0.02","-0.01","-0.02",,"-0.01","-0.02","-0.01",,"-0.01","0.02","-0.03",,"-0.15","-0.06","-0.17",,"-0.38","-0.45","-0.39",,"-0.45","-0.38","-0.37",,"-0.34","-0.34","0.03",,"-0.73","-0.19","-0.13",,"-0.17","-0.15","-0.15",,"0.02","-0.05","-0.09",,"-0.05","-0.16","-0.14",,,,"0.17",,"-0.12","-0.16","-0.15",,"-0.08","-0.08"
DilutedEPS,,"0.81","0.5","0.58","0.64","0.52","0.36","0.27","0.3","0.18","0.07","0.03","0.17","0.17","0.12","0.1","0.06","0.08","0.27","0.11","0.24","0.09","0.15","0.03","0.11","0.05","0.01","0.08","0.11","0.09","-0.01","0.04","0.09","0.13","0.1","0.18","0.14","0.07","0.3","0.06","0.05","0.04","0.02","0",,"0.01","0.02","0.03",,"-0.01","-0.03","-0.04",,"0","0","0.26",,"-0.01","1.29","0.01",,"-0.001","-0.03","0",,"-0.01","-0.02","0.07",,"-0.01","-0.06","-0.02",,"-0.07","-0.07","-0.07",,"-0.03","-0.04","-0.04",,"-0.03","-0.05","-0.05",,"-0.06","-0.05","-0.04",,"-0.08","-0.04","-0.02",,"-0.02","-0.01","-0.02",,"-0.01","-0.02","-0.01",,"-0.01","0.02","-0.03",,"-0.15","-0.06","-0.17",,"-0.38","-0.45","-0.39",,"-0.45","-0.38","-0.37",,"-0.34","-0.34","0.03",,"-0.73","-0.19","-0.13",,"-0.17","-0.15","-0.15",,"0.02","-0.05","-0.09",,"-0.05","-0.16","-0.14",,,,"0.17",,"-0.12","-0.16","-0.15",,"-0.08","-0.08"
BasicAverageShares,,"55,353,000","55,304,177","55,015,000","54,931,140","54,805,051","53,143,302","52,545,000","52,381,000","52,139,000","52,063,528","50,852,000","46,367,000","43,968,000","43,881,151","43,822,472","43,743,356","43,621,270","43,568,706","41,236,554","34,097,805","33,891,702","33,833,287","33,779,141","33,649,296","33,024,681","32,945,912","32,925,004","32,870,473","32,754,862","32,746,615","32,677,003","32,233,694","31,962,843","31,916,132","31,858,103","31,643,695","31,240,606","31,132,075","30,948,062","30,845,137","30,729,660","30,796,797","30,812,257",,"30,787,307","30,780,279","30,767,585",,"30,758,559","30,745,691","30,742,212",,"30,809,445","31,172,706","31,152,556",,"30,953,608","30,767,384","30,564,494",,"30,375,635","30,364,250","30,357,635",,"30,105,380","30,098,391","30,094,435",,"30,064,836","30,057,667","30,054,485",,"29,878,190","29,859,529","28,987,443",,"27,316,021","26,642,750","26,642,750",,"26,642,319","26,639,150","26,633,450",,"26,576,434","26,559,675","26,455,944",,"22,193,696","20,000,000","20,000,000",,"15,000,000","20,000,000","15,000,000",,"13,333,333","16,002,000","16,002,000",,"20,000,000","15,000,000","16,666,667",,"15,333,333","15,000,000","15,294,118",,"15,263,158","15,333,333","15,384,615",,"12,222,222","12,368,421","12,432,432",,"12,352,941","12,058,824","13,333,333",,"11,506,849","11,578,947","10,769,231",,"9,411,765","9,333,333","8,666,667",,"7,357,000","7,357,000","7,353,000",,"7,331,000","7,308,000","7,298,000",,"7,297,000","7,297,000","7,297,000",,"5,862,000","5,860,000","5,860,000",,"2,997,000","2,997,000"
DilutedAverageShares,,"58,816,000","57,715,709","57,368,000","56,786,266","56,868,793","55,022,355","53,469,000","53,306,000","53,109,000","52,976,271","51,809,000","49,056,000","46,279,000","46,291,014","45,828,175","45,015,720","44,326,732","44,385,472","42,563,002","35,094,814","34,382,322","34,368,769","34,312,887","34,175,127","33,493,575","33,576,724","33,689,560","33,670,696","33,450,611","33,369,512","33,327,327","33,076,384","32,831,019","32,708,107","32,551,586","32,317,156","31,855,428","31,600,260","31,256,273","31,149,090","31,009,833","30,933,832","30,812,257",,"31,004,935","30,920,400","30,926,096",,"30,758,559","30,745,691","30,742,212",,"31,024,685","31,555,896","31,585,112",,"30,953,608","31,224,386","31,127,099",,"30,375,635","30,364,250","30,828,072",,"30,105,380","30,098,391","30,398,735",,"30,064,836","30,057,667","30,054,485",,"29,878,190","29,859,529","28,987,443",,"27,316,021","26,642,750","26,642,750",,"26,642,319","26,639,150","26,633,450",,"26,576,434","26,559,675","26,455,944",,"22,193,696","20,000,000","20,000,000",,"15,000,000","20,000,000","15,000,000",,"13,333,333","16,002,000","16,002,000",,"20,000,000","15,000,000","16,666,667",,"15,333,333","15,000,000","15,294,118",,"15,263,158","15,333,333","15,384,615",,"12,222,222","12,368,421","12,432,432",,"12,352,941","12,058,824","13,333,333",,"11,506,849","11,578,947","10,769,231",,"9,411,765","9,333,333","8,666,667",,"7,357,000","7,357,000","7,353,000",,"7,331,000","7,308,000","7,298,000",,"7,297,000","7,297,000","7,297,000",,"5,862,000","5,860,000","5,860,000",,"2,997,000","2,997,000"
TotalOperatingIncomeAsReported,"190,866,000","60,000,000","37,432,000","45,194,000","48,240,000","36,383,000","17,419,000","20,961,000","19,537,000","11,906,000","5,894,000","7,964,000","11,054,000","11,171,000","7,853,000","7,886,000","4,273,000","5,976,000","3,262,000","-406,000","5,473,000","5,676,000","2,906,000","3,747,000","5,859,000","3,463,000","1,428,000","3,688,000","4,608,713","4,038,898","61,145","2,216,230","3,105,829","5,307,869","5,183,719","8,041,759","6,102,763","3,544,999","6,410,591","2,187,708","1,317,739","1,167,075","552,426","-121,533","-2,086,502","296,805","526,530","889,095","-1,762,816","-1,369,752","-1,206,391","-1,427,723","-3,215,534","-538,111","-324,518","7,958,148","-3,864,335","-999,002","-35,417,778","-14,938","-351,300","-256,989","-1,096,047","-120,992","-1,014,172","-406,240","-679,764","880,281","-549,110","-1,050,554","-1,819,951","-741,731","-3,353,279","-2,227,627","-2,234,021","-2,125,980","-1,790,088","-906,336","-1,238,262","-1,159,718","-1,134,998","-1,076,493","-1,678,592","-1,687,633","-1,712,382","-2,126,670","-1,763,534","-1,483,548","-890,352","-1,700,000","-800,000","-400,000","-400,000","-400,000","-200,000","-400,000","-300,000","-100,000","-300,000","-100,000","-200,000","-100,000","200,000","-500,000","-2,000,000","-2,300,000","-1,000,000","-2,600,000","-2,800,000","-5,700,000","-5,900,000","-5,900,000","-4,600,000","-5,300,000","-4,600,000","-5,100,000","-200,000","-5,800,000","-4,700,000","400,000","-800,000","-8,400,000","-2,200,000","-1,400,000","-4,100,000","-1,500,000","-1,400,000","-1,300,000",,,,,,,,,,,,,,,,,,,
TotalExpenses,"539,777,000","148,811,000","143,224,000","133,022,000","114,720,000","106,454,000","91,229,000","73,099,000","67,925,000","64,184,000","63,580,000","61,481,000","59,638,000","49,463,000","44,089,000","41,643,000","43,458,000","38,854,000","38,350,000","36,986,000","26,982,000","24,914,000","22,768,000","20,255,000","22,674,000","19,626,000","18,052,000","15,893,000","16,079,998","15,665,004","14,386,429","13,051,640","12,427,548","10,919,664","10,154,221","10,715,186","11,370,817","12,964,968","12,106,736","12,916,587","14,206,081","11,657,386","8,078,952","7,775,258","7,992,887","6,770,984","6,780,448","6,120,777","6,635,089","6,987,100","6,626,985","6,488,576","7,809,289","6,555,709","5,414,442","5,702,097","7,165,112","5,663,368","40,770,099","5,993,756","4,050,112","4,139,428","3,960,867","3,749,160","3,899,452","3,393,993","3,479,488","3,359,366","3,543,770","3,310,317","3,116,383","3,551,184","5,466,858","3,548,473","3,652,976","4,186,941","3,837,907","3,323,366","2,925,752","2,779,160","2,657,403","2,256,385","2,565,325","2,400,169","2,564,138","2,741,824","2,228,952","2,144,342","1,840,948","2,600,000","1,800,000","1,100,000","1,300,000","900,000","1,000,000","1,000,000","800,000","900,000","800,000","800,000","1,100,000","1,200,000","800,000","1,300,000","2,900,000","4,400,000","6,000,000","5,400,000","7,900,000","9,300,000","9,300,000","10,700,000","11,100,000","12,000,000","11,400,000","11,300,000","10,000,000","10,100,000","9,900,000","8,500,000","5,500,000","10,700,000","4,200,000","4,100,000","4,000,000","4,000,000","3,900,000","3,900,000",,,,,,,,,,,,,,,,,,,
NetIncomeFromContinuingAndDiscontinuedOperation,"145,805,000","46,964,000","29,110,000","33,498,000","36,233,000","29,450,000","19,698,000","14,552,000","15,861,000","9,815,000","3,604,000","1,659,000","8,095,000","8,053,000","5,638,000","4,794,000","2,738,000","3,448,000","12,178,000","4,669,000","8,438,000","3,068,000","5,030,000","1,155,000","3,872,000","1,625,000","265,000","2,538,000","3,612,557","2,929,487","-398,545","1,466,236","2,825,422","4,277,103","3,327,458","5,888,274","4,539,187","2,338,236","9,553,113","1,806,489","1,569,963","1,226,472","604,673","-55,597","-2,030,687","375,916","623,209","988,053","-1,629,223","-348,938","-979,703","-1,105,980","-2,693,238","18,382","142,056","8,278,828","-3,197,599","-241,932","40,306,077","239,978","-106,969","-19,709","-863,319","100,734","-819,646","-202,312","-467,508","2,186,326","-426,631","-193,229","-1,718,629","-645,086","-3,255,956","-2,126,906","-2,140,146","-2,027,852","-1,697,432","-765,853","-1,082,648","-991,139","-922,918","-817,319","-1,376,872","-1,343,509","-1,513,313","-1,582,603","-1,212,008","-970,943","-816,383","-1,700,000","-800,000","-400,000","-1,600,000","-300,000","-200,000","-300,000","-300,000","-100,000","-200,000","-100,000","-200,000","-100,000","300,000","-500,000","-5,600,000","-2,300,000","-900,000","-2,600,000","-13,300,000","-5,800,000","-6,900,000","-6,000,000","-4,700,000","-5,500,000","-4,700,000","-4,600,000","-3,400,000","-4,200,000","-4,100,000","400,000","-900,000","-8,400,000","-2,200,000","-1,400,000","-1,500,000","-1,600,000","-1,400,000","-1,300,000",,,,,,,,,,,,,,,,,,,
NormalizedIncome,"148,449,290.067","44,981,064","33,976,702.824","33,462,272","36,199,503","29,403,720","19,667,340","14,484,760","15,610,530","8,561,484","2,187,283.774","5,384,055.655","7,248,790","7,506,842","5,109,565.711","4,390,008","2,321,744","3,311,707","12,140,200","4,607,800","8,372,000","2,995,616","4,917,800","1,501,800","4,276,481","2,869,160","1,420,000","2,673,240","4,234,678.52","3,680,387.722","827,908.15","1,431,390.15","2,766,873.38","4,274,334.168","3,293,490.981","5,880,245.508","4,516,732.004","2,263,685.269","9,749,361.65","1,543,494.45","1,139,273.007","1,092,234.383","552,426","-121,533","-2,099,986","284,122","526,530","889,095","-1,762,816","-470,272.2","-1,207,067","-1,428,399","-3,048,510.34","-289,112.85","-239,947.346","7,759,418.299","-3,866,079","-1,001,453","7,884,823.717","72,689.45","-267,377.3","-163,883","-1,004,762.4","100,734","-488,074","-324,668.8","-467,508","1,484,561.2","-683,293","-643,229","-1,718,629","-645,086","-1,866,403.4","-2,187,338.6","-2,196,471","-2,086,728.8","-1,753,025.6","-850,142.8","-1,176,016.4","-1,092,286.4","-1,050,166","-972,823.4","-1,557,904","-1,549,983.4","-1,632,754.4","-1,909,043.2","-1,542,923.6","-1,278,506","-816,383","-1,700,000","-800,000","-400,000","-880,000","-360,000","-200,000","-300,000","-300,000","-100,000","-200,000","-100,000","-200,000","-100,000","300,000","-500,000","-5,600,000","-2,300,000","-900,000","-2,600,000","-7,120,000","-5,800,000","-6,300,000","-6,000,000","-4,700,000","-5,500,000","-4,700,000","-5,020,000","-3,400,000","-5,220,000","-4,460,000","400,000","-900,000","-8,400,000","-2,200,000","-1,400,000","-1,500,000","-1,600,000","-1,400,000","-1,300,000",,,,,,,,,,,,,,,,,,,
InterestIncome,,,,,,,,,,,,,,,,,,,,,,,,,,,,,,,,"-11,489",,,"-12,212",,,,,,,,,,,,,,,,,,,,,,,,,,,,,,,,,,,,,,,,,,,,,,,,,,,,,,,,,,,,,,,,,,,,,,,,,,,,,,,,,,,,,,,,,,,,,,,,,,,,,,,,,,,,,,,,
InterestExpense,"10,252,000","292,000","3,244,000","3,220,000","3,144,000","3,106,000","3,101,000","3,052,000","3,004,000","2,976,000","2,966,000","2,857,000","1,743,000","1,726,000","1,701,000","1,687,000","1,669,000","1,652,000","1,637,000","1,618,000","1,601,000","1,585,000","1,570,000","1,555,000","638,000","5,000","8,000","8,000","7,788","9,041","11,603","11,489","12,780","14,085","12,212","11,704","12,402","13,531","14,178","7,205","27,360","22,381",,,"13,484","12,683","0","0","0","620",,"676",,,,,,,,,,,,,,,,,,,,,,,,,,,,,,,,,,,,,,,,,,,,,,,,,,,,,,,,,,,,,,,,,,,,,,,,,,,,,,,,,,,,,,,,,,,,,,,
NetInterestIncome,"-10,352,000","-744,000","-3,244,000","-3,220,000","-3,144,000","-3,106,000","-3,101,000","-3,052,000","-3,004,000","-2,976,000","-2,966,000","-2,857,000","-1,743,000","-1,726,000","-1,701,000","-1,687,000","-1,669,000","-1,652,000","-1,637,000","-1,618,000","-1,601,000","-1,585,000","-1,570,000","-1,555,000","-638,000","-5,000","-8,000","-8,000","-7,788","-9,041","-11,603","-11,489","-12,780","-14,085","-12,212","-11,704","-12,402","-13,531","-14,178","-7,205","-27,360","-22,381",,,"-13,484","-12,683","0","0","0","-620","-676","-676",,,,,,,,,,,,,,,,,,,,,,,,,,,,,,,,,,,,,,,,,,,,,,,,,,,,,,,,,,,,,,,,,,,,,,,,,,,,,,,,,,,,,,,,,,,,,,,
EBIT,"189,621,000","59,223,000","38,092,000","44,452,000","47,502,000","36,211,000","17,879,000","20,795,000","19,024,000","13,652,000","7,311,000","4,528,000","11,362,000","12,242,000","8,572,000","8,310,000","5,036,000","6,228,000","3,186,000","-404,000","5,255,000","5,652,000","3,137,000","3,769,000","6,010,000","2,545,000","1,202,000","3,687,000","4,359,176","4,207,514","254,282","2,266,041","3,256,029","5,412,190","5,227,483","8,154,483","6,046,105","3,635,599","6,431,706","1,797,511","1,805,553","1,307,760","552,426","-121,533","-2,017,203","388,599","623,209","988,053","-1,629,223","-1,183,084","-1,206,391","-1,105,304","-1,319,828","-538,111","-324,518","7,958,148","-3,864,335","-999,002","-35,417,778","-14,938","-351,300","-256,989","-1,096,047","-120,992","-1,014,172","-406,240","-679,764","880,281","-549,110","-1,050,554","-1,819,951","-741,731","-3,353,279","-2,227,627","-2,234,021","-2,125,980","-1,790,088","-906,336","-1,238,262","-1,159,718","-1,134,998","-1,076,493","-1,678,592","-1,687,633","-1,712,382","-2,126,670","-1,763,534","-1,483,548","-890,352","-1,700,000","-800,000","-400,000","-400,000","-400,000","-200,000","-400,000","-300,000","-100,000","-300,000","-100,000","-200,000","-100,000","200,000","-500,000","-2,000,000","-2,300,000","-1,000,000","-2,600,000","-2,800,000","-5,700,000","-5,900,000","-5,900,000","-4,600,000","-5,300,000","-4,600,000","-5,100,000","-200,000","-5,800,000","-4,700,000","400,000","-800,000","-8,400,000","-2,200,000","-1,400,000","-4,100,000","-1,500,000","-1,400,000","-1,300,000","-10,900,000","3,600,000","2,700,000","2,500,000","-9,700,000","2,700,000","1,700,000","1,800,000","-8,300,000","1,300,000","1,700,000","5,200,000","-7,400,000","1,000,000","900,000","700,000","-5,200,000","900,000","900,000"
EBITDA,"231,458,000"
ReconciledCostOfRevenue,"301,889,000","82,356,000","82,048,000","75,495,000","61,990,000","59,747,000","48,163,000","39,626,000","36,863,000","31,982,000","30,121,000","31,425,000","30,708,000","26,845,000","23,592,000","22,183,000","21,088,000","19,668,000","19,137,000","19,987,000","13,937,000","13,990,000","12,162,000","11,242,000","12,644,000","11,069,000","10,148,000","8,444,000","8,586,147","8,072,904","8,084,295","6,931,094","6,671,581","6,335,064","5,365,680","6,383,609","5,940,545","7,473,465","6,540,058","7,013,368","7,882,190","5,488,408","2,511,234","1,968,679","1,769,980","1,861,402","1,848,552","1,637,491","1,230,606","1,427,824","1,259,521","1,588,219","1,611,619","1,572,599","1,421,256","2,171,401","1,303,054","1,730,464","1,412,428","1,714,299","901,952","804,913","914,955","993,016","887,720","817,562","872,184","973,395","1,023,265","1,028,615","703,329","1,132,593","870,084","782,233","740,470","855,590","1,008,090","1,140,908","661,797","669,646","496,597","585,099","554,600","356,439","359,539","340,263","180,432","242,764","182,233","300,000","200,000","100,000","200,000","100,000","100,000",,"100,000","100,000","100,000",,"0","200,000","-100,000","200,000",,"-200,000","300,000","-100,000","-200,000","-300,000","-300,000","-300,000","800,000","600,000","-100,000",,"100,000","-100,000","-300,000","-300,000",,"-500,000","3,000,000","3,100,000","-9,000,000","2,800,000","2,800,000","2,700,000",,,,,,,,,,,,,,,,,,,
ReconciledDepreciation,"41,837,000","11,834,000","11,017,000","10,010,000","8,976,000","8,444,000","7,486,000","6,712,000","6,479,000","6,390,000","6,077,000","5,738,000","4,840,000","4,213,000","4,003,000","3,881,000","3,934,000","3,960,000","4,133,000","3,096,000","1,696,000","1,582,000","1,490,000","1,379,000","1,315,000","1,150,000","1,145,000","1,153,431","1,145,049","1,150,520","1,054,754","1,109,241","962,985","892,407","842,711","762,238","690,023","818,920","915,768","895,939","872,476","824,409","405,831","406,377","400,281","465,011","407,215","402,021","386,180","339,674","330,427","322,718","294,781","280,028","261,213","241,325","227,606","207,581","200,281","189,158","154,097","132,533","127,515","124,887","131,211","83,436","93,570","90,217","94,820","141,519","223,362","296,557","153,284","251,897","245,407","236,117","221,823","218,308","200,503","161,594","43,198","48,992","82,550","82,797","88,589","52,766","48,073","87,424","124,409","0","100,000","100,000","100,000","100,000","0","100,000","0","100,000","0","100,000","100,000","0","100,000",,"300,000","300,000","400,000","400,000","700,000","500,000","700,000","700,000","800,000","500,000","500,000","600,000","300,000","200,000","700,000","500,000","400,000","200,000","300,000","200,000","200,000","300,000","200,000","200,000",,,,,,,,,,,,,,,,,,,
NetIncomeFromContinuingOperationNetMinorityInterest,"145,805,000","46,964,000","29,110,000","33,498,000","36,233,000","29,450,000","19,698,000","14,552,000","15,861,000","9,815,000","3,604,000","1,659,000","8,095,000","8,053,000","5,638,000","4,794,000","2,738,000","3,448,000","12,178,000","4,669,000","8,438,000","3,068,000","5,030,000","1,155,000","3,872,000","1,625,000","265,000","2,538,000","3,612,557","2,929,487","-398,545","1,466,236","2,825,422","4,277,103","3,327,458","5,888,274","4,539,187","2,338,236","9,553,113","1,806,489","1,569,963","1,226,472","604,673","-55,597","-2,030,687","375,916","623,209","988,053","-1,629,223","-348,938","-979,703","-1,105,980","-2,693,238","18,382","142,056","8,278,828","-3,197,599","-241,932","40,306,077","239,978","-106,969","-19,709","-863,319","100,734","-819,646","-202,312","-467,508","2,186,326","-426,631","-193,229","-1,718,629","-645,086","-3,255,956","-2,126,906","-2,140,146","-2,027,852","-1,697,432","-765,853","-1,082,648","-991,139","-922,918","-817,319","-1,376,872","-1,343,509","-1,513,313","-1,582,603","-1,212,008","-970,943","-816,383","-1,700,000","-800,000","-400,000","-1,600,000","-300,000","-200,000","-300,000","-300,000","-100,000","-200,000","-100,000","-200,000","-100,000","300,000","-500,000","-5,600,000","-2,300,000","-900,000","-2,600,000","-13,300,000","-5,800,000","-6,900,000","-6,000,000","-4,700,000","-5,500,000","-4,700,000","-4,600,000","-3,400,000","-4,200,000","-4,100,000","400,000","-900,000","-8,400,000","-2,200,000","-1,400,000","-1,500,000","-1,600,000","-1,400,000","-1,300,000",,,,,,,,,,,,,,,,,,,
TotalUnusualItemsExcludingGoodwill,"-3,253,000","2,488,000","-5,826,000","44,000","41,000","52,000","42,000","82,000","253,000","1,364,000","1,708,000","-3,752,000","1,005,000","713,000","644,000","558,000","512,000","181,000","63,000","102,000","110,000","96,000","187,000","-578,000","-561,000","-1,944,000","-1,925,000","-196,000","-749,544","-1,075,789","-1,886,851","53,609","67,220","3,496","53,238","10,938","30,218","115,493","-301,921","404,607","487,814","140,685","52,247","65,936","69,299","91,794","96,679","98,958","133,593","186,668","227,364","322,419","374,816","473,069","515,235","532,585","668,480","759,521","40,535,900","257,367","246,782","240,290","235,739",,"-552,620","203,928",,"1,169,608","427,770","750,000",,,"-2,315,921","100,721","93,875","98,128","92,656","140,483","155,614","168,579","212,080","259,174","301,720","344,124","199,069","544,067","551,526","512,605",,,,,"-1,200,000","100,000",,,,,,,,,,,,,,,"-10,300,000",,"-1,000,000",,,,,"700,000",,"1,700,000","600,000",,,,,,,,,,,,,,,,,,,,,,,,,,,,
TotalUnusualItems,"-3,253,000","2,488,000","-5,826,000","44,000","41,000","52,000","42,000","82,000","253,000","1,364,000","1,708,000","-3,752,000","1,005,000","713,000","644,000","558,000","512,000","181,000","63,000","102,000","110,000","96,000","187,000","-578,000","-561,000","-1,944,000","-1,925,000","-196,000","-749,544","-1,075,789","-1,886,851","53,609","67,220","3,496","53,238","10,938","30,218","115,493","-301,921","404,607","487,814","140,685","52,247","65,936","69,299","91,794","96,679","98,958","133,593","186,668","227,364","322,419","374,816","473,069","515,235","532,585","668,480","759,521","40,535,900","257,367","246,782","240,290","235,739",,"-552,620","203,928",,"1,169,608","427,770","750,000",,,"-2,315,921","100,721","93,875","98,128","92,656","140,483","155,614","168,579","212,080","259,174","301,720","344,124","199,069","544,067","551,526","512,605",,,,,"-1,200,000","100,000",,,,,,,,,,,,,,,"-10,300,000",,"-1,000,000",,,,,"700,000",,"1,700,000","600,000",,,,,,,,,,,,,,,,,,,,,,,,,,,,
NormalizedEBITDA,"234,711,000","68,569,000","54,935,000","54,418,000","56,437,000","44,603,000","25,323,000","27,425,000","25,250,000","18,678,000","11,680,000","14,018,000","15,197,000","15,742,000","11,931,000","11,633,000","8,458,000","10,007,000","7,256,000","2,590,000","6,841,000","7,138,000","4,440,000","5,726,000","7,886,000","5,639,000","4,272,000","5,036,431","6,253,769","6,433,823","3,195,887","3,321,673","4,151,794","6,301,101","6,016,956","8,905,783","6,705,910","4,339,026","7,649,395","2,288,843","2,190,215","1,991,484","906,010","218,908","-1,686,221","761,816","933,745","1,291,116","-1,376,636","-1,030,078","-1,103,328","-1,105,005","-1,399,863","-731,152","-578,540","7,666,888","-4,305,209","-1,550,942","-75,753,397","-83,147","-443,985","-364,746","-1,204,271","3,895","-330,341","-526,732","-586,194","-199,110","-882,060","-1,659,035","-1,596,589","-445,174","-884,074","-2,076,451","-2,082,489","-1,987,991","-1,660,921","-828,511","-1,193,373","-1,166,703","-1,303,880","-1,286,675","-1,897,762","-1,948,960","-1,822,862","-2,530,547","-2,266,987","-1,908,729","-765,943","-1,600,000","-700,000","-300,000","900,000","-400,000","-200,000","-300,000","-300,000","0","-300,000","0","-100,000","-100,000","300,000","-500,000","-1,700,000","-2,000,000","-600,000","-2,200,000","8,200,000","-5,100,000","-4,200,000","-5,200,000","-3,800,000","-4,800,000","-4,100,000","-5,200,000","100,000","-7,200,000","-4,600,000","900,000","-400,000","-7,700,000","-1,900,000","-1,200,000","-3,900,000","-1,200,000","-1,200,000","-1,100,000","-10,900,000","3,600,000","2,700,000","2,500,000","-9,700,000","2,700,000","1,700,000","1,800,000","-8,300,000","1,300,000","1,700,000","5,200,000","-7,400,000","1,000,000","900,000","700,000","-5,200,000","900,000","900,000"
TaxRateForCalcs,"0.187","0.203","0.165","0.188","0.183","0.11","0.27","0.18","0.01","0.081","0.171","0.007","0.158","0.234","0.179","0.276","0.187","0.247","0.4","0.4","0.4","0.246","0.4","0.4","0.279","0.36","0.4","0.31","0.17","0.302","0.35","0.35","0.129","0.208","0.362","0.266","0.257","0.355","0.35","0.35","0.117","0.046","0","0","0","0","0","0","0","0.35","0","0","0.052","0.35","0.259","0.025","0","0","0.2","0.35","0.35","0.4","0.4","0.4","0.4","0.4","0.4","0.4","0.4","0.4","0.4","0.4","0.4","0.4","0.4","0.4","0.4","0.4","0.4","0.4","0.4","0.4","0.4","0.4","0.4","0.4","0.4","0.4","0.4","0.4","0.4","0.4","0.4","0.4","0.4","0.4","0.4","0.4","0.4","0.4","0.4","0.4","0.4","0.4","0.4","0.4","0.4","0.4","0.4","0.4","0.4","0.4","0.4","0.4","0.4","0.4","0.4","0.4","0.4","0.4","0.4","0.4","0.4","0.4","0.4","0.4","0.4","0.4",,,,,,,,,,,,,,,,,,,
TaxEffectOfUnusualItems,"-608,709.933","505,064","-959,297.176","8,272","7,503","5,720","11,340","14,760","2,530","110,484","291,283.774","-26,944.345","158,790","166,842","115,565.711","154,008","95,744","44,707","25,200","40,800","44,000","23,616","74,800","-231,200","-156,519","-699,840","-770,000","-60,760","-127,422.48","-324,888.278","-660,397.85","18,763.15","8,671.38","727.168","19,270.981","2,909.508","7,763.004","40,942.269","-105,672.35","141,612.45","57,124.007","6,447.383","0","0","0","0","0","0","0","65,333.8","0","0","19,543.66","165,574.15","133,231.654","13,175.299","0","0","8,114,646.717","90,078.45","86,373.7","96,116","94,295.6","0","-221,048","81,571.2","0","467,843.2","171,108","300,000","0","0","-926,368.4","40,288.4","37,550","39,251.2","37,062.4","56,193.2","62,245.6","67,431.6","84,832","103,669.6","120,688","137,649.6","79,627.6","217,626.8","220,610.4","205,042","0","0","0","0","-480,000","40,000","0","0","0","0","0","0","0","0","0","0","0","0","0","0","-4,120,000","0","-400,000","0","0","0","0","280,000","0","680,000","240,000","0","0","0","0","0","0","0","0","0",,,,,,,,,,,,,,,,,,,