name,ttm,03/31/2022,12/31/2021,09/30/2021,06/30/2021,03/31/2021,12/31/2020,09/30/2020,06/30/2020,03/31/2020,12/31/2019,09/30/2019,06/30/2019,03/31/2019,12/31/2018,09/30/2018,06/30/2018,03/31/2018,12/31/2017,09/30/2017,06/30/2017,03/31/2017,12/31/2016,09/30/2016,06/30/2016,03/31/2016,12/31/2015,09/30/2015,06/30/2015,03/31/2015,12/31/2014,09/30/2014,06/30/2014,03/31/2014,12/31/2013,09/30/2013,06/30/2013,03/31/2013,12/31/2012,09/30/2012,06/30/2012,03/31/2012,12/31/2011,09/30/2011,06/30/2011,03/31/2011,12/31/2010,09/30/2010,06/30/2010,03/31/2010,12/31/2009,09/30/2009,06/30/2009,03/31/2009,12/31/2008,09/30/2008,06/30/2008,03/31/2008,12/31/2007,09/30/2007,06/30/2007,03/31/2007,12/31/2006,09/30/2006,06/30/2006,03/31/2006,12/31/2005,09/30/2005,06/30/2005,03/31/2005,12/31/2004,09/30/2004,06/30/2004,03/31/2004,12/31/2003,09/30/2003,06/30/2003,03/31/2003,12/31/2002,09/30/2002,06/30/2002,03/31/2002,12/31/2001,09/30/2001,06/30/2001,03/31/2001,12/31/2000,09/30/2000,06/30/2000,03/31/2000,12/31/1999,09/30/1999,06/30/1999,03/31/1999,12/31/1998,09/30/1998,06/30/1998,03/31/1998,12/31/1997,09/30/1997,06/30/1997,03/31/1997,12/31/1996,09/30/1996,06/30/1996,03/31/1996,12/31/1995,09/30/1995,06/30/1995,03/31/1995,12/31/1994,09/30/1994,06/30/1994,03/31/1994,12/31/1993,09/30/1993,06/30/1993,03/31/1993,12/31/1992,09/30/1992,06/30/1992,03/31/1992,12/31/1991,09/30/1991,06/30/1991,03/31/1991,12/31/1990,09/30/1990,06/30/1990,03/31/1990,12/31/1989,09/30/1989,06/30/1989,03/31/1989,12/31/1988,09/30/1988,06/30/1988,03/31/1988,12/31/1987,09/30/1987,06/30/1987,03/31/1987,12/31/1986,09/30/1986,06/30/1986,03/31/1986,12/31/1985,09/30/1985
TotalRevenue,"653,568,000","162,355,000","168,521,000","174,431,000","168,027,000","142,589,000","158,360,000","146,880,000","119,966,000","136,437,000","123,643,000","118,774,000","115,694,000","109,778,000","97,592,000","99,992,000","116,235,000","115,983,000","114,348,000","112,476,000","108,934,000","106,972,000","106,961,000","117,947,000","94,130,000","93,487,000","98,118,000","74,056,000","73,580,000","74,110,000","61,304,000","69,026,000","70,142,000","57,748,000","52,785,000","56,487,000","57,326,000","74,166,000","79,870,000","77,862,000","60,110,000","69,638,000","68,842,000","64,465,000","59,270,000","55,546,000","56,316,000","45,338,000","40,670,000","35,043,000","34,740,000","26,113,000","22,272,000","20,797,000","14,622,000","16,079,000","21,664,000","19,516,000","15,396,371","12,817,001","14,364,341","11,208,556","12,279,677","9,745,793","8,216,466","5,760,750","7,575,307","6,827,619","7,477,870","5,868,538","6,031,833","5,924,091","6,067,283","6,020,841","5,083,461","4,181,485","3,705,089","5,587,567","3,117,384","3,366,172","3,461,298","3,140,760","2,889,380","2,831,633","1,574,092","1,446,010","1,405,106","1,537,944","1,976,125","2,393,903","3,100,000","1,800,000","200,000","100,000","100,000","100,000","-600,000","100,000","100,000","1,800,000","2,600,000","1,000,000","2,100,000","2,500,000","1,600,000","800,000","500,000","700,000","100,000","300,000","100,000","200,000","0","100,000","100,000","200,000","0","100,000","100,000","200,000","0","100,000","100,000","100,000","-300,000","300,000","100,000","100,000","100,000","200,000","5,300,000","1,500,000","700,000","1,300,000","2,500,000","1,100,000","1,400,000","800,000","1,900,000","300,000","-1,900,000","2,500,000","600,000","800,000","700,000","700,000","1,300,000","1,500,000"
	OperatingRevenue,"653,568,000","162,355,000","168,521,000","174,431,000","168,027,000","142,589,000","158,360,000","146,880,000","119,966,000","136,437,000","123,643,000","118,774,000","115,694,000","109,778,000","97,592,000","99,992,000","116,235,000","115,983,000","114,348,000","112,476,000","108,934,000","106,972,000","106,961,000","117,947,000","94,130,000","93,487,000","98,118,000","74,056,000","73,580,000","74,110,000","61,304,000","69,026,000","70,142,000","57,748,000","52,785,000","56,487,000","57,326,000","74,166,000","79,870,000","77,862,000","60,110,000","69,638,000","68,842,000","64,465,000","59,270,000","55,546,000","56,316,000","45,338,000","40,670,000","35,043,000","34,740,000","26,113,000","22,272,000","20,797,000","14,622,000","16,079,000","21,664,000","19,516,000","15,396,371","12,817,001","14,364,341","11,208,556","12,279,677","9,745,793","8,216,466","5,760,750","7,575,307","6,827,619","7,477,870","5,868,538","6,031,833","5,924,091","6,067,283","6,020,841","5,083,461","4,181,485","3,705,089","5,587,567","3,117,384","3,366,172","3,461,298","3,140,760","2,889,380","2,831,633","1,574,092","1,446,010","1,405,106","1,537,944","1,976,125","2,393,903","3,100,000","1,800,000","200,000","100,000","100,000","100,000","-600,000","100,000","100,000","1,800,000","2,600,000","1,000,000","2,100,000","2,500,000","1,600,000","800,000","500,000","700,000","100,000","300,000","100,000","200,000","0","100,000","100,000","200,000","0","100,000","100,000","200,000","0","100,000","100,000","100,000","-300,000","300,000","100,000","100,000","100,000","200,000","5,300,000","1,500,000","700,000","1,300,000","2,500,000","1,100,000","1,400,000","800,000","1,900,000","300,000","-1,900,000","2,500,000","600,000","800,000","700,000","700,000","1,300,000","1,500,000"
CostOfRevenue,"295,875,000","72,848,000","76,531,000","79,895,000","74,848,000","64,600,000","74,205,000","69,557,000","67,027,000","74,040,000","62,157,000","59,924,000","67,007,000","59,449,000","57,878,000","60,370,000","65,228,000","61,447,000","62,473,000","60,654,000","59,963,000","62,972,000","62,466,000","63,261,000","54,842,000","57,042,000","63,975,000","40,205,000","37,301,000","36,260,000","28,245,000","30,576,000","32,595,000","25,268,000","25,208,000","24,183,000","22,663,000","24,071,000","23,317,000","23,978,000","76,755,000","2,593,000","2,946,000","2,150,000","355,000","3,544,000","4,776,000","1,879,000","2,518,000","2,882,000","4,466,000","2,086,000","1,565,000","1,886,000","1,576,000","1,521,000","1,762,000","1,863,000","2,781,216","1,494,023","1,907,923","1,390,994","1,344,700","1,077,058","1,430,489","1,686,134","1,644,049","924,408","891,659","775,937","519,404","459,281","419,510","418,900","347,183","335,148","282,794","481,983","315,126","360,008","247,055","262,566","243,058","340,710","486,158","354,731","374,679","343,485","393,849","577,239","900,000","700,000","1,100,000","800,000","700,000","1,000,000","600,000","500,000","800,000","700,000","600,000","500,000","700,000","500,000","1,700,000",,,,"1,200,000",,,"800,000","1,000,000","200,000","400,000",,,,,,,,,,"200,000","400,000","100,000",,"-100,000","200,000","1,900,000","900,000",,,,,,,,,,,,,,,,
GrossProfit,"357,693,000","89,507,000","91,990,000","94,536,000","93,179,000","77,989,000","84,155,000","77,323,000","52,939,000","62,397,000","61,486,000","58,850,000","48,687,000","50,329,000","39,714,000","39,622,000","51,007,000","54,536,000","51,875,000","51,822,000","48,971,000","44,000,000","44,495,000","54,686,000","39,288,000","36,445,000","34,143,000","33,851,000","36,279,000","37,850,000","33,059,000","38,450,000","37,547,000","32,480,000","27,577,000","32,304,000","34,663,000","50,095,000","56,553,000","53,884,000","-16,645,000","67,045,000","65,896,000","62,315,000","58,915,000","52,002,000","51,540,000","43,459,000","38,152,000","32,161,000","30,274,000","24,027,000","20,707,000","18,911,000","13,046,000","14,558,000","19,902,000","17,653,000","12,615,155","11,322,978","12,456,418","9,817,562","10,934,977","8,668,735","6,785,977","4,074,616","5,931,258","5,903,211","6,586,211","5,092,601","5,512,429","5,464,810","5,647,773","5,601,941","4,736,278","3,846,337","3,422,295","5,105,584","2,802,258","3,006,164","3,214,243","2,878,194","2,646,322","2,490,923","1,087,934","1,091,279","1,030,427","1,194,459","1,582,276","1,816,664","2,200,000","1,100,000","-900,000","-700,000","-600,000","-900,000","-1,200,000","-400,000","-700,000","1,100,000","2,000,000","500,000","1,400,000","2,000,000","-100,000",,,,"-1,100,000",,,"-600,000","-1,000,000","-100,000","-300,000",,,,,,,,,,"-500,000","-100,000","0",,"200,000","0","3,400,000","600,000",,,,,,,,,,,,,,,,
OperatingExpense,"29,306,000","8,931,000","8,034,000","7,129,000","7,212,000","6,932,000","6,789,000","8,017,000","7,022,000","10,116,000","8,179,000","10,069,000","7,965,000","7,128,000","8,265,000","14,289,000","14,757,000","8,636,000","10,913,000","10,102,000","14,353,000","8,049,000","10,014,000","13,795,000","10,770,000","9,530,000","6,970,000","12,666,000","8,711,000","5,700,000","8,511,000","7,142,000","6,093,000","3,866,000","4,661,000","6,566,000","4,737,000","7,163,000","5,720,000","6,070,000","-53,753,000","24,152,000","26,476,000","23,519,000","24,282,000","20,125,000","19,936,000","22,649,000","2,436,000","33,392,000","15,073,000","13,273,000","11,405,000","11,772,000","42,159,000","6,094,000","8,130,000","7,906,000","5,574,083","3,959,031","4,110,721","4,126,847","3,637,740","2,205,871","2,415,204","2,332,039","2,678,440","1,857,533","1,649,942","1,652,015","2,560,387","2,131,667","2,035,588","1,747,024","1,815,683","2,023,017","2,254,275","1,578,813","1,203,497","1,078,023","2,707,643","1,257,584","1,136,761","1,042,428","1,019,529","713,036","780,838","614,326","638,049","678,401","1,100,000","600,000","300,000","400,000","600,000","900,000","700,000","700,000","400,000","700,000","900,000","400,000","400,000","600,000","700,000","400,000","800,000","900,000","-600,000","600,000","1,000,000",,"300,000","300,000",,"200,000","200,000","200,000","300,000","200,000","500,000","100,000","100,000","200,000","-200,000","7,800,000","300,000","600,000","1,900,000","1,300,000","1,300,000","1,600,000",,,,,,,,,,,,,,,,
	SellingGeneralAndAdministration,"29,306,000","8,931,000","8,034,000","7,129,000","7,212,000","6,932,000","6,789,000","7,454,000","6,537,000","9,551,000","6,665,000","7,443,000","6,341,000","6,798,000","7,423,000","9,927,000","10,909,000","8,100,000","9,555,000","6,899,000","9,903,000","5,402,000","7,538,000","10,507,000","8,304,000","7,679,000","5,841,000","9,510,000","6,672,000","5,545,000","8,511,000","7,142,000","6,093,000","3,866,000","4,661,000","6,566,000","4,737,000","7,163,000","5,720,000","6,070,000","4,607,000","4,431,000","5,057,000","6,298,000","10,270,000","3,182,000","3,930,000","3,724,000","3,984,000","3,444,000","2,972,000","2,195,000","1,748,000","1,812,000","2,122,000","1,671,000","1,699,000","1,981,000","1,968,344","1,556,948","1,592,453","1,565,296","1,532,265","1,133,656","1,089,080","1,325,572","1,647,996","959,508","867,419","956,863","1,693,266","1,271,479","-207,090","984,736","1,029,644","1,108,126","1,324,419","802,777","688,388","444,185","2,109,343","688,540","611,810","445,617","399,664","457,175","472,838","385,835","367,915","370,913","700,000","400,000","100,000","400,000","500,000","700,000","600,000","700,000","400,000","700,000","800,000","400,000","400,000","600,000","600,000","300,000","700,000","900,000","-600,000","600,000","1,000,000",,"300,000","300,000",,"200,000","200,000","200,000","300,000","200,000","400,000","100,000","100,000","200,000","-300,000","7,800,000","300,000","500,000","1,800,000","1,200,000","1,100,000","1,300,000",,,,,,,,,,,,,,,,
		GeneralAndAdministrativeExpense,"29,306,000","8,931,000","8,034,000","7,129,000","7,212,000","6,932,000","6,789,000","7,454,000","6,537,000","9,551,000","6,665,000","7,443,000","6,341,000","6,798,000","7,423,000","9,927,000","10,909,000","8,100,000","9,555,000","6,899,000","9,903,000","5,402,000","7,538,000","10,507,000","8,304,000","7,679,000","5,841,000","9,510,000","6,672,000","5,545,000","8,511,000","7,142,000","6,093,000","3,866,000","4,661,000","6,566,000","4,737,000","7,163,000","5,720,000","6,070,000",,,,,,,,,,,,,,,,,,,,,,,,,,,,,,,,,,,,,,,,,,,,,,,,,,,,,,,,,,,,,,,,,,,,,,,,,,,,,,,,,,,,,,,,,,,,,,,,,,,,,,,,,,,,
			OtherGandA,"29,306,000","8,931,000","8,034,000","7,129,000","7,212,000","6,932,000","6,789,000","7,454,000","6,537,000","9,551,000","6,665,000","7,443,000","6,341,000","6,798,000","7,423,000","9,927,000","10,909,000","8,100,000","9,555,000","6,899,000","9,903,000","5,402,000","7,538,000","10,507,000","8,304,000","7,679,000","5,841,000","9,510,000","6,672,000","5,545,000","8,511,000","7,142,000","6,093,000","3,866,000","4,661,000","6,566,000","4,737,000","7,163,000","5,720,000","6,070,000",,,,,,,,,,,,,,,,,,,,,,,,,,,,,,,,,,,,,,,,,,,,,,,,,,,,,,,,,,,,,,,,,,,,,,,,,,,,,,,,,,,,,,,,,,,,,,,,,,,,,,,,,,,,
	ResearchAndDevelopment,,,,,,,,,,,,,,,,,,,,,,,,,,,,,,,,,,,,,,,,,,,,,,"1,105,000",,,,,,,,,,,,,,,,,,,,,,,,,,,,,,,,,,,,,,,,,,,,,,,,,,,,,,,,,,,,,,,,,,,,,,,,,,,,,,,,,,,,,,,,,,,,,,,,,,,,,,
	DepreciationAmortizationDepletionIncomeStatement,,,,,,,,"46,300,000","45,396,000","51,228,000","40,096,000","38,714,000","42,330,000","39,368,000","38,807,000","42,551,000","42,316,000","39,679,000","42,008,000","39,692,000","39,851,000","40,164,000","39,519,000","40,102,000","35,391,000","38,163,000","40,407,000","27,147,000","26,213,000","24,783,000","20,278,000","22,212,000","24,666,000","21,605,000","22,670,000","22,400,000","20,751,000","21,649,000","21,120,000","21,500,000","16,641,000","19,721,000","21,419,000","17,221,000","16,631,000","15,838,000","16,006,000","18,925,000","17,613,000","13,002,000","12,101,000","11,078,000","9,657,000","9,960,000","8,537,000","4,423,000","6,431,000","5,925,000","3,605,739","2,402,083","2,518,268","2,561,551","2,105,475","1,072,215","1,326,124","1,006,467","1,030,444","898,025","782,523","695,152","867,121","860,188","850,734","762,288","786,039","914,891","929,856","776,036","515,109","633,838","598,300","569,043","524,950","596,810","403,674","330,456","308,000","228,491","270,134","307,488","400,000","200,000","200,000",,"100,000","200,000","100,000",,,,,,,,"100,000","100,000","100,000",,"0",,,,,,,,,,,,,,,,"100,000",,,"100,000","100,000","100,000","200,000","300,000",,,,,,,,,,,,,,,,
		DepreciationAndAmortizationInIncomeStatement,,,,,,,,,,,,,,,,,,,,,,,,,,,,,,,,,,,,,,,,,,,,,,,,,,,,,,,"8,537,000","4,423,000","6,431,000","5,925,000","3,605,739","2,402,083","2,518,268","2,561,551","2,105,475","1,072,215","1,326,124","1,006,467","1,030,444","898,025","782,523","695,152","867,121","860,188","850,734","762,288","786,039","914,891","929,856","776,036","515,109","633,838","598,300","569,043","524,950","596,810","403,674","330,456","308,000","228,491","270,134","307,488","400,000","200,000","200,000",,"100,000","200,000","100,000",,,,,,,,"100,000","100,000","100,000",,"0",,,,,,,,,,,,,,,,"100,000",,,"100,000","100,000","100,000","200,000","300,000",,,,,,,,,,,,,,,,
	OtherOperatingExpenses,,,,,"0",,,"563,000","485,000","565,000","1,514,000","2,626,000","1,624,000","330,000","842,000","4,362,000","3,848,000","536,000","1,358,000","3,203,000","4,450,000","2,647,000","2,476,000","3,288,000","2,466,000","1,851,000","1,129,000","3,156,000","2,039,000","155,000",,,,,,,,,,,,,,,,,,,,"16,946,000",,,,,"31,500,000",,,,,,,,,,,,,,,,,,,,,,,,,,,"1","1","1",,"-74,595",,,,,,,,,,,,,,,,,,,,,,,,,,,,,,,,,,,,,,,,,,,,,,,,,,,,,,,,,,,,,,
OperatingIncome,"328,387,000","80,576,000","83,956,000","87,407,000","85,967,000","71,057,000","77,366,000","69,306,000","45,917,000","52,281,000","53,307,000","48,781,000","40,722,000","43,201,000","31,449,000","25,333,000","36,250,000","45,900,000","40,962,000","41,720,000","34,618,000","35,951,000","34,481,000","40,891,000","28,518,000","26,915,000","27,173,000","21,185,000","27,568,000","32,150,000","24,548,000","31,308,000","31,454,000","28,614,000","22,916,000","25,738,000","29,926,000","42,932,000","50,833,000","47,814,000","37,108,000","42,893,000","39,420,000","38,796,000","34,633,000","31,877,000","31,604,000","20,810,000","35,716,000","-1,231,000","15,201,000","10,754,000","9,302,000","7,139,000","-29,113,000","8,464,000","11,772,000","9,747,000","7,041,072","7,363,947","8,345,697","5,690,715","7,297,237","6,462,864","4,370,773","1,742,577","3,252,818","4,045,678","4,936,269","3,440,586","2,952,042","3,333,143","3,612,185","3,854,917","2,920,595","1,823,320","1,168,020","3,526,771","1,598,761","1,928,141","506,600","1,620,610","1,509,561","1,448,495","68,405","378,243","249,589","580,133","944,227","1,138,263","1,100,000","500,000","-1,200,000","-1,100,000","-1,200,000","-1,800,000","-1,900,000","-1,100,000","-1,100,000","400,000","1,100,000","100,000","1,000,000","1,400,000","-800,000","400,000","-300,000","-200,000","-500,000","-300,000","-900,000","-600,000","-1,300,000","-400,000","-300,000","0","-300,000","-100,000","-200,000","0","-500,000","0","0","-100,000","-300,000","-7,900,000","-300,000","-500,000","-1,700,000","-1,300,000","2,100,000","-1,000,000","-10,300,000","1,300,000","2,500,000","1,100,000","-7,200,000","800,000","1,900,000","300,000","-5,400,000","2,500,000","600,000","800,000","-5,700,000","700,000","1,300,000","1,500,000"
NetNonOperatingInterestIncomeExpense,"-2,733,000","77,000","-88,000","-1,089,000","-469,000","-1,087,000","-965,000","-1,454,000","-2,249,000","-1,468,000","-1,991,000","-2,059,000","-5,633,000","-7,000,000","-6,923,000","-7,774,000","-7,514,000","-6,513,000","-8,389,000","-7,628,000","-10,064,000","-7,928,000","-2,335,000","-6,748,000","-7,750,000","-5,702,000","-8,513,000","-6,949,000","-6,020,000","-5,998,000","-6,130,000","-6,661,000","-5,700,000","-4,153,000","-5,827,000","-5,615,000","-3,569,000","-5,628,000","-6,959,000","-6,059,000","-2,728,000","-1,076,000","-1,120,000","1,054,000","-1,028,000","-1,230,000","488,000","-881,000","2,123,000","-955,000","-16,000","1,398,000","939,000","809,000",,,,,,,,,,,,,,,,,,,,,,,,,,,,,,,,,,,,,,,,,,,,,,,,,,,,,,,,,,,,,,,,,,,,,,,,,,,,,,,,,,,,,,,,,,,,,,
	InterestIncomeNonOperating,"3,019,000","975,000","791,000","819,000","676,000","733,000","613,000","421,000","425,000","620,000","226,000","775,000","1,231,000","499,000","487,000","103,000","754,000","1,781,000","645,000","989,000","-754,000","1,326,000","7,488,000","1,557,000","907,000","3,060,000","386,000","265,000","169,000","435,000","228,000","51,000","61,000","1,788,000","130,000","152,000","2,634,000","129,000","29,000","110,000","38,000","476,000","489,000","2,833,000","624,000","756,000","2,285,000","1,424,000","4,202,000","255,000","150,000","1,753,000","994,000","1,075,000",,,,,,,,,,,,,,,,,,,,,,,,,,,,,,,,,,,,,,,,,,,,,,,,,,,,,,,,,,,,,,,,,,,,,,,,,,,,,,,,,,,,,,,,,,,,,,
	InterestExpenseNonOperating,"5,752,000","898,000","879,000","1,908,000","1,145,000","1,820,000","1,578,000","1,875,000","2,674,000","2,088,000","2,217,000","2,834,000","6,864,000","7,499,000","7,410,000","7,877,000","8,268,000","8,294,000","9,034,000","8,617,000","9,310,000","9,254,000","9,823,000","8,305,000","8,657,000","8,762,000","8,899,000","7,214,000","6,189,000","6,433,000","6,358,000","6,712,000","5,761,000","5,941,000","5,957,000","5,767,000","6,203,000","5,757,000","6,988,000","6,169,000","2,766,000","1,552,000","1,609,000","1,779,000","1,652,000","1,986,000","1,797,000","2,305,000","2,079,000","1,210,000","166,000","355,000","55,000","266,000",,,,,,,,,,,,,,,,,,,,,,,,,,,,,,,,,,,,,,,,,,,,,,,,,,,,,,,,,,,,,,,,,,,,,,,,,,,,,,,,,,,,,,,,,,,,,,
OtherIncomeExpense,"2,509,000","613,000","-1,526,000","176,000","1,957,000","1,902,000","-382,000","36,445,000","5,049,000","-3,819,000","222,000","-1,375,000","-3,482,000","1,781,000","-3,631,000","-1,468,000","0","-239,364,000",,,,,,,"2,340,000","-98,973,000",,,"-183,000",,"-26,570,000","-1,769,000",,,,,"0","-12,121,000",,,"0",,,"-1,328,000",,,,,,,,,"2,214,000",,"31,500,000",,"-115,000",,"-511,227","-38,284",,,,,,,,,"0","51","163,526",,,,,,,,,,"0",,"-96,286","-1,075,393","0",,"-980,430",,"-218,295","67,453",,"200,000","-9,700,000","100,000","500,000","500,000","1,000,000","500,000","-700,000","100,000","100,000","100,000","100,000","100,000","1,900,000","-400,000","100,000",,"200,000","100,000",,,"0","100,000",,,,,,,,,,,"100,000","-100,000","100,000",,"0","100,000","100,000","100,000",,,,,,,,,,,,,,,,
	GainOnSaleOfSecurity,"2,509,000","613,000","-1,526,000","176,000","1,957,000","1,902,000","-382,000","2,539,000","6,390,000","-3,819,000","222,000","-1,375,000","-3,482,000","1,781,000","-3,631,000","-1,468,000",,,,,,,,,"1,665,000",,,,,,,,,,,,"0","-12,121,000",,,,,,,,,,,,,,,,,,,,,,,,,,,,,,,,,,,,,,,,,,,,,,,,,,,,,,,,,,,,,,,,,,,,,,,,,,,,,,,,,,,,,,,,,,,,,,,,,,,,,,,,,,,,,,
	EarningsFromEquityInterest,,,,,,,,,,,,,,,,,,,,,,,,,,,,,,,,,,,,,,,,,,,,,,,,,,,,,,,,,"0",,"-511,227","-38,284",,,,,,,,,,,,,,,,,,,,,,,,,,,,,,,,,,,,,,,,,,,,,,,,,,,,,,,,,,,,,,,,,,,,,,,,,,,,,,,,,,,,,,,,
	SpecialIncomeCharges,"0",,"0","0","0","0","0","33,906,000","-1,341,000",,,,"0","0",,,"0","-239,364,000",,,"0","0",,"0","0","-98,973,000","0","0","0","0","-26,570,000","-1,769,000",,,,,"0","0","0","0","0",,"0","-1,328,000","0","0",,,"-19,404,000",,"0",,"2,214,000",,"31,500,000",,,,,,,,,,,,,,"0","51","163,526",,,,,,,,,,"0",,"-96,286","-1,075,393","0",,"-980,430",,"-218,295","67,453",,"200,000","-9,700,000","100,000","500,000","500,000","1,000,000","500,000","-700,000","100,000","100,000","100,000","100,000","100,000","1,900,000","-400,000","100,000",,"200,000","100,000",,,"0","100,000",,,,,,,,,,,"100,000","-100,000","100,000",,"0","100,000","100,000","100,000",,,,,,,,,,,,,,,,
		RestructuringAndMergernAcquisition,,,,,,,,,,,,,,,,,,,,,,,,,,,,,,,,,,,,,"0","0","0","0","0",,,"1,328,000","0","0",,,,,,,,,"-31,500,000",,,,,,,,,,,,,,,,,,,,,,,,,,,,,,,,,,,,,,,,,,,,,,,,,,,,,,,,,,,,,,,,,,,,,,,,,,,,,,,,,,,,,,,,,,,,,
		ImpairmentOfCapitalAssets,,,,,"0",,,,"1,341,000",,,,"0","0",,,"0","239,364,000",,,"0","0",,"0","0","98,973,000","0","0","0","0","26,570,000","1,769,000",,,,,,,,,,,,,,,,,,,,,,,,,,,,,,,,,,,,,,,,,,,,,,,,,,,,,,,,,,,,,,,,,,,,,,,,,,,,,,,,,,,,,,,,,,,,,,,,,,,,,,,,,,,,,,,,,,,,
		GainOnSaleOfBusiness,"0",,"0","0","0","0","0","33,906,000",,,,,,,,,,,,,,,,,,,,,,,,,,,,,,,,,,,,,,,,,,,,,,,,,,,,,,,,,,,,,,,,,,,,,,,,,,,,,,,,,,,,,,,,,,,,,,,,,,,,,,,,,,,,,,,,,,,,,,,,,,,,,,,,,,,,,,,,,,,,
		GainOnSaleOfPPE,,,,,,"0","0","33,906,000",,,,,,,,,,,,,,,,,,,,,,,,,,,,,,,,,,,,,,,,,,,,,,,,,,,,,,,,,,,,,,,,,,,,,,,,,,,,,,,,,,,,,,,,,,,,,,,,,,,,,,,,,,,,,,,,,,,,,,,,,,,,,,,,,,,,,,,,,,,,
PretaxIncome,"328,163,000","81,266,000","82,342,000","86,494,000","87,455,000","71,872,000","76,019,000","104,297,000","48,717,000","46,994,000","51,538,000","45,347,000","31,607,000","37,982,000","20,895,000","16,091,000","28,736,000","-199,977,000","32,573,000","34,092,000","24,554,000","28,023,000","32,146,000","34,143,000","23,108,000","-77,760,000","18,660,000","14,236,000","21,365,000","26,152,000","-8,152,000","22,878,000","21,255,000","24,461,000","17,089,000","20,123,000","26,357,000","25,183,000","43,874,000","41,755,000","34,380,000","41,817,000","38,300,000","38,522,000","33,605,000","30,647,000","32,092,000","19,929,000","18,435,000","-2,186,000","15,185,000","12,152,000","12,455,000","7,948,000","33,696,000","9,115,000","12,610,000","11,132,000","8,324,122","8,870,037","9,048,898","5,477,899","8,186,225","7,367,735","5,256,643","2,496,732","4,235,607","4,461,766","5,231,655","3,621,430","3,267,800","3,435,290","3,659,293","3,991,423","2,992,275","1,883,046","-8,953,734","3,596,920","1,682,703","1,966,057","513,438","1,620,169","1,414,085","379,897","314,101","366,323","-160,819","641,922","977,089","1,165,615",,,,,,,,,,,,,,,,,,,,,,,,,,,,,,,,,,,,,,,,,,,,,,,,,,,,,,,,,,
TaxProvision,"53,221,000","15,304,000","13,980,000","16,028,000","5,535,000","17,679,000","16,031,000","-2,377,000","46,000","8,702,000","11,124,000","-23,525,000","6,143,000","9,388,000","-2,148,000","4,115,000","4,728,000","-45,859,000","48,360,000","7,544,000","7,717,000","6,492,000","5,044,000","7,188,000","5,025,000","-8,262,000","4,740,000","59,177,000","6,394,000","1,041,000","-1,827,000","3,959,000","4,322,000","3,980,000","6,311,000","4,842,000","12,697,000","18,286,000","16,315,000","16,461,000","13,413,000","14,864,000","14,051,000","12,381,000","10,333,000","10,339,000","11,374,000","6,927,000","3,558,000","2,742,000","4,833,000","3,030,000","4,197,000","2,534,000","11,998,000","3,129,000","3,965,000","3,572,000","2,425,201","2,849,293","2,904,329","1,685,765","2,550,573","2,407,598","1,690,427","677,593","1,328,312","1,404,335","1,620,775","895,341","649,482","936,864","1,359,006","1,040,609","714,810","539,933","-229,941","1,123,761","450,358","540,552","-6,839,418","32,403","28,282","7,598","6,282","7,326","-3,216","12,838","19,606","23,312",,,,,,,,,,,,,,,,,,,,,,,,,,,,,,,,,,,,,,,,,,,,,,,,,,,,,,,,,,
EarningsFromEquityInterestNetOfTax,,,,,,,,,,,,,,,,,,,,,,,,,,,,,,,,,,,,,,,,,,,,,,,,,,,,,"0",,,,,,,,,,,,,,,,,,,,,,,,,,,,,,,,,,,,,,,,,,,,,,,,,,,,,,,,,,,,,,,,,,,,,,,,,,,,,,,,,,,,,,,,,,,,,,,
NetIncomeCommonStockholders,"274,043,000","65,675,000","68,163,000","70,176,000","81,677,000","54,026,000","59,889,000","106,939,000","49,014,000","38,554,000","41,321,000","70,453,000","26,457,000","28,772,000","23,586,000","15,008,000","26,652,000","-153,650,000","-14,765,000","28,631,000","20,021,000","23,661,000","28,062,000","29,787,000","20,440,000","-67,656,000","15,114,000","-45,046,000","14,817,000","25,014,000","-6,548,000","18,680,000","16,637,000","20,143,000","10,667,000","15,195,000","10,703,000","6,464,000","27,217,000","24,771,000","20,572,000","25,999,000","23,411,000","22,495,000","21,688,000","19,565,000","18,312,000","11,831,000","10,505,000","-5,754,000","9,615,000","7,126,000","7,059,000","4,142,000","21,397,000","5,749,000","7,860,000","3,836,000","3,860,940","5,762,320","5,686,076","3,438,615","5,635,652","4,960,137","3,566,216","1,819,139","2,907,295","3,057,431","3,610,880","2,726,089","2,618,318","2,498,426","2,300,287","2,950,814","2,277,465","1,343,113","1,621,338","2,473,159","1,232,345","1,425,505","7,352,856","1,587,766","1,385,802","372,299","307,819","358,997","-157,603","599,397","957,483","1,142,303","1,000,000","900,000","-5,600,000","-1,100,000","-800,000","-1,300,000","-1,700,000","-600,000","-1,700,000","500,000","1,100,000","300,000","1,100,000","1,600,000","900,000","100,000","-300,000","-200,000","-400,000","-300,000","-800,000","-500,000","-600,000","-500,000","-400,000","-100,000","-100,000","-200,000","-200,000","-100,000","-300,000",,"-200,000","-200,000","-300,000","-8,000,000","-200,000","-400,000","-1,800,000","-1,100,000","2,500,000","-1,100,000",,,,,,,,,,,,,,,,
	NetIncome,"274,043,000","65,675,000","68,163,000","70,176,000","81,677,000","54,026,000","59,889,000","106,939,000","49,014,000","38,554,000","41,321,000","70,453,000","26,457,000","28,772,000","23,586,000","15,008,000","26,652,000","-153,650,000","-14,765,000","28,631,000","20,021,000","23,661,000","28,062,000","29,787,000","20,440,000","-67,656,000","15,114,000","-45,046,000","14,817,000","25,014,000","-6,548,000","18,680,000","16,637,000","20,143,000","10,667,000","15,195,000","10,703,000","6,464,000","27,217,000","24,771,000","20,572,000","25,999,000","23,411,000","22,495,000","21,688,000","19,565,000","18,312,000","11,831,000","10,505,000","-5,754,000","9,615,000","7,126,000","7,059,000","4,142,000","21,397,000","5,749,000","7,860,000","7,420,000","5,065,246","5,762,320","5,686,076","3,438,615","5,635,652","4,960,137","3,566,216","1,819,139","2,907,295","3,057,431","3,610,880","2,726,089","2,618,318","2,498,426","2,300,287","2,950,814","2,277,465","1,343,113","1,621,338","2,473,159","1,232,345","1,425,505","7,352,856","1,587,766","1,385,802","372,299","307,819","358,997","-157,603","599,397","957,483","1,142,303","1,000,000","900,000","-5,600,000","-1,100,000","-800,000","-1,300,000","-1,700,000","-600,000","-1,700,000","500,000","1,100,000","300,000","1,100,000","1,600,000","900,000","100,000","-300,000","-200,000","-400,000","-300,000","-800,000","-500,000","-600,000","-500,000","-400,000","-100,000","-100,000","-200,000","-200,000","-100,000","-300,000",,"-200,000","-200,000","-300,000","-8,000,000","-200,000","-400,000","-1,800,000","-1,100,000","2,500,000","-1,100,000",,,,,,,,,,,,,,,,
		NetIncomeIncludingNoncontrollingInterests,"274,942,000","65,962,000","68,362,000","70,466,000","81,920,000","54,193,000","59,988,000","106,674,000","48,671,000","38,292,000","40,414,000","68,872,000","25,464,000","28,594,000","23,043,000","11,976,000","24,008,000","-154,118,000","-15,787,000","26,548,000","16,837,000","21,531,000","27,102,000","26,955,000","18,083,000","-69,498,000","13,920,000","-44,941,000","14,971,000","25,111,000","-6,325,000","18,919,000","16,933,000","20,481,000","10,778,000","15,281,000","13,660,000","6,897,000","27,559,000","25,294,000","20,967,000","26,953,000","24,249,000","26,141,000","23,272,000","20,308,000","20,718,000","13,002,000","14,877,000","-4,928,000","10,352,000","9,122,000","10,068,000","4,142,000","21,698,000","5,986,000","8,530,000","7,560,000","5,387,694","5,982,460","6,144,569","3,792,134","5,635,652","4,960,137","3,566,216","1,819,139","2,907,295","3,057,431","3,610,880","2,726,089","2,618,318","2,498,426","2,300,287","2,950,814","2,277,465","1,343,113","1,621,338","2,473,159","1,232,345","1,425,505","7,352,856","1,587,766","1,385,802","372,299","307,819","358,997","-157,603","599,397","957,483","1,142,303","1,000,000","900,000","-5,600,000","-1,100,000","-800,000","-1,300,000","-1,700,000","-600,000","-1,700,000","500,000","1,100,000","300,000","1,100,000","1,600,000","900,000","100,000","-300,000","-200,000","-400,000","-300,000","-800,000","-500,000","-600,000","-500,000","-400,000","-100,000","-100,000","-200,000","-200,000","-100,000","-300,000",,"-200,000","-200,000","-300,000","-8,000,000","-200,000","-400,000","-1,800,000","-1,100,000","2,500,000","-1,100,000","-2,400,000","-700,000","-800,000","-600,000","2,000,000","-1,000,000","-1,100,000","-300,000","-2,200,000","2,200,000","-7,000,000","-2,800,000","-5,500,000","-300,000","-9,100,000","-200,000"
			NetIncomeContinuousOperations,"274,942,000","65,962,000","68,362,000","70,466,000","81,920,000","54,193,000","59,988,000","106,674,000","48,671,000","38,292,000","40,414,000","68,872,000","25,464,000","28,594,000","23,043,000","11,976,000","24,008,000","-154,118,000","-15,787,000","26,548,000","16,837,000","21,531,000","27,102,000","26,955,000","18,083,000","-69,498,000","13,920,000","-44,941,000","14,971,000","25,111,000","-6,325,000","18,919,000","16,933,000","20,481,000","10,778,000","15,281,000","13,660,000","6,897,000","27,559,000","25,294,000","20,967,000","26,953,000","24,249,000","26,141,000","23,272,000","20,308,000","20,718,000","13,002,000","14,877,000","-4,928,000","10,352,000","9,122,000","10,068,000","4,142,000","21,397,000","5,749,000","7,860,000","7,420,000","5,065,246","5,762,320","5,686,076","3,438,615","5,635,652","4,960,137","3,566,216","1,819,139","2,907,295","3,057,431","3,610,880","2,726,089","2,618,318","2,498,426","2,300,287","2,950,814","2,277,465","1,343,113","1,621,338","2,473,159","1,232,345","1,425,505","7,352,856","1,587,766","1,385,802","372,299","307,819","358,997","-157,603","629,084","957,483","1,142,303","1,000,000","900,000","-5,600,000","-1,100,000","-800,000","-1,300,000","-1,700,000","-600,000","-1,700,000","500,000","1,100,000","300,000","1,100,000","1,600,000","900,000","100,000","-300,000","-200,000","-400,000","-300,000","-800,000","-500,000","-600,000","-500,000","-400,000","-100,000","-100,000","-200,000","-200,000","-100,000","-300,000",,"-200,000","-200,000","-300,000","-8,000,000","-200,000","-400,000","-1,800,000","-1,100,000","2,100,000","-1,100,000","-2,400,000","-700,000","-800,000","-600,000","2,200,000","-1,000,000","-1,100,000","-400,000","-1,200,000","1,700,000","-4,500,000","-200,000","-5,500,000","-300,000","-9,100,000","-200,000"
			NetIncomeDiscontinuousOperations,,,,,,,,,,,,,,,,,,,,,,,,,,,,,,,,,,,,,,,,,,,,,,,,,,,,,,,,,,,,,,,,,,,,,,,,,,,,,,,,,,,,,,,,,,,,,,,,,,,,,,,,,,,,,,,,,,,,,,,,,,,,,,,,,"0",,"400,000",,,,,,"-200,000",,,"100,000","-1,000,000","500,000","-2,500,000","-2,600,000",,,,
			NetIncomeFromTaxLossCarryforward,,,,,,,,,,,,,,,,,,,,,,,,,,,,,,,,,,,,,,,,,,,,,,,,,,,,,,,,,,,,,,,,,,,,,,,,,,,,,,,,,,,,,,,,"-29,687",,,,,,,,,,,,,,,,,,,,,,,,,,,,,,,,,,,,,,,,,,,,,,,,,,,,,,,,,,,,
		MinorityInterests,"-899,000","-287,000","-199,000","-290,000","-243,000","-167,000","-99,000","265,000","343,000","262,000","907,000","1,581,000","993,000","178,000","543,000","3,032,000","2,644,000","468,000","1,022,000","2,083,000","3,184,000","2,130,000","960,000","2,832,000","2,357,000","1,842,000","1,194,000","-105,000","-154,000","-97,000","-223,000","-239,000","-296,000","-338,000","-111,000","-86,000","-2,957,000","-433,000","-342,000","-523,000","-395,000","-954,000","-838,000","-3,646,000","-1,584,000","-743,000","-2,406,000","-1,171,000","-4,372,000","-826,000","-737,000","-1,996,000","-1,199,000","-1,272,000","-301,000","-237,000","-670,000","-140,000","-322,448","-220,140","-458,493","-353,519",,,,,,,,,,,,,,,,,,,,,,,,,,,,,,,,,,,,,,,,,,,,,,,,,,,,,,,,,,,,,,,,,,,,,,,,,,,,,,,,,,,,,,
	PreferredStockDividends,,,,,,,,,,,,,,,,,,,,,,,,,,,,,,,,,,,,,,,,,,,,,,,,,,,,,,,,,"0","3,584,000","1,204,306",,,,,,,,,,,,,,,,,,,,,,,,,,,,,,,,,,,,,,,,,,,,,,,,,,,,,,,,,,,,,,,,,,,,,,,,,,,,,,,,,,,,,,,,,
DilutedNIAvailtoComStockholders,"274,043,000","65,675,000","68,163,000","70,176,000","81,677,000","54,026,000","59,889,000","106,939,000","49,014,000","38,554,000","41,321,000","70,453,000","26,457,000","28,772,000","23,586,000","15,008,000","26,652,000","-153,650,000","-14,765,000","28,631,000","20,021,000","23,661,000","28,062,000","29,787,000","20,440,000","-67,656,000","15,114,000","-45,046,000","14,817,000","25,014,000","-6,548,000","18,680,000","16,637,000","20,143,000","10,667,000","15,195,000","10,703,000","6,464,000","27,217,000","24,771,000","20,572,000","25,999,000","23,411,000","22,495,000","21,688,000","19,565,000","18,312,000","11,831,000","10,505,000","-5,754,000","9,615,000","7,126,000","7,059,000","4,142,000","21,397,000","5,749,000","7,860,000","3,836,000","3,860,940","5,762,320","5,686,076","3,438,615","5,635,652","4,960,137","3,566,216","1,819,139","2,907,295","3,057,431","3,610,880","2,726,089","2,618,318","2,498,426","2,300,287","2,950,814","2,277,465","1,343,113","1,621,338","2,473,159","1,232,345","1,425,505","7,352,856","1,587,766","1,385,802","372,299","307,819","358,997","-157,603","599,397","957,483","1,142,303","1,000,000","900,000","-5,600,000","-1,100,000","-800,000","-1,300,000","-1,700,000","-600,000","-1,700,000","500,000","1,100,000","300,000","1,100,000","1,600,000","900,000","100,000","-300,000","-200,000","-400,000","-300,000","-800,000","-500,000","-600,000","-500,000","-400,000","-100,000","-100,000","-200,000","-200,000","-100,000","-300,000",,"-200,000","-200,000","-300,000","-8,000,000","-200,000","-400,000","-1,800,000","-1,100,000","2,500,000","-1,100,000",,,,,,,,,,,,,,,,
BasicEPS,,"1","1.04","1.07","1.24","0.82","0.91","1.63","0.75","0.59","0.63","1.07","0.4","0.44","0.36","0.23","0.41","-2.35","-0.23","0.44","0.31","0.36","0.43","0.46","0.32","-1.04","0.23","-0.69",,"0.38","-0.1","0.29",,"0.31","0.16","0.23",,"0.1","0.42","0.42",,"0.44","0.42","0.41",,"0.36","0.33","0.22",,"-0.13","0.24","0.18",,"0.12","0.63","0.17",,"0.12","0.13","0.2",,"0.14","0.24","0.21",,"0.08","0.12","0.14",,"0.13","0.13","0.12",,"0.14","0.11","0.06",,"0.12","0.06","0.08",,"0.09","0.08","0.02",,"0.02","-0.01","0.04",,"0.06","0.06","0.05",,"-0.06","-0.05","-0.07",,"-0.04","-0.1","0.03",,"0.02","0.07","0.1",,"0.01","-0.02","-0.01",,"-0.02","-0.06","-0.04",,"-0.03","-0.03","-0.01",,"-0.01","-0.02","-0.01",,"0","-0.02","-0.02",,"-0.89","-0.03","-0.05",,"-0.13","0.29","-0.12",,"-0.08","-0.1","-0.07",,"-0.11","-0.14","-0.05",,"0.33","-1.12","-0.43",,"-0.04","-1.48","-0.03"
DilutedEPS,,"1","1.04","1.07","1.24","0.82","0.91","1.63","0.75","0.59","0.63","1.07","0.4","0.44","0.36","0.23","0.41","-2.35","-0.23","0.44","0.31","0.36","0.43","0.46","0.32","-1.04","0.23","-0.69",,"0.38","-0.1","0.29",,"0.31","0.16","0.23",,"0.1","0.42","0.41",,"0.44","0.42","0.4",,"0.35","0.33","0.21",,"-0.13","0.23","0.17",,"0.12","0.62","0.17",,"0.12","0.13","0.2",,"0.14","0.24","0.21",,"0.08","0.12","0.14",,"0.13","0.12","0.12",,"0.14","0.11","0.06",,"0.12","0.06","0.07",,"0.09","0.08","0.02",,"0.02","-0.01","0.04",,"0.06","0.06","0.05",,"-0.06","-0.05","-0.07",,"-0.04","-0.1","0.03",,"0.02","0.07","0.1",,"0.01","-0.02","-0.01",,"-0.02","-0.06","-0.04",,"-0.03","-0.03","-0.01",,"-0.01","-0.02","-0.01",,"0","-0.02","-0.02",,"-0.89","-0.03","-0.05",,"-0.13","0.29","-0.12",,"-0.08","-0.1","-0.07",,"-0.11","-0.14","-0.05",,"0.33","-1.12","-0.43",,"-0.04","-1.48","-0.03"
BasicAverageShares,,"65,565,735","65,564,065","65,556,608","65,550,682","65,550,400","65,546,938","65,537,714","65,522,569","65,511,878","65,495,907","65,465,611","65,410,066","65,398,369","65,395,457","65,374,866","65,318,461","65,307,324","65,306,766","65,235,496","65,175,663","65,169,883","65,149,518","65,116,686","65,090,772","65,085,225","65,073,678","65,048,439",,"65,033,547","65,002,307","64,962,883",,"64,963,605","64,897,757","64,858,354",,"64,837,598","63,941,686","59,435,867",,"58,953,216","55,329,463","55,183,719",,"55,076,556","55,043,160","54,986,700",,"44,976,419","40,578,426","40,502,139",,"34,008,758","33,961,206","33,926,495",,"30,932,084","29,777,468","28,729,541",,"24,042,235","23,604,576","23,587,416",,"23,522,539","23,276,477","21,126,609",,"20,894,921","20,814,226","20,783,359",,"20,783,359","20,778,772","20,696,816",,"20,537,681","19,443,692","18,637,271",,"17,922,617","17,899,951","17,889,776",,"17,751,596","17,763,862","17,740,422",,"17,641,327","17,578,792","18,000,000",,"18,333,333","16,000,000","18,571,429",,"15,000,000","17,000,000","16,666,667",,"15,000,000","15,714,286","16,000,000",,"13,333,333","15,000,000","14,686,000",,"15,000,000","13,333,333","12,500,000",,"16,666,667","13,333,333","10,000,000",,"10,000,000","10,000,000","10,000,000",,"10,000,000","10,000,000","10,000,000",,"8,988,764","6,666,667","8,000,000",,"8,461,538","8,620,690","9,166,667",,"8,406,000","8,606,000","8,531,000",,"8,716,000","7,991,000","6,774,000",,"6,510,000","6,155,000","6,155,000",,"6,155,000","6,155,000","6,155,000"
DilutedAverageShares,,"65,644,668","65,621,025","65,627,845","65,636,964","65,621,603","65,619,241","65,632,689","65,627,851","65,600,770","65,611,567","65,615,926","65,537,501","65,515,234","65,473,400","65,497,159","65,507,651","65,307,324","65,306,766","65,404,680","65,320,719","65,274,926","65,253,209","65,280,904","65,090,772","65,085,225","65,121,744","65,048,439",,"65,129,362","65,002,307","65,107,481",,"65,082,780","64,990,771","64,980,599",,"64,994,517","64,137,237","59,679,807",,"59,169,314","55,574,814","55,491,354",,"55,337,201","55,308,709","55,250,028",,"44,976,419","40,962,137","40,861,713",,"34,447,169","34,375,388","34,278,980",,"31,213,663","30,124,299","28,861,324",,"24,264,254","23,854,744","23,817,728",,"23,810,698","23,564,037","21,366,843",,"21,099,404","21,129,742","21,090,329",,"21,125,284","21,147,687","21,099,580",,"21,091,023","20,022,836","19,130,373",,"18,172,621","18,025,966","18,025,341",,"17,866,905","17,763,862","17,872,443",,"17,873,527","17,866,337","18,000,000",,"18,333,333","16,000,000","18,571,429",,"15,000,000","17,000,000","16,666,667",,"15,000,000","15,714,286","16,000,000",,"13,333,333","15,000,000","14,686,000",,"15,000,000","13,333,333","12,500,000",,"16,666,667","13,333,333","10,000,000",,"10,000,000","10,000,000","10,000,000",,"10,000,000","10,000,000","10,000,000",,"8,988,764","6,666,667","8,000,000",,"8,461,538","8,620,690","9,166,667",,"8,406,000","8,606,000","8,531,000",,"8,716,000","7,991,000","6,774,000",,"6,510,000","6,155,000","6,155,000",,"6,155,000","6,155,000","6,155,000"
TotalOperatingIncomeAsReported,"328,387,000","80,576,000","83,956,000","87,407,000","85,967,000","71,057,000","77,366,000","103,212,000","44,576,000","52,281,000","53,307,000","48,781,000","40,722,000","43,201,000","31,449,000","25,333,000","36,250,000","-193,464,000","40,962,000","41,720,000","34,618,000","35,951,000","34,481,000","40,891,000","28,518,000","-72,058,000","27,173,000","21,185,000","27,568,000","32,150,000","-2,022,000","29,539,000","31,454,000","28,614,000","22,916,000","25,738,000","29,926,000","42,932,000","50,833,000","47,814,000","37,108,000","42,893,000","39,420,000","37,468,000","34,633,000","31,877,000","31,604,000","20,810,000",,"-1,231,000","15,201,000","10,754,000","9,302,000","7,139,000","2,387,000","8,464,000","11,772,000","9,747,000","7,041,072","7,363,947","8,345,697","5,690,715","7,297,237","6,462,864","4,370,773","1,742,577","3,252,818","4,045,678","4,936,269","3,440,586","2,952,042","3,333,143","3,612,185","3,854,917","2,920,595","1,823,320","1,168,020","3,526,771","1,598,761","1,928,141","506,600","1,620,610","1,509,561","1,448,495","68,405","378,243","-240,626","580,133","944,227","1,138,263","1,100,000","500,000","-5,800,000","-1,100,000","-1,200,000","-1,800,000","-1,900,000","-1,100,000","-1,100,000","400,000","1,100,000","100,000","1,000,000","1,400,000","-800,000","400,000","-300,000","-200,000","-500,000","-300,000","-900,000","-600,000","-1,300,000","-400,000","-300,000",,"-300,000","-100,000","-200,000",,"-500,000",,,"-100,000","-300,000","-7,900,000","-300,000","-500,000","-1,700,000","-1,300,000","2,100,000","-1,000,000",,,,,,,,,,,,,,,,
TotalExpenses,"325,181,000","81,779,000","84,565,000","87,024,000","82,060,000","71,532,000","80,994,000","77,574,000","74,049,000","84,156,000","70,336,000","69,993,000","74,972,000","66,577,000","66,143,000","74,659,000","79,985,000","70,083,000","73,386,000","70,756,000","74,316,000","71,021,000","72,480,000","77,056,000","65,612,000","66,572,000","70,945,000","52,871,000","46,012,000","41,960,000","36,756,000","37,718,000","38,688,000","29,134,000","29,869,000","30,749,000","27,400,000","31,234,000","29,037,000","30,048,000","23,002,000","26,745,000","29,422,000","25,669,000","24,637,000","23,669,000","24,712,000","24,528,000","4,954,000","36,274,000","19,539,000","15,359,000","12,970,000","13,658,000","43,735,000","7,615,000","9,892,000","9,769,000","8,355,299","5,453,054","6,018,644","5,517,841","4,982,440","3,282,929","3,845,693","4,018,173","4,322,489","2,781,941","2,541,601","2,427,952","3,079,791","2,590,948","2,455,098","2,165,924","2,162,866","2,358,165","2,537,069","2,060,796","1,518,623","1,438,031","2,954,698","1,520,150","1,379,819","1,383,138","1,505,687","1,067,767","1,155,517","957,811","1,031,898","1,255,640","2,000,000","1,300,000","1,400,000","1,200,000","1,300,000","1,900,000","1,300,000","1,200,000","1,200,000","1,400,000","1,500,000","900,000","1,100,000","1,100,000","2,400,000","400,000","800,000","900,000","600,000","600,000","1,000,000","800,000","1,300,000","500,000","400,000","200,000","300,000","200,000","300,000","200,000","500,000","100,000","100,000","200,000","0","8,200,000","400,000","600,000","1,800,000","1,500,000","3,200,000","2,500,000",,,,,,,,,,,,,,,,
NetIncomeFromContinuingAndDiscontinuedOperation,"274,043,000","65,675,000","68,163,000","70,176,000","81,677,000","54,026,000","59,889,000","106,939,000","49,014,000","38,554,000","41,321,000","70,453,000","26,457,000","28,772,000","23,586,000","15,008,000","26,652,000","-153,650,000","-14,765,000","28,631,000","20,021,000","23,661,000","28,062,000","29,787,000","20,440,000","-67,656,000","15,114,000","-45,046,000","14,817,000","25,014,000","-6,548,000","18,680,000","16,637,000","20,143,000","10,667,000","15,195,000","10,703,000","6,464,000","27,217,000","24,771,000","20,572,000","25,999,000","23,411,000","22,495,000","21,688,000","19,565,000","18,312,000","11,831,000","10,505,000","-5,754,000","9,615,000","7,126,000","7,059,000","4,142,000","21,397,000","5,749,000","7,860,000","7,420,000","5,065,246","5,762,320","5,686,076","3,438,615","5,635,652","4,960,137","3,566,216","1,819,139","2,907,295","3,057,431","3,610,880","2,726,089","2,618,318","2,498,426","2,300,287","2,950,814","2,277,465","1,343,113","1,621,338","2,473,159","1,232,345","1,425,505","7,352,856","1,587,766","1,385,802","372,299","307,819","358,997","-157,603","629,084","957,483","1,142,303","1,000,000","900,000","-5,600,000","-1,100,000","-800,000","-1,300,000","-1,700,000","-600,000","-1,700,000","500,000","1,100,000","300,000","1,100,000","1,600,000","900,000","100,000","-300,000","-200,000","-400,000","-300,000","-800,000","-500,000","-600,000","-500,000","-400,000","-100,000","-100,000","-200,000","-200,000","-100,000","-300,000",,"-200,000","-200,000","-300,000","-8,000,000","-200,000","-400,000","-1,800,000","-1,100,000","2,500,000","-1,100,000",,,,,,,,,,,,,,,,
NormalizedIncome,"271,940,905.986","65,177,244","69,429,916.179","70,032,560","79,843,857.927","52,591,892","60,190,398","80,334,150","43,969,767.412","41,666,485","41,146,952","71,456,750","29,262,253.52","27,430,907","26,236,630","16,100,192","26,652,000","30,899,644","-14,765,000","28,631,000","20,021,000","23,661,000","28,062,000","29,787,000","18,608,849.749","20,825,862","15,114,000","-45,046,000","14,945,232.764","25,014,000","14,070,320","20,142,963","16,637,000","20,143,000","10,667,000","15,195,000","10,703,000","14,342,650","27,217,000","24,771,000","20,572,000","25,999,000","23,411,000","23,396,179.793","21,688,000","19,565,000","18,312,000","11,831,000","26,163,980.635","-5,754,000","9,615,000","7,126,000","5,591,058.45","4,142,000","1,113,079.06","5,749,000","7,860,000","7,420,000","5,065,246","5,762,320","5,686,076","3,438,615","5,635,652","4,960,137","3,566,216","1,819,139","2,907,295","3,057,431","3,610,880","2,726,050.609","2,487,293.13","2,498,426","2,300,287","2,950,814","2,277,465","1,343,113","1,621,338","2,473,159","1,232,345","1,425,505","7,352,856","1,587,766","1,480,162.26","1,426,183.97","307,819","358,997","803,220.717","629,084","1,171,397.752","1,076,199.043","1,000,000","780,000","220,000","-1,160,000","-1,100,000","-1,600,000","-2,300,000","-900,000","-1,280,000","440,000","1,040,000","240,000","1,040,000","1,540,000","-240,000","340,000","-360,000","-200,000","-520,000","-360,000","-800,000","-500,000","-600,000","-560,000","-400,000","-100,000","-100,000","-200,000","-200,000","-100,000","-300,000",,"-200,000","-200,000","-360,000","-7,940,000","-260,000","-400,000","-1,800,000","-1,160,000","2,040,000","-1,160,000",,,,,,,,,,,,,,,,
InterestIncome,"3,019,000","975,000","791,000","819,000","676,000","733,000","613,000","421,000","425,000","620,000","226,000","775,000","1,231,000","499,000","487,000","103,000","754,000","1,781,000","645,000","989,000","-754,000","1,326,000","7,488,000","1,557,000","907,000","3,060,000","386,000","265,000","169,000","435,000","228,000","51,000","61,000","1,788,000","130,000","152,000","2,634,000","129,000","29,000","110,000","38,000","476,000","489,000","2,833,000","624,000","756,000","2,285,000","1,424,000","4,202,000","255,000","150,000","1,753,000","994,000","1,075,000",,,,,,,,,,,,,,,,,,,,,,,,,,,,,,,,,,,,,,,,,,,,,,,,,,,,,,,,,,,,,,,,,,,,,,,,,,,,,,,,,,,,,,,,,,,,,,
InterestExpense,"5,752,000","898,000","879,000","1,908,000","1,145,000","1,820,000","1,578,000","1,875,000","2,674,000","2,088,000","2,217,000","2,834,000","6,864,000","7,499,000","7,410,000","7,877,000","8,268,000","8,294,000","9,034,000","8,617,000","9,310,000","9,254,000","9,823,000","8,305,000","8,657,000","8,762,000","8,899,000","7,214,000","6,189,000","6,433,000","6,358,000","6,712,000","5,761,000","5,941,000","5,957,000","5,767,000","6,203,000","5,757,000","6,988,000","6,169,000","2,766,000","1,552,000","1,609,000","1,779,000","1,652,000","1,986,000","1,797,000","2,305,000","2,079,000","1,210,000","166,000","355,000","55,000","266,000",,,,,,,,,,,,,,,,,,,,,,,,,,,,,,,,,,,,,,,,,,,,,,,,,,,,,,,,,,,,,,,,,,,,,,,,,,,,,,,,,,,,,,,,,,,,,,
NetInterestIncome,"-2,733,000","77,000","-88,000","-1,089,000","-469,000","-1,087,000","-965,000","-1,454,000","-2,249,000","-1,468,000","-1,991,000","-2,059,000","-5,633,000","-7,000,000","-6,923,000","-7,774,000","-7,514,000","-6,513,000","-8,389,000","-7,628,000","-10,064,000","-7,928,000","-2,335,000","-6,748,000","-7,750,000","-5,702,000","-8,513,000","-6,949,000","-6,020,000","-5,998,000","-6,130,000","-6,661,000","-5,700,000","-4,153,000","-5,827,000","-5,615,000","-3,569,000","-5,628,000","-6,959,000","-6,059,000","-2,728,000","-1,076,000","-1,120,000","1,054,000","-1,028,000","-1,230,000","488,000","-881,000","2,123,000","-955,000","-16,000","1,398,000","939,000","809,000",,,,,,,,,,,,,,,,,,,,,,,,,,,,,,,,,,,,,,,,,,,,,,,,,,,,,,,,,,,,,,,,,,,,,,,,,,,,,,,,,,,,,,,,,,,,,,
EBIT,"333,915,000","82,164,000","83,221,000","88,402,000","88,600,000","73,692,000","77,597,000","106,172,000","51,391,000","49,082,000","53,755,000","48,181,000","38,471,000","45,481,000","28,305,000","23,968,000","37,004,000","-191,683,000","41,607,000","42,709,000","33,864,000","37,277,000","41,969,000","42,448,000","31,765,000","-68,998,000","27,559,000","21,450,000","27,554,000","32,585,000","-1,794,000","29,590,000","27,016,000","30,402,000","23,046,000","25,890,000","32,560,000","30,940,000","50,862,000","47,924,000","37,146,000","43,369,000","39,909,000","40,301,000","35,257,000","32,633,000","33,889,000","22,234,000","20,514,000","-976,000","15,351,000","12,507,000","12,510,000","8,214,000","-29,113,000","8,464,000","11,772,000","9,747,000","7,041,072","7,363,947","8,345,697","5,690,715","7,297,237","6,462,864","4,370,773","1,742,577","3,252,818","4,045,678","4,936,269","3,440,586","2,952,042","3,333,143","3,612,185","3,854,917","2,920,595","1,823,320","1,168,020","3,526,771","1,598,761","1,928,141","506,600","1,620,610","1,509,561","1,448,495","68,405","378,243","249,589","580,133","944,227","1,138,263","1,100,000","500,000","-1,200,000","-1,100,000","-1,200,000","-1,800,000","-1,900,000","-1,100,000","-1,100,000","400,000","1,100,000","100,000","1,000,000","1,400,000","-800,000","400,000","-300,000","-200,000","-500,000","-300,000","-900,000","-600,000","-1,300,000","-400,000","-300,000","0","-300,000","-100,000","-200,000","0","-500,000","0","0","-100,000","-300,000","-7,900,000","-300,000","-500,000","-1,700,000","-1,300,000","2,100,000","-1,000,000","-10,300,000","1,300,000","2,500,000","1,100,000","-7,200,000","800,000","1,900,000","300,000","-5,400,000","2,500,000","600,000","800,000","-5,700,000","700,000","1,300,000","1,500,000"
EBITDA,"522,924,000"
ReconciledCostOfRevenue,"295,875,000","72,848,000","76,531,000","79,895,000","74,848,000","64,600,000","74,205,000","69,557,000","67,027,000","74,040,000","62,157,000","59,924,000","67,007,000","59,449,000","57,878,000","60,370,000","65,228,000","61,447,000","62,473,000","60,654,000","59,963,000","62,972,000","62,466,000","63,261,000","54,842,000","57,042,000","63,975,000","40,205,000","37,301,000","36,260,000","28,245,000","30,576,000","32,595,000","25,268,000","25,208,000","24,183,000","22,663,000","24,071,000","23,317,000","23,978,000","76,755,000","2,593,000","2,947,000","2,150,000","355,000","3,544,000","4,777,000","1,879,000","2,518,000","2,883,000","4,466,000","2,086,000","1,565,000","1,885,000","1,576,000","1,521,000","1,762,000","1,862,821","2,781,217","1,494,023","1,907,923","1,379,824","1,344,699","1,077,058","1,430,489","1,686,134","1,644,049","924,408","891,659","775,937","519,404","459,281","419,510","418,900","347,182","335,148","282,794","481,982","315,127","360,008","247,055","262,565","243,058","340,710","486,158","354,731","374,679","343,485","393,849","561,753","900,000","700,000","1,100,000","800,000","700,000","1,000,000","600,000","500,000","800,000","700,000","600,000","500,000","700,000","500,000","1,700,000",,,,"1,200,000",,,"800,000","1,000,000","200,000","400,000",,,,,,,,,,"200,000","400,000","100,000",,"-100,000","300,000","1,900,000","900,000",,,,,,,,,,,,,,,,
ReconciledDepreciation,"189,009,000","47,988,000","49,074,000","50,611,000","48,028,000","41,296,000","47,945,000","46,300,000","45,396,000","51,228,000","40,096,000","38,714,000","42,330,000","39,368,000","38,807,000","42,551,000","42,316,000","39,679,000","42,009,000","39,692,000","39,851,000","40,164,000","39,519,000","40,102,000","35,391,000","38,162,000","40,408,000","27,147,000","26,213,000","24,783,000","20,278,000","22,212,000","24,666,000","21,605,000","22,671,000","22,400,000","20,751,000","21,649,000","21,120,000","21,500,000","16,641,000","19,721,000","21,418,000","17,221,000","16,631,000","15,838,000","16,005,000","18,925,000","17,613,000","13,001,000","12,101,000","11,078,000","9,657,000","9,961,000","8,537,000","4,423,000","6,431,000","5,925,179","3,605,738","2,402,083","2,518,268","2,572,721","2,105,476","1,072,215","1,326,124","1,006,467","1,030,444","898,025","782,523","695,152","867,121","860,188","850,734","762,288","786,040","914,891","929,856","776,037","515,108","633,838","598,300","569,044","524,950","596,810","403,674","330,456","308,000","228,491","270,134","322,974","400,000","200,000","200,000","0","100,000","200,000","100,000",,,,,,,,"100,000","0","100,000",,"0",,,,,,,,,,,,,,,,"100,000","0","0","100,000","100,000","0","200,000","300,000",,,,,,,,,,,,,,,,
NetIncomeFromContinuingOperationNetMinorityInterest,"274,043,000","65,675,000","68,163,000","70,176,000","81,677,000","54,026,000","59,889,000","106,939,000","49,014,000","38,554,000","41,321,000","70,453,000","26,457,000","28,772,000","23,586,000","15,008,000","26,652,000","-153,650,000","-14,765,000","28,631,000","20,021,000","23,661,000","28,062,000","29,787,000","20,440,000","-67,656,000","15,114,000","-45,046,000","14,817,000","25,014,000","-6,548,000","18,680,000","16,637,000","20,143,000","10,667,000","15,195,000","10,703,000","6,464,000","27,217,000","24,771,000","20,572,000","25,999,000","23,411,000","22,495,000","21,688,000","19,565,000","18,312,000","11,831,000","10,505,000","-5,754,000","9,615,000","7,126,000","7,059,000","4,142,000","21,397,000","5,749,000","7,860,000","7,420,000","5,065,246","5,762,320","5,686,076","3,438,615","5,635,652","4,960,137","3,566,216","1,819,139","2,907,295","3,057,431","3,610,880","2,726,089","2,618,318","2,498,426","2,300,287","2,950,814","2,277,465","1,343,113","1,621,338","2,473,159","1,232,345","1,425,505","7,352,856","1,587,766","1,385,802","372,299","307,819","358,997","-157,603","629,084","957,483","1,142,303","1,000,000","900,000","-5,600,000","-1,100,000","-800,000","-1,300,000","-1,700,000","-600,000","-1,700,000","500,000","1,100,000","300,000","1,100,000","1,600,000","900,000","100,000","-300,000","-200,000","-400,000","-300,000","-800,000","-500,000","-600,000","-500,000","-400,000","-100,000","-100,000","-200,000","-200,000","-100,000","-300,000",,"-200,000","-200,000","-300,000","-8,000,000","-200,000","-400,000","-1,800,000","-1,100,000","2,100,000","-1,100,000",,,,,,,,,,,,,,,,
TotalUnusualItemsExcludingGoodwill,"2,509,000","613,000","-1,526,000","176,000","1,957,000","1,902,000","-382,000","36,445,000","5,049,000","-3,819,000","222,000","-1,375,000","-3,482,000","1,781,000","-3,631,000","-1,468,000","0","-239,364,000",,,"0","0",,"0","2,340,000","-98,973,000","0","0","-183,000","0","-26,570,000","-1,769,000",,,,,"0","-12,121,000","0","0","0",,"0","-1,328,000","0","0",,,"-19,404,000",,"0",,"2,214,000",,"31,500,000",,,,,,,,,,,,,,"0","51","163,526",,,,,,,,,,"0",,"-96,286","-1,075,393","0",,"-980,430",,"-218,295","67,453",,"200,000","-9,700,000","100,000","500,000","500,000","1,000,000","500,000","-700,000","100,000","100,000","100,000","100,000","100,000","1,900,000","-400,000","100,000",,"200,000","100,000",,,"0","100,000",,,,,,,,,,,"100,000","-100,000","100,000",,"0","100,000","100,000","100,000",,,,,,,,,,,,,,,,
TotalUnusualItems,"2,509,000","613,000","-1,526,000","176,000","1,957,000","1,902,000","-382,000","36,445,000","5,049,000","-3,819,000","222,000","-1,375,000","-3,482,000","1,781,000","-3,631,000","-1,468,000","0","-239,364,000",,,"0","0",,"0","2,340,000","-98,973,000","0","0","-183,000","0","-26,570,000","-1,769,000",,,,,"0","-12,121,000","0","0","0",,"0","-1,328,000","0","0",,,"-19,404,000",,"0",,"2,214,000",,"31,500,000",,,,,,,,,,,,,,"0","51","163,526",,,,,,,,,,"0",,"-96,286","-1,075,393","0",,"-980,430",,"-218,295","67,453",,"200,000","-9,700,000","100,000","500,000","500,000","1,000,000","500,000","-700,000","100,000","100,000","100,000","100,000","100,000","1,900,000","-400,000","100,000",,"200,000","100,000",,,"0","100,000",,,,,,,,,,,"100,000","-100,000","100,000",,"0","100,000","100,000","100,000",,,,,,,,,,,,,,,,
NormalizedEBITDA,"520,415,000","129,539,000","133,821,000","138,837,000","134,671,000","113,086,000","125,924,000","116,027,000","91,738,000","104,129,000","93,629,000","88,270,000","84,283,000","83,068,000","70,743,000","67,987,000","79,320,000","87,360,000","83,616,000","82,401,000","73,715,000","77,441,000","81,488,000","82,550,000","64,816,000","68,137,000","67,967,000","48,597,000","53,950,000","57,368,000","45,054,000","53,571,000","51,682,000","52,007,000","45,717,000","48,290,000","53,311,000","64,710,000","71,982,000","69,424,000","53,787,000","63,090,000","61,328,000","58,850,000","51,888,000","48,471,000","49,895,000","41,159,000","57,531,000","12,026,000","27,452,000","23,585,000","19,953,000","18,175,000","-52,076,000","12,887,000","18,203,000","15,672,179","10,646,811","9,766,030","10,863,965","8,263,436","9,402,713","7,535,079","5,696,897","2,749,044","4,283,262","4,943,703","5,718,792","4,135,687","3,655,637","4,193,331","4,462,919","4,617,205","3,706,635","2,738,211","2,097,876","4,302,808","2,113,870","2,561,979","1,104,900","2,189,654","2,130,797","3,120,698","472,079","708,699","1,538,019","808,624","1,432,656","1,393,784","1,500,000","500,000","8,700,000","-1,200,000","-1,600,000","-2,100,000","-2,800,000","-1,600,000","-400,000","300,000","1,000,000","0","900,000","1,300,000","-2,600,000","900,000","-300,000","-200,000","-700,000","-400,000","-900,000","-600,000","-1,300,000","-500,000","-300,000","0","-300,000","-100,000","-200,000","0","-500,000","0","0","-100,000","-300,000","-7,800,000","-400,000","-400,000","-1,600,000","-1,300,000","2,200,000","-800,000","-10,300,000","1,300,000","2,500,000","1,100,000","-7,200,000","800,000","1,900,000","300,000","-5,400,000","2,500,000","600,000","800,000","-5,700,000","700,000","1,300,000","1,500,000"
TaxRateForCalcs,"0.162","0.188","0.17","0.185","0.063","0.246","0.211","0.27","0.001","0.185","0.216","0.27","0.194","0.247","0.27","0.256","0.165","0.229","0.4","0.221","0.314","0.232","0.157","0.211","0.217","0.106","0.254","0.4","0.299","0.04","0.224","0.173","0.203","0.163","0.369","0.241","0.35","0.35","0.372","0.394","0.39","0.356","0.367","0.321","0.307","0.337","0.354","0.348","0.193","0.35","0.318","0.249","0.337","0.319","0.356","0.343","0.314","0.321","0.291","0.321","0.321","0.308","0.312","0.327","0.322","0.271","0.314","0.315","0.31","0.247","0.199","0.273","0.371","0.261","0.239","0.287","0.026","0.312","0.268","0.275","0.4","0.02","0.02","0.02","0.02","0.02","0.02","0.02","0.02","0.02","0.4","0.4","0.4","0.4","0.4","0.4","0.4","0.4","0.4","0.4","0.4","0.4","0.4","0.4","0.4","0.4","0.4","0.4","0.4","0.4","0.4","0.4","0.4","0.4","0.4","0.4","0.4","0.4","0.4","0.4","0.4",,"0.4","0.4","0.4","0.4","0.4","0.4","0.4","0.4","0.4","0.4",,,,,,,,,,,,,,,,
TaxEffectOfUnusualItems,"406,905.986","115,244","-259,083.821","32,560","123,857.927","467,892","-80,602","9,840,150","4,767.412","-706,515","47,952","-371,250","-676,746.48","439,907","-980,370","-375,808","0","-54,814,356","0","0","0","0","0","0","508,849.749","-10,491,138","0","0","-54,767.236","0","-5,951,680","-306,037","0","0","0","0","0","-4,242,350","0","0","0","0","0","-426,820.207","0","0","0","0","-3,745,019.365","0","0","0","746,058.45","0","11,216,079.06","0","0","0","0","0","0","0","0","0","0","0","0","0","0","12.609","32,501.13","0","0","0","0","0","0","0","0","0","0","0","-1,925.74","-21,508.03","0","0","-19,606.283","0","-4,380.248","1,349.043","0","80,000","-3,880,000","40,000","200,000","200,000","400,000","200,000","-280,000","40,000","40,000","40,000","40,000","40,000","760,000","-160,000","40,000","0","80,000","40,000","0","0","0","40,000","0","0","0","0","0","0","0",,"0","0","40,000","-40,000","40,000","0","0","40,000","40,000","40,000",,,,,,,,,,,,,,,,