name,ttm,02/28/2022,11/30/2021,08/31/2021,05/31/2021,02/28/2021,11/30/2020,08/31/2020,05/31/2020,02/29/2020,11/30/2019,08/31/2019,05/31/2019,02/28/2019,11/30/2018,08/31/2018,05/31/2018,02/28/2018,11/30/2017,08/31/2017,05/31/2017,02/28/2017,11/30/2016,08/31/2016,05/31/2016,02/29/2016,11/30/2015,08/31/2015,05/31/2015,02/28/2015,11/30/2014,08/31/2014,05/31/2014,02/28/2014,11/30/2013,08/31/2013,05/31/2013,02/28/2013,11/30/2012,08/31/2012,05/31/2012,02/29/2012,11/30/2011,08/31/2011,05/31/2011,02/28/2011,11/30/2010,08/31/2010,05/31/2010,02/28/2010,11/30/2009,08/31/2009,05/31/2009,02/28/2009,11/30/2008,08/31/2008,05/31/2008,02/29/2008,11/30/2007,08/31/2007,05/31/2007,02/28/2007,11/30/2006,08/31/2006,05/31/2006,02/28/2006,11/30/2005,08/31/2005,05/31/2005,02/28/2005,11/30/2004,08/31/2004,05/31/2004,02/29/2004,11/30/2003,08/31/2003,05/31/2003,02/28/2003,11/30/2002,08/31/2002,05/31/2002,02/28/2002,11/30/2001,08/31/2001,05/31/2001,02/28/2001,11/30/2000,08/31/2000
TotalRevenue,"760,304,000","204,609,000","200,238,000","183,140,000","172,317,000","156,631,000","153,222,000","147,346,000","178,569,000","168,052,000","184,507,000","172,225,000","182,144,000","179,498,000","188,799,000","178,558,000","183,791,000","172,414,000","156,738,000","141,186,000","148,620,000","143,844,000","147,558,000","143,389,000","152,515,000","146,779,000","150,887,000","148,340,000","148,814,000","146,832,000","151,496,000","143,447,000","156,783,000","132,725,000","145,969,000","131,704,000","140,184,000","138,020,000","141,197,000","136,933,000","145,507,000","143,294,000","144,955,000","138,007,000","145,697,000","137,607,000","138,534,000","123,708,000","133,905,000","125,304,000","121,526,000","118,263,000","132,049,000","155,989,000","190,233,000","207,305,000","236,724,000","202,803,000","206,638,000","194,120,000","200,516,000","187,464,000","182,804,000","165,107,000","165,862,000","160,255,000","158,138,000","149,588,000","150,009,000","135,199,000","137,027,000","115,401,000","407,018,000","87,758,000","74,016,000","59,541,000","59,048,000","49,237,000","50,209,000","43,528,000","44,509,000","42,635,000","45,661,000","48,872,000","55,721,000","49,830,000","45,045,766","39,155,349"
	OperatingRevenue,"760,304,000","204,609,000","200,238,000","183,140,000","172,317,000","156,631,000","153,222,000","147,346,000","178,569,000","168,052,000","184,507,000","172,225,000","182,144,000","179,498,000","188,799,000","178,558,000","183,791,000","172,414,000","156,738,000","141,186,000","148,620,000","143,844,000","147,558,000","143,389,000","152,515,000","146,779,000","150,887,000","148,340,000","148,814,000","146,832,000","151,496,000","143,447,000","156,783,000","132,725,000","145,969,000","131,704,000","140,184,000","138,020,000","141,197,000","136,933,000","145,507,000","143,294,000","144,955,000","138,007,000","145,697,000","137,607,000","138,534,000","123,708,000","133,905,000","125,304,000","121,526,000","118,263,000","132,049,000","155,989,000","190,233,000","207,305,000","236,724,000","202,803,000","206,638,000","194,120,000","200,516,000","187,464,000","182,804,000","165,107,000","165,862,000","160,255,000","158,138,000","149,588,000","150,009,000","135,199,000","137,027,000","115,401,000","107,018,000","87,758,000","74,016,000","59,541,000","59,048,000","49,237,000","50,209,000","43,528,000","44,509,000","42,635,000","45,661,000","48,872,000","55,721,000","49,830,000","45,045,766","39,155,349"
CostOfRevenue,"465,054,000","127,815,000","121,497,000","111,708,000","104,034,000","99,584,000","95,044,000","89,449,000","106,386,000","106,632,000","110,130,000","104,722,000","109,188,000","111,587,000","115,378,000","110,407,000","113,363,000","109,904,000","97,319,000","87,488,000","90,579,000","91,597,000","91,048,000","88,862,000","91,616,000","91,851,000","92,011,000","90,877,000","90,953,000","91,991,000","92,061,000","87,222,000","95,841,000","84,960,000","88,564,000","81,994,000","85,684,000","86,825,000","85,987,000","83,544,000","86,988,000","89,667,000","90,034,000","85,835,000","90,189,000","86,672,000","83,787,000","74,423,000","78,523,000","76,949,000","75,172,000","73,124,000","81,595,000","97,988,000","116,122,000","126,466,000","143,505,000","127,252,000","127,025,000","120,631,000","121,354,000","115,938,000","110,152,000","99,919,000","99,383,000","99,225,000","95,171,000","90,650,000","89,983,000","82,874,000","81,851,000","69,934,000","64,042,000","54,353,000","45,420,000","36,055,000","35,285,000","30,153,000","29,909,000","26,301,000","26,851,000","25,797,000","27,278,000","28,789,000","33,019,000","29,361,000","25,810,654","22,621,246"
GrossProfit,"295,250,000","76,794,000","78,741,000","71,432,000","68,283,000","57,047,000","58,178,000","57,897,000","72,183,000","61,420,000","74,377,000","67,503,000","72,956,000","67,911,000","73,421,000","68,151,000","70,428,000","62,510,000","59,419,000","53,698,000","58,041,000","52,247,000","56,510,000","54,527,000","60,899,000","54,928,000","58,876,000","57,463,000","57,861,000","54,841,000","59,435,000","56,225,000","60,942,000","47,765,000","57,405,000","49,710,000","54,500,000","51,195,000","55,210,000","53,389,000","58,519,000","53,627,000","54,921,000","52,172,000","55,508,000","50,935,000","54,747,000","49,285,000","55,382,000","48,355,000","46,354,000","45,139,000","50,454,000","58,001,000","74,111,000","80,839,000","93,219,000","75,551,000","79,613,000","73,489,000","79,162,000","71,526,000","72,652,000","65,188,000","66,479,000","61,030,000","62,967,000","58,938,000","60,026,000","52,325,000","55,176,000","45,467,000","342,976,000","33,405,000","28,596,000","23,486,000","23,763,000","19,084,000","20,300,000","17,227,000","17,658,000","16,838,000","18,383,000","20,083,000","22,702,000","20,469,000","19,235,112","16,534,103"
OperatingExpense,"224,495,000","59,293,000","58,958,000","53,414,000","52,828,000","55,003,000","56,929,000","53,691,000","64,733,000","57,968,000","56,689,000","59,441,000","59,084,000","57,698,000","57,108,000","58,390,000","60,948,000","57,361,000","48,767,000","48,355,000","49,366,000","46,285,000","46,864,000","44,408,000","45,221,000","44,215,000","44,082,000","44,845,000","43,341,000","44,379,000","44,827,000","45,557,000","47,501,000","42,905,000","44,451,000","42,990,000","43,829,000","43,138,000","43,948,000","43,677,000","10,389,000","45,255,000","11,697,000","45,366,000","46,691,000","48,262,000","22,212,000","45,297,000","47,534,000","48,401,000","46,852,000","54,230,000","53,549,000","53,259,000","56,918,000","59,235,000","64,727,000","59,929,000","57,605,000","55,158,000","53,708,000","50,458,000","48,446,000","46,572,000","41,895,000","39,714,000","37,806,000","35,019,000","34,447,000","30,606,000","28,170,000","26,135,000","21,338,000","23,745,000","21,296,000","17,922,000","17,069,000","14,170,000","14,964,000","13,364,000","13,516,000","12,648,000","12,666,000","13,163,000","14,466,000","13,568,000","13,450,008","11,617,901"
	SellingGeneralAndAdministration,"216,147,000","57,090,000","56,881,000","51,392,000","50,782,000","52,838,000","54,552,000","51,154,000","62,035,000","55,299,000","53,755,000","56,978,000","56,890,000","55,587,000","54,959,000","56,366,000","58,861,000","55,268,000","47,498,000","47,415,000","48,425,000","45,376,000","46,056,000","43,614,000","44,360,000","43,318,000","43,171,000","43,957,000","42,464,000","43,478,000","43,576,000","44,279,000","46,194,000","41,604,000","43,121,000","41,612,000","42,325,000","41,591,000","42,342,000","42,060,000","42,047,000","43,356,000","42,980,000","42,609,000","43,738,000","45,277,000","42,732,000","42,162,000","44,208,000","44,889,000","44,243,000","51,637,000","50,984,000","50,803,000","54,380,000","56,513,000","61,792,000","57,518,000","55,514,000","53,029,000","51,557,000","48,577,000","46,658,000","44,798,000","40,426,000","38,392,000","36,826,000","34,092,000","33,451,000","29,600,000","28,170,000","25,181,000","23,877,000","22,724,000","20,471,000","17,229,000","16,534,000","14,170,000","14,526,000","13,018,000","13,164,000","12,301,000","12,348,000","12,875,000","14,071,000","12,680,000","12,492,359","10,719,835"
	DepreciationAmortizationDepletionIncomeStatement,"8,348,000","2,203,000","2,077,000","2,022,000","2,046,000","2,165,000","2,377,000","2,537,000","2,698,000","2,669,000","2,934,000","2,463,000","2,194,000","2,111,000","2,149,000","2,024,000","2,087,000","2,093,000","1,269,000","940,000","941,000","909,000","808,000","794,000","861,000","897,000","911,000","888,000","877,000","901,000","1,251,000","1,278,000","1,307,000","1,301,000","1,330,000","1,378,000","1,504,000","1,547,000","1,606,000","1,617,000","1,782,000","1,899,000","2,657,000","2,757,000","2,953,000","2,985,000","3,180,000","3,135,000","3,326,000","3,512,000","2,609,000","2,593,000","2,565,000","2,456,000","2,538,000","2,722,000","2,935,000","2,411,000","2,091,000","2,129,000","2,151,000","1,881,000","1,788,000","1,774,000","1,469,000","1,322,000","980,000","927,000","996,000","1,006,000","978,000","954,000","1,084,000","1,021,000","825,000","693,000","535,000","626,000","438,000","346,000","352,000","347,000","318,000","288,000","395,000","888,000","957,649","898,066"
		DepreciationAndAmortizationInIncomeStatement,"8,348,000","2,203,000","2,077,000","2,022,000","2,046,000","2,165,000","2,377,000","2,537,000","2,698,000","2,669,000","2,934,000","2,463,000","2,194,000","2,111,000","2,149,000","2,024,000","2,087,000","2,093,000","1,269,000","940,000","941,000","909,000","808,000","794,000","861,000","897,000","911,000","888,000","877,000","901,000","1,251,000","1,278,000","1,307,000","1,301,000","1,330,000","1,378,000","1,504,000","1,547,000","1,606,000","1,617,000","1,782,000","1,899,000","2,657,000","2,757,000","2,953,000","2,985,000","3,180,000","3,135,000","3,326,000","3,512,000","2,609,000","2,593,000","2,565,000","2,456,000","2,538,000","2,722,000","2,935,000","2,411,000","2,091,000","2,129,000","2,151,000","1,881,000","1,788,000","1,774,000","1,469,000","1,322,000","980,000","927,000","996,000","1,006,000","978,000","954,000","1,084,000","1,021,000","825,000","693,000","535,000","626,000","438,000","346,000","352,000","347,000","318,000","288,000","395,000","888,000","957,649","898,066"
			DepreciationIncomeStatement,"3,637,000","882,000","893,000","919,000","943,000","963,000","984,000","1,007,000","1,106,000","1,120,000","1,424,000","1,369,000","1,250,000","1,163,000","1,197,000","1,069,000","1,115,000","1,089,000","947,000","940,000","941,000","909,000","808,000","794,000","861,000","867,000","881,000","858,000","847,000","839,000","849,000","854,000","881,000","877,000","909,000","961,000","1,092,000","1,125,000","1,172,000","1,191,000","1,299,000","1,412,000","1,471,000","1,549,000","1,747,000","1,761,000","1,870,000","1,845,000","2,021,000","2,152,000","2,171,000","2,200,000","2,110,000","2,185,000","2,263,000","2,340,000","2,370,000","2,200,000","2,007,000","1,875,000","1,759,000","1,563,000","1,444,000","1,356,000","1,034,000","887,000","545,000","492,000","552,000","529,000","567,000","543,000","580,000","507,000","433,000","387,000","335,000","328,000","312,000","315,000","320,000","316,000","287,000","257,000",,,,
			Amortization,"4,711,000","1,321,000","1,184,000","1,103,000","1,103,000","1,202,000","1,393,000","1,530,000","1,592,000","1,549,000","1,510,000","1,094,000","944,000","948,000","952,000","955,000","972,000","1,004,000","322,000",,"0","0","0","0","0","30,000","30,000","30,000","30,000","62,000","402,000","424,000","426,000","424,000","421,000","417,000","412,000","422,000","434,000","426,000","483,000","487,000","1,186,000","1,208,000","1,206,000","1,224,000","1,310,000","1,290,000","1,305,000","1,360,000","438,000","393,000","455,000","271,000","275,000","382,000","565,000","211,000","84,000","254,000","392,000","318,000","344,000","418,000","435,000","435,000","435,000","435,000","444,000","477,000","411,000","411,000","504,000","514,000","392,000","306,000","200,000","298,000","126,000","31,000","32,000","31,000","31,000","31,000",,,,
				AmortizationOfIntangiblesIncomeStatement,"4,711,000","1,321,000","1,184,000","1,103,000","1,103,000","1,202,000","1,393,000","1,530,000","1,592,000","1,549,000","1,510,000","1,094,000","944,000","948,000","952,000","955,000","972,000","1,004,000","322,000",,"0","0","0","0","0","30,000","30,000","30,000","30,000","62,000","402,000","424,000","426,000","424,000","421,000","417,000","412,000","422,000","434,000","426,000","483,000","487,000","1,186,000","1,208,000","1,206,000","1,224,000","1,310,000","1,290,000","1,305,000","1,360,000","438,000","393,000","455,000","271,000","275,000","382,000","565,000","211,000","84,000","254,000","392,000","318,000","344,000","418,000","435,000","435,000","435,000","435,000","444,000","477,000","411,000","411,000","504,000","514,000","392,000","306,000","200,000","298,000","126,000","31,000","32,000","31,000","31,000","31,000",,,,
	OtherOperatingExpenses,,,,,,,,,,,,,,,,,,,,,,,,,,,,,,,,,,,,,,,,,"-33,440,000",,"-33,940,000",,,,"-23,700,000",,,,,,,,,,,,,,,,,,,,,,,,"-978,000",,,,,,,"-626,000",,,,,,,,,,
OperatingIncome,"70,755,000","17,501,000","19,783,000","18,018,000","15,455,000","2,044,000","1,249,000","4,206,000","7,450,000","3,452,000","17,688,000","8,062,000","13,872,000","10,213,000","16,313,000","9,761,000","9,480,000","5,149,000","10,652,000","5,343,000","8,675,000","5,962,000","9,646,000","10,119,000","15,678,000","10,713,000","14,794,000","12,618,000","14,520,000","10,462,000","14,608,000","10,668,000","13,441,000","4,860,000","12,954,000","6,720,000","10,671,000","8,057,000","11,262,000","9,712,000","48,130,000","8,372,000","43,224,000","6,806,000","8,817,000","2,673,000","32,535,000","3,988,000","7,848,000","-46,000","-498,000","-9,091,000","-3,095,000","4,742,000","17,193,000","21,604,000","28,492,000","15,622,000","22,008,000","18,331,000","25,454,000","21,068,000","24,206,000","18,616,000","24,584,000","21,316,000","25,161,000","23,919,000","25,579,000","21,719,000","27,006,000","19,332,000","321,638,000","9,660,000","7,300,000","5,564,000","6,694,000","4,914,000","5,336,000","3,863,000","4,142,000","4,190,000","5,717,000","6,920,000","8,236,000","6,901,000","5,785,104","4,916,202"
NetNonOperatingInterestIncomeExpense,"-1,028,000","-307,000","-222,000","-215,000","-284,000","-361,000","-460,000","-495,000","-535,000","-493,000","-551,000","-482,000","-461,000","-595,000","-608,000","-526,000","-553,000","-508,000","-365,000","-309,000","-340,000","-335,000","-24,000","70,000","68,000","52,000","34,000","32,000","34,000","37,000","39,000","38,000","45,000","41,000","43,000","39,000","40,000","37,000","50,000","48,000","48,000","51,000","65,000","88,000","107,000","124,000","114,000","128,000","132,000","178,000","167,000","179,000","239,000","458,000",,,,,,,,,,,,,,,,,,,,,,,,,,,,,,,,,,
	InterestIncomeNonOperating,,,,,,,,,,,,,,"60,000","34,000","79,000","38,000","34,000","32,000","28,000","18,000","16,000","40,000","70,000","68,000","52,000","34,000","32,000","34,000","37,000","39,000","38,000","45,000","41,000","43,000","39,000","40,000","37,000","50,000","48,000","48,000","51,000","65,000","88,000","107,000","124,000","114,000","128,000","132,000","178,000","167,000","179,000","239,000","458,000",,,,,,,,,,,,,,,,,,,,,,,,,,,,,,,,,,
	InterestExpenseNonOperating,"1,028,000","307,000","222,000","215,000","284,000","361,000","460,000","495,000","535,000","493,000","551,000","482,000","288,000","655,000","642,000","605,000","591,000","542,000","397,000","337,000","358,000","351,000","64,000",,,,,,,,,,,,,,,,,,,,,,,,,,,,,,,,,,,,,,,,,,,,,,,,,,,,,,,,,,,,,,,,,
OtherIncomeExpense,"915,000","35,000","311,000","306,000","262,000","64,000","475,000","530,000","100,000",,"537,000",,,,,,,,,,,,,,,,,,,,,,,,,,,,,,,,,,"3,200,000","239,000",,,,,,,,,,,,,,,,,,,,,,,,,,,,,,,,,,,,,,,,,,
	SpecialIncomeCharges,,,,,,,,,,,,,,,,,,,,,,,,,,,,,,,,,,,,,,,,,,"0",,"0","3,200,000","239,000",,,,,,,,,,,,,,,,,,,,,,,,,,,,,,,,,,,,,,,,,,
	OtherNonOperatingIncomeExpenses,"915,000","35,000","311,000","306,000","262,000","64,000","475,000","530,000","100,000",,"537,000",,,,,,,,,,,,,,,,,,,,,,,,,,,,,,,,,,,,,,,,,,,,,,,,,,,,,,,,,,,,,,,,,,,,,,,,,,,,,
PretaxIncome,"70,642,000","17,229,000","19,872,000","18,109,000","15,433,000","1,747,000","1,264,000","4,241,000","7,015,000","2,959,000","17,674,000","7,580,000","13,411,000","9,618,000","15,705,000","9,235,000","8,927,000","4,641,000","10,287,000","5,034,000","8,335,000","5,627,000","9,622,000","10,189,000","15,746,000","10,765,000","14,828,000","12,650,000","14,554,000","10,499,000","14,647,000","10,706,000","13,486,000","4,901,000","12,997,000","6,759,000","10,711,000","8,094,000","11,312,000","9,760,000","14,738,000","8,423,000","43,289,000","6,894,000","12,124,000","3,036,000","32,649,000","4,116,000","7,980,000","132,000","-331,000","-8,912,000","-2,856,000","5,200,000","17,573,000","22,120,000","28,972,000","16,574,000","23,637,000","20,873,000","28,070,000","23,469,000","26,219,000","20,525,000","26,166,000","22,663,000","26,275,000","24,891,000","26,406,000","22,305,000","26,439,000","19,636,000","18,186,000","9,807,000","7,403,000","5,736,000","6,932,000","4,519,000","5,606,000","4,201,000","4,469,000","4,455,000","6,026,000","7,202,000","8,539,000","6,904,000","4,644,753","3,707,209"
TaxProvision,"746,000","-2,192,000","5,567,000","5,186,000","-7,815,000","1,057,000","2,256,000","1,957,000","2,948,000","-3,983,000","5,337,000","2,641,000","4,042,000","3,822,000","5,141,000","3,494,000","4,946,000","46,000","2,149,000","2,922,000","3,898,000","2,743,000","3,930,000","4,551,000","7,069,000","4,808,000","6,152,000","5,517,000","6,446,000","4,510,000","6,631,000","5,311,000","6,627,000","2,622,000","5,902,000","3,106,000","5,396,000","3,601,000","5,448,000","4,928,000","5,844,000","4,092,000","17,968,000","4,298,000","6,723,000","2,283,000","15,178,000","2,886,000","5,666,000","5,097,000","1,581,000","-1,726,000","3,428,000","3,120,000","8,097,000","9,628,000","13,070,000","7,909,000","10,601,000","9,291,000","12,012,000","10,370,000","11,562,000","9,574,000","10,421,000","8,895,000","10,250,000","9,832,000","10,694,000","9,145,000","10,840,000","8,051,000","7,456,000","4,021,000","2,998,000","2,323,000","2,843,000","1,853,000","2,298,000","1,722,000","1,788,000","1,782,000","2,410,000","2,881,000","3,415,000","2,762,000","1,857,975","1,482,884"
NetIncomeCommonStockholders,"69,896,000","19,421,000","14,305,000","12,923,000","23,248,000","690,000","-992,000","2,284,000","4,067,000","6,942,000","12,337,000","4,939,000","9,369,000","5,796,000","10,564,000","5,741,000","3,981,000","4,595,000","8,138,000","2,112,000","4,437,000","2,884,000","5,692,000","5,638,000","8,677,000","5,957,000","8,676,000","7,133,000","8,108,000","5,989,000","8,016,000","5,395,000","6,859,000","2,279,000","7,095,000","3,653,000","5,315,000","4,493,000","5,864,000","4,832,000","8,894,000","4,331,000","25,321,000","2,596,000","5,401,000","753,000","17,471,000","1,230,000","2,314,000","-4,965,000","-1,912,000","-7,186,000","-6,284,000","2,080,000","9,476,000","12,492,000","15,902,000","8,665,000","13,036,000","11,582,000","16,058,000","13,099,000","14,657,000","10,951,000","15,745,000","13,768,000","16,025,000","15,059,000","15,712,000","13,160,000","15,599,000","11,585,000","10,730,000","5,786,000","4,405,000","3,413,000","4,089,000","2,666,000","3,308,000","2,479,000","2,681,000","2,673,000","3,616,000","4,321,000","5,124,000","3,570,000","2,786,778","2,224,325"
	NetIncome,"69,896,000","19,421,000","14,305,000","12,923,000","23,248,000","690,000","-992,000","2,284,000","4,067,000","6,942,000","12,337,000","4,939,000","9,369,000","5,796,000","10,564,000","5,741,000","3,981,000","4,595,000","8,138,000","2,112,000","4,437,000","2,884,000","5,692,000","5,638,000","8,677,000","5,957,000","8,676,000","7,133,000","8,108,000","5,989,000","8,016,000","5,395,000","6,859,000","2,279,000","7,095,000","3,653,000","5,315,000","4,493,000","5,864,000","4,832,000","8,894,000","4,331,000","25,321,000","2,596,000","5,401,000","753,000","17,471,000","1,230,000","2,314,000","-4,965,000","-1,912,000","-7,186,000","-6,284,000","2,080,000","9,476,000","12,492,000","15,902,000","8,665,000","13,036,000","11,582,000","16,058,000","13,099,000","14,657,000","10,951,000","15,745,000","13,768,000","16,025,000","15,059,000","15,712,000","13,160,000","15,599,000","11,585,000","10,730,000","5,786,000","4,405,000","3,413,000","4,089,000","2,666,000","3,308,000","2,479,000","2,681,000","2,673,000","3,616,000","4,321,000","5,124,000","3,570,000","2,786,778","2,224,325"
		NetIncomeIncludingNoncontrollingInterests,"69,896,000","19,421,000","14,305,000","12,923,000","23,248,000","690,000","-992,000","2,284,000","4,067,000","6,942,000","12,337,000","4,939,000","9,369,000","5,796,000","10,564,000","5,741,000","3,981,000","4,595,000","8,138,000","2,112,000","4,437,000","2,884,000","5,692,000","5,638,000","8,677,000","5,957,000","8,676,000","7,133,000","8,108,000","5,989,000","8,016,000","5,395,000","6,859,000","2,279,000","7,095,000","3,653,000","5,315,000","4,493,000","5,864,000","4,832,000","8,894,000","4,331,000","25,321,000","2,596,000","5,401,000","753,000","17,471,000","1,230,000","2,314,000","-4,965,000","-1,912,000","-7,186,000","-6,284,000","2,080,000","9,476,000","12,492,000","15,902,000","8,665,000","13,036,000","11,582,000","16,058,000","13,099,000","14,657,000","10,951,000","15,745,000","13,768,000","16,025,000","15,059,000","15,712,000","13,160,000","15,599,000","11,585,000","10,730,000","5,786,000","4,405,000","3,413,000","4,089,000","2,666,000","3,308,000","2,479,000","2,681,000","2,673,000","3,616,000","4,321,000","5,124,000","3,570,000","2,786,778","2,224,325"
			NetIncomeContinuousOperations,"69,896,000","19,421,000","14,305,000","12,923,000","23,248,000","690,000","-992,000","2,284,000","4,067,000","6,942,000","12,337,000","4,939,000","9,369,000","5,796,000","10,564,000","5,741,000","3,981,000","4,595,000","8,138,000","2,112,000","4,437,000","2,884,000","5,692,000","5,638,000","8,677,000","5,957,000","8,676,000","7,133,000","8,108,000","5,989,000","8,016,000","5,395,000","6,859,000","2,279,000","7,095,000","3,653,000","5,315,000","4,493,000","5,864,000","4,832,000","8,894,000","4,331,000","25,321,000","2,596,000","5,401,000","753,000","17,471,000","1,230,000","2,314,000","-4,965,000","-1,912,000","-7,186,000","-6,284,000","2,080,000","9,476,000","12,492,000","15,902,000","8,665,000","13,036,000","11,582,000","16,058,000","13,099,000","14,657,000","10,951,000","15,745,000","13,768,000","16,025,000","15,059,000","15,712,000","13,160,000","15,599,000","11,585,000","10,730,000","5,786,000","4,405,000","3,413,000","4,089,000","2,666,000","3,308,000","2,479,000","2,681,000","2,673,000","3,616,000","4,321,000","5,124,000","4,142,000","2,786,778","2,224,325"
			NetIncomeFromTaxLossCarryforward,,,,,,,,,,,,,,,,,,,,,,,,,,,,,,,,,,,,,,,,,,,,,,,,,,,,,,,,,,,,,,,,,,,,,,,,,,,,,,,,,,,,,"0","-572,000",,
DilutedNIAvailtoComStockholders,"69,896,000","19,421,000","14,305,000","12,923,000","23,248,000","690,000","-992,000","2,284,000","4,067,000","6,942,000","12,337,000","4,939,000","9,369,000","5,796,000","10,564,000","5,741,000","3,981,000","4,595,000","8,138,000","2,112,000","4,437,000","2,884,000","5,692,000","5,638,000","8,677,000","5,957,000","8,676,000","7,133,000","8,108,000","5,989,000","8,016,000","5,395,000","6,859,000","2,279,000","7,095,000","3,653,000","5,315,000","4,493,000","5,864,000","4,832,000","8,894,000","4,331,000","25,321,000","2,596,000","5,401,000","753,000","17,471,000","1,230,000","2,314,000","-4,965,000","-1,912,000","-7,186,000","-6,284,000","2,080,000","9,476,000","12,492,000","15,902,000","8,665,000","13,036,000","11,582,000","16,058,000","13,099,000","14,657,000","10,951,000","15,745,000","13,768,000","16,025,000","15,059,000","15,712,000","13,160,000","15,599,000","11,585,000","10,730,000","5,786,000","4,405,000","3,413,000","4,089,000","2,666,000","3,308,000","2,479,000","2,681,000","2,673,000","3,616,000","4,321,000","5,124,000","3,570,000","2,786,778","2,224,325"
BasicEPS,,"0.59","0.43","0.39","0.71","0.02","-0.03","0.07","0.13","0.22","0.39","0.16","0.3","0.18","0.33","0.18","0.13","0.15","0.27","0.07","0.15","0.1","0.16","0.16","0.24","0.16","0.23","0.19","0.22","0.16","0.21","0.14","0.18","0.06","0.18","0.09","0.13","0.11","0.14","0.12","0.21","0.1","0.58","0.06","0.12","0.02","0.38","0.03",,"-0.11","-0.04","-0.16",,"0.05","0.21","0.28",,"0.19","0.28","0.24",,"0.27","0.3","0.23",,"0.29","0.33","0.32",,"0.28","0.335","0.25",,"0.125","0.1","0.075",,"0.06","0.075","0.055",,"0.065","0.085","0.105",,"0.09","0.09","0.07"
DilutedEPS,,"0.58","0.42","0.39","0.7","0.02","-0.03","0.07","0.13","0.21","0.38","0.15","0.29","0.18","0.33","0.18","0.12","0.14","0.27","0.07","0.15","0.09","0.16","0.15","0.23","0.16","0.23","0.19","0.21","0.16","0.21","0.14","0.18","0.06","0.18","0.09","0.13","0.11","0.14","0.12","0.21","0.1","0.58","0.06","0.12","0.02","0.38","0.03",,"-0.11","-0.04","-0.16",,"0.05","0.21","0.27",,"0.19","0.27","0.23",,"0.26","0.29","0.22",,"0.27","0.31","0.29",,"0.26","0.31","0.23",,"0.12","0.095","0.075",,"0.06","0.075","0.055",,"0.06","0.08","0.095",,"0.085","0.08","0.065"
BasicAverageShares,,"32,738,000","33,221,000","32,894,000","32,715,000","32,520,000","32,356,000","32,183,000","32,086,000","32,159,000","31,984,000","31,788,000","31,663,000","31,890,000","31,721,000","31,742,000","31,545,000","31,440,000","30,173,000","29,809,000","29,654,000","29,764,000","35,716,000","36,269,000","36,590,000","37,073,000","37,191,000","37,295,000","37,486,000","37,724,000","37,910,000","38,180,000","38,580,000","39,027,000","39,481,000","39,826,000","40,481,000","40,939,000","41,292,000","41,720,000","42,287,000","42,943,000","43,760,000","45,173,000","45,958,000","46,226,000","46,048,000","46,263,000",,"46,394,000","45,540,000","45,302,000",,"44,976,000","45,061,000","44,946,000",,"45,616,000","47,315,000","48,123,000",,"48,658,000","48,123,000","48,143,000",,"48,259,000","48,084,000","47,724,000",,"47,359,000","46,878,000","46,552,000",,"45,526,000","44,950,000","44,506,000",,"43,868,000","43,486,000","43,232,000",,"42,734,000","42,400,000","41,712,000",,"39,180,000","31,244,404","31,260,000"
DilutedAverageShares,,"33,375,000","33,950,000","33,313,000","33,053,000","32,659,000","32,356,000","32,232,000","32,091,000","32,498,000","32,369,000","32,267,000","32,177,000","32,370,000","32,446,000","32,468,000","32,137,000","32,066,000","30,579,000","30,059,000","30,234,000","30,584,000","36,248,000","36,817,000","37,102,000","37,615,000","37,868,000","37,847,000","38,092,000","38,288,000","38,278,000","38,335,000","38,720,000","39,158,000","39,555,000","39,844,000","40,495,000","40,978,000","41,359,000","41,774,000","42,373,000","43,002,000","43,797,000","45,224,000","46,325,000","46,938,000","46,283,000","46,411,000",,"46,394,000","45,540,000","45,302,000",,"45,390,000","45,859,000","46,008,000",,"46,547,000","48,754,000","50,411,000",,"51,087,000","50,470,000","49,775,000",,"51,893,000","52,034,000","51,434,000",,"50,968,000","50,218,000","49,960,000",,"48,280,000","47,244,000","46,898,000",,"45,938,000","45,302,000","45,610,000",,"45,874,000","45,404,000","45,498,000",,"42,612,000","33,946,180","33,637,720"
TotalOperatingIncomeAsReported,"70,755,000","17,501,000","19,783,000","18,018,000","15,455,000","2,044,000","1,249,000","4,206,000","7,450,000","3,452,000","17,688,000","8,062,000","13,872,000","10,213,000","16,313,000","9,761,000","9,480,000","5,149,000","10,652,000","5,343,000","8,675,000","5,962,000","9,646,000","10,119,000","15,678,000","10,713,000","14,794,000","12,618,000","14,520,000","10,462,000","14,608,000","10,668,000","13,441,000","4,860,000","12,954,000","6,720,000","10,671,000","8,057,000","11,262,000","9,712,000","14,690,000","8,372,000","43,224,000","6,806,000","12,017,000","2,912,000","32,535,000","3,988,000","7,848,000","-46,000","-498,000","-9,091,000","-3,095,000","4,742,000","17,193,000","21,604,000","28,492,000","15,622,000","22,008,000","18,331,000","25,454,000","21,068,000","24,206,000","18,616,000","24,584,000","21,316,000","25,161,000","23,919,000","25,579,000","21,719,000","27,006,000","19,332,000","21,638,000","9,660,000","7,300,000","5,564,000","6,694,000","4,914,000","5,336,000","3,863,000","4,142,000","4,190,000","5,717,000","6,920,000","8,236,000","6,901,000","5,785,104","4,916,202"
TotalExpenses,"689,549,000","187,108,000","180,455,000","165,122,000","156,862,000","154,587,000","151,973,000","143,140,000","171,119,000","164,600,000","166,819,000","164,163,000","168,272,000","169,285,000","172,486,000","168,797,000","174,311,000","167,265,000","146,086,000","135,843,000","139,945,000","137,882,000","137,912,000","133,270,000","136,837,000","136,066,000","136,093,000","135,722,000","134,294,000","136,370,000","136,888,000","132,779,000","143,342,000","127,865,000","133,015,000","124,984,000","129,513,000","129,963,000","129,935,000","127,221,000","97,377,000","134,922,000","101,731,000","131,201,000","136,880,000","134,934,000","105,999,000","119,720,000","126,057,000","125,350,000","122,024,000","127,354,000","135,144,000","151,247,000","173,040,000","185,701,000","208,232,000","187,181,000","184,630,000","175,789,000","175,062,000","166,396,000","158,598,000","146,491,000","141,278,000","138,939,000","132,977,000","125,669,000","124,430,000","113,480,000","110,021,000","96,069,000","85,380,000","78,098,000","66,716,000","53,977,000","52,354,000","44,323,000","44,873,000","39,665,000","40,367,000","38,445,000","39,944,000","41,952,000","47,485,000","42,929,000","39,260,662","34,239,147"
NetIncomeFromContinuingAndDiscontinuedOperation,"69,896,000","19,421,000","14,305,000","12,923,000","23,248,000","690,000","-992,000","2,284,000","4,067,000","6,942,000","12,337,000","4,939,000","9,369,000","5,796,000","10,564,000","5,741,000","3,981,000","4,595,000","8,138,000","2,112,000","4,437,000","2,884,000","5,692,000","5,638,000","8,677,000","5,957,000","8,676,000","7,133,000","8,108,000","5,989,000","8,016,000","5,395,000","6,859,000","2,279,000","7,095,000","3,653,000","5,315,000","4,493,000","5,864,000","4,832,000","8,894,000","4,331,000","25,321,000","2,596,000","5,401,000","753,000","17,471,000","1,230,000","2,314,000","-4,965,000","-1,912,000","-7,186,000","-6,284,000","2,080,000","9,476,000","12,492,000","15,902,000","8,665,000","13,036,000","11,582,000","16,058,000","13,099,000","14,657,000","10,951,000","15,745,000","13,768,000","16,025,000","15,059,000","15,712,000","13,160,000","15,599,000","11,585,000","10,730,000","5,786,000","4,405,000","3,413,000","4,089,000","2,666,000","3,308,000","2,479,000","2,681,000","2,673,000","3,616,000","4,321,000","5,124,000","4,142,000","2,786,778","2,224,325"
NormalizedIncome,"69,896,000","19,421,000","14,305,000","12,923,000","23,248,000","690,000","-992,000","2,284,000","4,067,000","6,942,000","12,337,000","4,939,000","9,369,000","5,796,000","10,564,000","5,741,000","3,981,000","4,595,000","8,138,000","2,112,000","4,437,000","2,884,000","5,692,000","5,638,000","8,677,000","5,957,000","8,676,000","7,133,000","8,108,000","5,989,000","8,016,000","5,395,000","6,859,000","2,279,000","7,095,000","3,653,000","5,315,000","4,493,000","5,864,000","4,832,000","8,894,000","4,331,000","25,321,000","2,596,000","3,321,000","597,650","17,471,000","1,230,000","2,314,000","-4,965,000","-1,912,000","-7,186,000","-6,284,000","2,080,000","9,476,000","12,492,000","15,902,000","8,665,000","13,036,000","11,582,000","16,058,000","13,099,000","14,657,000","10,951,000","15,745,000","13,768,000","16,025,000","15,059,000","15,712,000","13,160,000","15,599,000","11,585,000","10,730,000","5,786,000","4,405,000","3,413,000","4,089,000","2,666,000","3,308,000","2,479,000","2,681,000","2,673,000","3,616,000","4,321,000","5,124,000","4,142,000","2,786,778","2,224,325"
InterestIncome,,,,,,,,,,,,,,"60,000","34,000","79,000","38,000","34,000","32,000","28,000","18,000","16,000","40,000","70,000","68,000","52,000","34,000","32,000","34,000","37,000","39,000","38,000","45,000","41,000","43,000","39,000","40,000","37,000","50,000","48,000","48,000","51,000","65,000","88,000","107,000","124,000","114,000","128,000","132,000","178,000","167,000","179,000","239,000","458,000",,,,,,,,,,,,,,,,,,,,,,,,,,,,,,,,,,
InterestExpense,"1,028,000","307,000","222,000","215,000","284,000","361,000","460,000","495,000","535,000","493,000","551,000","482,000","288,000","655,000","642,000","605,000","591,000","542,000","397,000","337,000","358,000","351,000","64,000",,,,,,,,,,,,,,,,,,,,,,,,,,,,,,,,,,,,,,,,,,,,,,,,,,,,,,,,,,,,,,,,,
NetInterestIncome,"-1,028,000","-307,000","-222,000","-215,000","-284,000","-361,000","-460,000","-495,000","-535,000","-493,000","-551,000","-482,000","-461,000","-595,000","-608,000","-526,000","-553,000","-508,000","-365,000","-309,000","-340,000","-335,000","-24,000","70,000","68,000","52,000","34,000","32,000","34,000","37,000","39,000","38,000","45,000","41,000","43,000","39,000","40,000","37,000","50,000","48,000","48,000","51,000","65,000","88,000","107,000","124,000","114,000","128,000","132,000","178,000","167,000","179,000","239,000","458,000",,,,,,,,,,,,,,,,,,,,,,,,,,,,,,,,,,
EBIT,"71,670,000","17,536,000","20,094,000","18,324,000","15,717,000","2,108,000","1,724,000","4,736,000","7,550,000","3,452,000","18,225,000","8,062,000","13,699,000","10,273,000","16,347,000","9,840,000","9,518,000","5,183,000","10,684,000","5,371,000","8,693,000","5,978,000","9,686,000","10,119,000","15,678,000","10,713,000","14,794,000","12,618,000","14,520,000","10,462,000","14,608,000","10,668,000","13,441,000","4,860,000","12,954,000","6,720,000","10,671,000","8,057,000","11,262,000","9,712,000","48,130,000","8,372,000","43,224,000","6,806,000","8,817,000","2,673,000","32,535,000","3,988,000","7,848,000","-46,000","-498,000","-9,091,000","-3,095,000","4,742,000","17,193,000","21,604,000","28,492,000","15,622,000","22,008,000","18,331,000","25,454,000","21,068,000","24,206,000","18,616,000","24,584,000","21,316,000","25,161,000","23,919,000","25,579,000","21,719,000","27,006,000","19,332,000","321,638,000","9,660,000","7,300,000","5,564,000","6,694,000","4,914,000","5,336,000","3,863,000","4,142,000","4,190,000","5,717,000","6,920,000","8,236,000","6,901,000","5,785,104","4,916,202"
EBITDA,"80,018,000"
ReconciledCostOfRevenue,"465,054,000","127,815,000","121,497,000","111,708,000","104,034,000","99,584,000","95,044,000","89,449,000","106,386,000","106,632,000","110,130,000","104,722,000","109,188,000","111,587,000","115,378,000","110,407,000","113,363,000","109,904,000","97,319,000","87,488,000","90,579,000","91,597,000","91,048,000","88,862,000","91,616,000","91,851,000","92,011,000","90,877,000","90,953,000","91,991,000","92,061,000","87,222,000","95,841,000","84,960,000","88,564,000","81,994,000","85,684,000","86,825,000","85,987,000","83,544,000","86,988,000","89,667,000","90,034,000","85,835,000","90,189,000","86,672,000","83,787,000","74,423,000","78,523,000","76,949,000","75,172,000","73,124,000","81,595,000","97,988,000","116,122,000","126,466,000","143,505,000","127,252,000","127,025,000","120,631,000","121,354,000","115,938,000","110,152,000","99,919,000","99,353,000","99,195,000","95,141,000","90,620,000","89,983,000","82,830,000","81,797,000","69,864,000","63,972,000","54,279,000","45,343,000","35,978,000","35,207,000","30,076,000","29,831,000","26,217,000","26,760,000","25,706,000","27,169,000","28,680,000","32,510,000","29,360,715","25,810,654","22,621,246"
ReconciledDepreciation,"8,348,000","2,203,000","2,077,000","2,022,000","2,046,000","2,165,000","2,377,000","2,537,000","2,698,000","2,669,000","2,934,000","2,463,000","2,194,000","2,111,000","2,149,000","2,024,000","2,087,000","2,093,000","1,269,000","940,000","941,000","909,000","808,000","794,000","861,000","897,000","911,000","888,000","877,000","901,000","1,251,000","1,278,000","1,307,000","1,301,000","1,330,000","1,378,000","1,504,000","1,547,000","1,606,000","1,617,000","1,782,000","1,899,000","2,657,000","2,757,000","2,953,000","2,985,000","3,180,000","3,135,000","3,326,000","3,512,000","2,609,000","2,593,000","2,565,000","2,456,000","2,538,000","2,722,000","2,935,000","2,411,000","2,091,000","2,129,000","2,151,000","1,881,000","1,788,000","1,774,000","1,499,000","1,352,000","1,010,000","957,000","996,000","1,050,000","1,032,000","1,024,000","1,154,000","1,095,000","902,000","770,000","613,000","703,000","516,000","430,000","443,000","438,000","427,000","397,000","904,000","888,285","957,649","898,066"
NetIncomeFromContinuingOperationNetMinorityInterest,"69,896,000","19,421,000","14,305,000","12,923,000","23,248,000","690,000","-992,000","2,284,000","4,067,000","6,942,000","12,337,000","4,939,000","9,369,000","5,796,000","10,564,000","5,741,000","3,981,000","4,595,000","8,138,000","2,112,000","4,437,000","2,884,000","5,692,000","5,638,000","8,677,000","5,957,000","8,676,000","7,133,000","8,108,000","5,989,000","8,016,000","5,395,000","6,859,000","2,279,000","7,095,000","3,653,000","5,315,000","4,493,000","5,864,000","4,832,000","8,894,000","4,331,000","25,321,000","2,596,000","5,401,000","753,000","17,471,000","1,230,000","2,314,000","-4,965,000","-1,912,000","-7,186,000","-6,284,000","2,080,000","9,476,000","12,492,000","15,902,000","8,665,000","13,036,000","11,582,000","16,058,000","13,099,000","14,657,000","10,951,000","15,745,000","13,768,000","16,025,000","15,059,000","15,712,000","13,160,000","15,599,000","11,585,000","10,730,000","5,786,000","4,405,000","3,413,000","4,089,000","2,666,000","3,308,000","2,479,000","2,681,000","2,673,000","3,616,000","4,321,000","5,124,000","4,142,000","2,786,778","2,224,325"
TotalUnusualItemsExcludingGoodwill,,,,,,,,,,,,,,,,,,,,,,,,,,,,,,,,,,,,,,,,,,"0",,"0","3,200,000","239,000",,,,,,,,,,,,,,,,,,,,,,,,,,,,,,,,,,,,,,,,,,
TotalUnusualItems,,,,,,,,,,,,,,,,,,,,,,,,,,,,,,,,,,,,,,,,,,"0",,"0","3,200,000","239,000",,,,,,,,,,,,,,,,,,,,,,,,,,,,,,,,,,,,,,,,,,
NormalizedEBITDA,"80,018,000","19,739,000","22,171,000","20,346,000","17,763,000","4,273,000","4,101,000","7,273,000","10,248,000","6,121,000","21,159,000","10,525,000","15,893,000","12,384,000","18,496,000","11,864,000","11,605,000","7,276,000","11,953,000","6,311,000","9,634,000","6,887,000","10,494,000","10,913,000","16,539,000","11,610,000","15,705,000","13,506,000","15,397,000","11,363,000","15,859,000","11,946,000","14,748,000","6,161,000","14,284,000","8,098,000","12,175,000","9,604,000","12,868,000","11,329,000","49,912,000","10,271,000","45,881,000","9,563,000","8,570,000","5,419,000","35,715,000","7,123,000","11,174,000","3,466,000","2,111,000","-6,498,000","-530,000","7,198,000","19,731,000","24,326,000","31,427,000","18,033,000","24,099,000","20,460,000","27,605,000","22,949,000","25,994,000","20,390,000","26,083,000","22,668,000","26,171,000","24,876,000","26,575,000","22,769,000","28,038,000","20,356,000","322,792,000","10,755,000","8,202,000","6,334,000","7,307,000","5,617,000","5,852,000","4,293,000","4,585,000","4,628,000","6,144,000","7,317,000","9,140,000","7,789,285","6,742,753","5,814,268"
TaxRateForCalcs,"0.011","0.4","0.28","0.286","0.27","0.27","0.27","0.27","0.27","0.27","0.3","0.35","0.301","0.4","0.33","0.38","0.27","0.01","0.21","0.4","0.4","0.4","0.4","0.4","0.4","0.4","0.4","0.4","0.4","0.4","0.35","0.35","0.35","0.35","0.35","0.35","0.35","0.35","0.35","0.35","0.397","0.35","0.35","0.35","0.35","0.35","0.35","0.35","0.35","0.35","0.35","0.194","0.35","0.35","0.35","0.35","0.35","0.35","0.35","0.35","0.35","0.35","0.4","0.4","0.398","0.392","0.39","0.395","0.4","0.4","0.4","0.4","0.4","0.4","0.4","0.4","0.4","0.4","0.4","0.4","0.4","0.4","0.4","0.4","0.4","0.4","0.4","0.4"
TaxEffectOfUnusualItems,"0","0","0","0","0","0","0","0","0","0","0","0","0","0","0","0","0","0","0","0","0","0","0","0","0","0","0","0","0","0","0","0","0","0","0","0","0","0","0","0","0","0","0","0","1,120,000","83,650","0","0","0","0","0","0","0","0","0","0","0","0","0","0","0","0","0","0","0","0","0","0","0","0","0","0","0","0","0","0","0","0","0","0","0","0","0","0","0","0","0","0"