name,ttm,04/30/2022,01/31/2022,10/31/2021,07/31/2021,04/30/2021,01/31/2021,10/31/2020,07/31/2020,04/30/2020,01/31/2020,10/31/2019,07/31/2019,04/30/2019,01/31/2019,10/31/2018,07/31/2018,04/30/2018,01/31/2018,10/31/2017,07/31/2017,04/30/2017,01/31/2017,10/31/2016,07/31/2016,04/30/2016,01/31/2016,10/31/2015,07/31/2015,04/30/2015,01/31/2015,10/31/2014,07/31/2014,04/30/2014,01/31/2014,10/31/2013,07/31/2013,04/30/2013,01/31/2013,10/31/2012,07/31/2012,04/30/2012,01/31/2012,10/31/2011,07/31/2011,04/30/2011,04/30/2008,01/31/2008,10/31/2007,07/31/2007,04/30/2007,01/31/2007,10/31/2006,07/31/2006,04/30/2006,01/31/2006,10/31/2005,07/31/2005,04/30/2005,01/31/2005,10/31/2004,07/31/2004,04/30/2004,01/31/2004,10/31/2003,07/31/2003,04/30/2003,01/31/2003,10/31/2002,07/31/2002,04/30/2002,01/31/2002,10/31/2001,07/31/2001,04/30/2001,01/31/2001,10/31/2000,07/31/2000,04/30/2000
TotalRevenue,"3,855,320,000","957,292,000","902,741,000","1,006,428,000","988,859,000","860,792,000","812,436,000","844,013,000","709,282,000","482,895,000","664,976,000","677,526,000","706,514,000","598,421,000","670,891,000","636,558,000","640,798,000","557,406,000","670,295,000","592,473,000","615,326,000","562,080,000","586,706,000","549,328,000","543,381,000","455,456,000","647,208,000","532,411,000","506,942,000","422,445,000","582,727,000","484,675,000","433,766,000","366,254,000","471,694,000","395,832,000","382,098,000","301,337,000","398,055,000","284,171,000","292,906,000","217,914,000","305,242,000","232,459,000","235,623,000","184,760,000","144,738,000","222,630,000","173,681,000","183,820,000","142,112,000","243,014,000","157,073,000","179,343,000","133,380,000","191,009,000","128,402,000","144,781,000","117,465,000","187,858,000","118,165,000","120,942,000","98,858,000","164,955,000","95,814,000","95,973,000","81,766,000","155,167,000","90,774,000","85,019,000","69,377,000","147,177,000","76,614,000","74,780,000","67,902,000","149,991,000","79,713,000","71,185,000","68,573,000"
	OperatingRevenue,"3,855,320,000","957,292,000","902,741,000","1,006,428,000","988,859,000","860,792,000","812,436,000","844,013,000","709,282,000","482,895,000","664,976,000","677,526,000","706,514,000","598,421,000","670,891,000","636,558,000","640,798,000","557,406,000","670,295,000","592,473,000","615,326,000","562,080,000","586,706,000","549,328,000","543,381,000","455,456,000","647,208,000","532,411,000","506,942,000","422,445,000","582,727,000","484,675,000","433,766,000","366,254,000","471,694,000","395,832,000","382,098,000","301,337,000","398,055,000","284,171,000","292,906,000","217,914,000","305,242,000","232,459,000","235,623,000","184,760,000","144,738,000","222,630,000","173,681,000","183,820,000","142,112,000","243,014,000","157,073,000","179,343,000","133,380,000","191,009,000","128,402,000","144,781,000","117,465,000","187,858,000","118,165,000","120,942,000","98,858,000","164,955,000","95,814,000","95,973,000","81,766,000","155,167,000","90,774,000","85,019,000","69,377,000","147,177,000","76,614,000","74,780,000","67,902,000","149,991,000","79,713,000","71,185,000","68,573,000"
CostOfRevenue,"1,908,303,000","458,709,000","447,237,000","501,174,000","501,183,000","453,815,000","427,308,000","435,683,000","376,863,000","283,241,000","381,903,000","393,360,000","411,556,000","365,607,000","408,190,000","382,047,000","369,198,000","345,371,000","411,622,000","378,148,000","409,513,000","391,824,000","390,052,000","373,509,000","363,542,000","327,981,000","422,947,000","341,661,000","312,679,000","279,027,000","364,584,000","304,302,000","265,857,000","241,905,000","296,717,000","255,032,000","242,872,000","199,460,000","252,881,000","182,291,000","178,779,000","142,646,000","187,716,000","148,066,000","144,377,000","121,576,000","104,602,000","154,880,000","115,615,000","122,802,000","97,638,000","151,280,000","103,232,000","120,098,000","88,495,000","116,881,000","84,033,000","101,507,000","81,823,000","119,539,000","80,196,000","88,630,000","71,443,000","105,968,000","67,027,000","71,160,000","61,825,000","98,808,000","63,669,000","62,106,000","58,489,000","115,011,000","60,628,000","59,541,000","53,156,000","93,337,000","59,305,000","52,180,000","51,101,000"
GrossProfit,"1,947,017,000","498,583,000","455,504,000","505,254,000","487,676,000","406,977,000","385,128,000","408,330,000","332,419,000","199,654,000","283,073,000","284,166,000","294,958,000","232,814,000","262,701,000","254,511,000","271,600,000","212,035,000","258,673,000","214,325,000","205,813,000","170,256,000","196,654,000","175,819,000","179,839,000","127,475,000","224,261,000","190,750,000","194,263,000","143,418,000","218,143,000","180,373,000","167,909,000","124,349,000","174,977,000","140,800,000","139,226,000","101,877,000","145,174,000","101,880,000","114,127,000","75,268,000","117,526,000","84,393,000","91,246,000","63,184,000","40,136,000","67,750,000","58,066,000","61,018,000","44,474,000","91,734,000","53,841,000","59,245,000","44,885,000","74,128,000","44,369,000","43,274,000","35,642,000","68,319,000","37,969,000","32,312,000","27,415,000","58,987,000","28,787,000","24,813,000","19,941,000","56,359,000","27,105,000","22,913,000","10,888,000","32,166,000","15,986,000","15,239,000","14,746,000","56,654,000","20,408,000","19,005,000","17,472,000"
OperatingExpense,"1,002,436,000","293,295,000","237,738,000","232,715,000","238,688,000","219,089,000","201,512,000","297,109,000","195,851,000","164,201,000","182,093,000","194,929,000","190,977,000","164,181,000","159,463,000","207,495,000","186,225,000","158,434,000","189,553,000","171,163,000","193,690,000","163,360,000","169,544,000","160,433,000","157,824,000","138,950,000","157,028,000","145,874,000","137,840,000","126,389,000","142,818,000","143,685,000","118,974,000","119,571,000","116,717,000","116,940,000","167,006,000","101,366,000","233,769,000","99,886,000","94,465,000","77,401,000","90,615,000","88,496,000","81,803,000","68,816,000","57,806,000","80,598,000","70,950,000","66,509,000","56,397,000","76,041,000","57,545,000","57,138,000","48,353,000","59,744,000","50,302,000","46,437,000","39,986,000","50,740,000","42,511,000","35,172,000","33,516,000","45,196,000","33,031,000","28,862,000","28,029,000","41,415,000","30,024,000","27,781,000","27,070,000","38,062,000","27,878,000","24,492,000","24,175,000","37,924,000","27,205,000","23,663,000","23,855,000"
	SellingGeneralAndAdministration,"1,002,436,000","293,295,000","237,738,000","232,715,000","238,688,000","219,089,000","201,512,000","297,109,000","195,851,000","164,201,000","182,093,000","194,929,000","190,977,000","164,181,000","159,463,000","207,495,000","186,225,000","158,434,000","189,553,000","171,163,000","193,690,000","163,360,000","169,544,000","160,433,000","157,824,000","138,950,000","157,028,000","145,874,000","137,840,000","126,389,000","142,818,000","143,685,000","118,974,000","119,571,000","116,717,000","116,940,000","167,006,000","101,366,000","233,769,000","99,886,000","94,465,000","77,401,000","90,615,000","88,496,000","81,803,000","68,816,000","57,806,000","80,598,000","70,950,000","66,509,000","56,397,000","76,041,000","57,545,000","57,138,000","48,353,000","59,744,000","50,302,000","46,437,000","39,986,000","50,740,000","42,511,000","35,172,000","33,516,000","45,196,000","33,031,000","28,862,000","28,029,000","41,415,000","30,024,000","27,781,000","27,070,000","38,062,000","27,878,000","24,492,000","24,175,000","37,814,000","26,832,000","23,447,000","23,539,000"
	OtherOperatingExpenses,,,,,,,,,,,,,,,,,,,,,,,,,,,,,,,,,,,,,,,,,,,,,,,,,,,,,,,,,,,,,,,,,,,,,,,,,,,,"110,000","373,000","216,000","316,000"
OperatingIncome,"944,581,000","205,288,000","217,766,000","272,539,000","248,988,000","187,888,000","183,616,000","111,221,000","136,568,000","35,453,000","100,980,000","89,237,000","103,981,000","68,633,000","103,238,000","47,016,000","85,375,000","53,601,000","69,120,000","43,162,000","12,123,000","6,896,000","27,110,000","15,386,000","22,015,000","-11,475,000","67,233,000","44,876,000","56,423,000","17,029,000","75,325,000","36,688,000","48,935,000","4,778,000","58,260,000","23,860,000","-27,780,000","511,000","-88,595,000","1,994,000","19,662,000","-2,133,000","26,911,000","-4,103,000","9,443,000","-5,632,000","-17,670,000","-12,848,000","-12,884,000","-5,491,000","-11,923,000","15,693,000","-3,704,000","2,107,000","-3,468,000","14,384,000","-5,933,000","-3,163,000","-4,344,000","17,579,000","-4,542,000","-2,860,000","-6,101,000","13,791,000","-4,244,000","-4,049,000","-8,088,000","14,944,000","-2,919,000","-4,868,000","-16,182,000","-5,896,000","-11,892,000","-9,253,000","-9,429,000","18,730,000","-6,797,000","-4,658,000","-6,383,000"
NetNonOperatingInterestIncomeExpense,"-72,494,000","-20,855,000","-24,835,000","-13,223,000","-13,581,000","-13,308,000","-14,547,000","-15,656,000","-19,418,000","-19,629,000","-19,982,000","-21,564,000","-24,513,000","-21,118,000","-21,188,000","-19,371,000","-17,480,000","-17,035,000","-17,074,000","-18,915,000","-14,402,000","-12,179,000","-11,954,000","-11,091,000","-10,909,000","-10,528,000","-11,619,000","-11,003,000","-7,406,000","-5,649,000","-5,939,000","-5,210,000","-4,346,000","-2,056,000","-1,537,000","-2,165,000","-1,191,000","-840,000","-1,178,000","-1,544,000","-1,479,000","-1,575,000","-1,648,000","-1,598,000","-989,000","-899,000","-1,933,000",,,,,,,,,,,,,,,,,,,,,,,,,,,,,,,,
	InterestIncomeNonOperating,"2,772,000","1,181,000","628,000","572,000","391,000","345,000","795,000","223,000","186,000","194,000","291,000","479,000","280,000","282,000","191,000","282,000","199,000","162,000","75,000","30,000","95,000","314,000","685,000","672,000","725,000","907,000",,,,,,,,,,,,,,,,,,,,,,,,,,,,,,,,,,,,,,,,,,,,,,,,,,,,,
	InterestExpenseNonOperating,"72,513,000","22,036,000","24,944,000","13,103,000","13,175,000","12,908,000","14,618,000","15,162,000","18,622,000","18,810,000","19,247,000","20,989,000","23,622,000","20,310,000","13,556,000","12,490,000","11,813,000","11,742,000","11,956,000","12,816,000","9,133,000","8,340,000","8,610,000","8,680,000","8,371,000","8,362,000","2,797,000","11,003,000","7,406,000","5,649,000","5,939,000","5,210,000","4,346,000","2,056,000","1,537,000","2,165,000","1,191,000","840,000","1,178,000","1,544,000","1,479,000","1,575,000","1,648,000","1,598,000","989,000","899,000",,,,,,,,,,,,,,,,,,,,,,,,,,,,,,,,,
	TotalOtherFinanceCost,,,"519,000","692,000","797,000","745,000","724,000","717,000","982,000","1,013,000","1,026,000","1,054,000","1,171,000","1,090,000","7,823,000","7,163,000","5,866,000","5,455,000","5,193,000","6,129,000","5,364,000","4,153,000","4,029,000","3,083,000","3,263,000","3,073,000",,,,,,,,,,,,,,,,,,,,,"1,933,000",,,,,,,,,,,,,,,,,,,,,,,,,,,,,,,,
OtherIncomeExpense,"-177,584,000","-145,773,000","-10,132,000","-18,513,000","-3,166,000","-105,000","0",,"152,000","-20,459,000","-569,000","-6,857,000","954,000",,"-32,086,000",,"-917,000",,"-33,700,000","-4,880,000",,,,,,,,,,,,,,,,,,,,,,,,,,,,,,,,,,,,,,,,,,,,,,,,,,,,,,,,,,,
	SpecialIncomeCharges,"-175,149,000","-146,116,000","-7,354,000","-18,513,000","-3,166,000","-105,000","0","0","152,000","-20,459,000","-569,000","-6,857,000","954,000",,"-32,086,000","0","-917,000",,"-33,700,000","-4,880,000",,,,,,,,,,,,,,,,,,,,,,,,,,,,,,,,,,,,,,,,,,,,,,,,,,,,,,,,,,,
		ImpairmentOfCapitalAssets,,,"0","0","0","0","0","0","0","20,459,000","0",,,,"32,086,000",,,,"33,700,000",,,,,,,,,,,,,,,,,,,,,,,,,,,,,,,,,,,,,,,,,,,,,,,,,,,,,,,,,,,,
		OtherSpecialCharges,"175,149,000","146,116,000","7,354,000","18,513,000","3,166,000","105,000","0",,"-152,000",,"569,000","6,857,000","-954,000",,"0",,"917,000",,"0","4,880,000",,,,,,,,,,,,,,,,,,,,,,,,,,,,,,,,,,,,,,,,,,,,,,,,,,,,,,,,,,,
	OtherNonOperatingIncomeExpenses,,"343,000","-2,778,000",,,,,,,,,,,,,,,,,,,,,,,,,,,,,,,,,,,,,,,,,,,,,,,,,,,,,,,,,,,,,,,,,,,,,,,,,,,,
PretaxIncome,"694,503,000","38,660,000","182,799,000","240,803,000","232,241,000","174,475,000","169,069,000","95,565,000","117,302,000","-4,635,000","80,429,000","60,816,000","80,422,000","47,515,000","49,964,000","27,645,000","66,978,000","36,566,000","18,346,000","19,367,000","-2,279,000","-5,283,000","15,156,000","4,295,000","11,106,000","-22,003,000","55,614,000","33,873,000","49,017,000","11,380,000","69,386,000","31,478,000","44,589,000","2,722,000","56,723,000","21,695,000","-28,971,000","-329,000","-89,773,000","450,000","18,183,000","-3,708,000","25,263,000","-5,701,000","8,454,000","-6,531,000","-19,603,000","-14,867,000","-15,293,000","-7,727,000","-13,922,000","13,742,000","-5,823,000","368,000","-4,892,000","13,157,000","-7,097,000","-3,997,000","-5,169,000","16,780,000","-5,279,000","-3,369,000","-6,528,000","13,311,000","-4,763,000","-4,642,000","-8,650,000","14,224,000","-3,753,000","-5,639,000","-16,953,000","-9,162,000","-12,383,000","-9,680,000","-12,388,000","16,850,000","-8,691,000","-5,793,000","-7,278,000"
TaxProvision,"-71,592,000","-163,426,000","34,434,000","54,391,000","3,009,000","41,724,000","37,988,000","49,154,000","18,879,000","-1,423,000","11,996,000","8,353,000","16,665,000","11,793,000","13,837,000","5,234,000","2,936,000","8,507,000","18,085,000","6,216,000","5,583,000","-1,913,000","5,720,000","1,778,000","4,188,000","-8,533,000","22,312,000","13,163,000","19,082,000","4,224,000","26,861,000","12,049,000","17,336,000","927,000","30,081,000","12,146,000","-11,136,000","-168,000","-61,411,000","-1,235,000","567,000","56,000","1,209,000","-871,000","987,000","-204,000","167,000","200,000","-105,000","196,000","-164,000","105,000","-115,000","132,000","21,000","32,679,000","-2,887,000","-1,535,000","-2,056,000","5,970,000","-2,161,000","-1,363,000","-2,546,000","5,419,000","-1,905,000","-1,857,000","-3,460,000","4,966,000","-1,351,000","-2,030,000","-10,103,000","2,655,000","-4,456,000","-3,487,000","-4,460,000","7,105,000","-3,568,000","-2,376,000","-2,982,000"
EarningsFromEquityInterestNetOfTax,"-7,494,000","-1,375,000","-1,320,000","-2,313,000","-2,486,000","-2,095,000","-888,000",,,,,,,,,,,,,,,,,,,,,,,,,,,,,,,,,,,,,,,,,,,,,,,,,,,,,,,,,,,,,,,,,,,,,,,,
NetIncomeCommonStockholders,"904,717,000","346,827,000","147,045,000","184,099,000","226,746,000","130,656,000","130,193,000","46,411,000","98,423,000","-3,212,000","68,433,000","52,463,000","63,757,000","35,722,000","36,127,000","22,411,000","64,042,000","28,059,000","261,000","13,151,000","-7,862,000","-3,370,000","9,436,000","2,517,000","6,918,000","-13,470,000","33,302,000","20,710,000","29,935,000","7,156,000","42,525,000","19,429,000","27,253,000","1,795,000","26,642,000","9,549,000","-17,835,000","-161,000","-28,362,000","1,685,000","17,616,000","-3,764,000","24,054,000","-4,830,000","7,467,000","-6,327,000","-19,770,000","-15,067,000","-15,188,000","-7,923,000","-13,758,000","13,637,000","-5,708,000","236,000","-4,913,000","-19,522,000","-4,210,000","-2,462,000","-3,113,000","10,810,000","-3,118,000","-2,006,000","-3,982,000","7,892,000","-2,858,000","-2,785,000","-5,190,000","9,258,000","-2,402,000","-3,609,000","-7,208,000","-12,193,000","-8,302,000","-7,315,000","-8,873,000","9,745,000","-5,123,000","-3,417,000","-4,296,000"
	NetIncome,"758,601,000","200,711,000","147,045,000","184,099,000","226,746,000","130,656,000","130,193,000","46,411,000","98,423,000","-3,212,000","68,433,000","52,463,000","63,757,000","35,722,000","36,127,000","22,411,000","64,042,000","28,059,000","261,000","13,151,000","-7,862,000","-3,370,000","9,436,000","2,517,000","6,918,000","-13,470,000","33,302,000","20,710,000","29,935,000","7,156,000","42,525,000","19,429,000","27,253,000","1,795,000","26,642,000","9,549,000","-17,835,000","-161,000","-28,362,000","1,685,000","17,616,000","-3,764,000","24,054,000","-4,830,000","7,467,000","-6,327,000","-19,770,000","-15,067,000","-15,188,000","-7,923,000","-13,758,000","13,637,000","-5,708,000","236,000","-4,913,000","-19,522,000","-4,210,000","-2,462,000","-3,113,000","10,810,000","-3,118,000","-2,006,000","-3,982,000","7,892,000","-2,858,000","-2,785,000","-5,190,000","9,258,000","-2,402,000","-3,609,000","-6,850,000","-11,817,000","-7,927,000","-6,193,000","-7,928,000","9,745,000","-5,123,000","-3,417,000","-4,296,000"
		NetIncomeIncludingNoncontrollingInterests,"758,601,000","200,711,000","147,045,000","184,099,000","226,746,000","130,656,000","130,193,000","46,411,000","98,423,000","-3,212,000","68,433,000","52,463,000","63,757,000","35,722,000","36,127,000","22,411,000","64,042,000","28,059,000","261,000","13,151,000","-7,862,000","-3,370,000","9,436,000","2,517,000","6,918,000","-13,470,000","33,302,000","20,710,000","29,935,000","7,156,000","42,525,000","19,429,000","27,253,000","1,795,000","26,642,000","9,549,000","-17,835,000","-161,000","-28,362,000","1,685,000","17,616,000","-3,764,000","24,054,000","-4,830,000","7,467,000","-6,327,000","-19,770,000","-15,067,000","-15,188,000","-7,923,000","-13,758,000","13,637,000","-5,708,000","236,000","-4,913,000","-19,522,000","-4,210,000","-2,462,000","-3,113,000","10,810,000","-3,118,000","-2,006,000","-3,982,000","7,892,000","-2,858,000","-2,785,000","-5,190,000","9,258,000","-2,402,000","-3,609,000","-6,850,000","-11,817,000","-7,927,000","-6,193,000","-7,928,000","9,745,000","-5,123,000","-3,417,000","-4,296,000"
			NetIncomeContinuousOperations,"758,601,000","200,711,000","147,045,000","184,099,000","226,746,000","130,656,000","130,193,000","46,411,000","98,423,000","-3,212,000","68,433,000","52,463,000","63,757,000","35,722,000","36,127,000","22,411,000","64,042,000","28,059,000","261,000","13,151,000","-7,862,000","-3,370,000","9,436,000","2,517,000","6,918,000","-13,470,000","33,302,000","20,710,000","29,935,000","7,156,000","42,525,000","19,429,000","27,253,000","1,795,000","26,642,000","9,549,000","-17,835,000","-161,000","-28,362,000","1,685,000","17,616,000","-3,764,000","24,054,000","-4,830,000","7,467,000","-6,327,000","-19,770,000","-15,067,000","-15,188,000","-7,923,000","-13,758,000","13,637,000","-5,708,000","236,000","-4,913,000","-19,522,000","-4,210,000","-2,462,000","-3,113,000","10,810,000","-3,118,000","-2,006,000","-3,982,000","7,892,000","-2,858,000","-2,785,000","-5,190,000","9,258,000","-2,402,000","-3,609,000","-6,850,000","-11,817,000","-7,927,000","-6,193,000","-7,928,000","9,745,000","-5,123,000","-3,417,000","-4,296,000"
	PreferredStockDividends,,,,,,,,,,,,,,,,,,,,,,,,,,,,,,,,,,,,,,,,,,,,,,,,,,,,,,,,,,,,,,,,,,,,"0",,,"358,000",,,,,,,,
	OtherunderPreferredStockDividend,,"-146,116,000",,,"2,486,000","2,095,000","888,000",,,,,,,,,,,,,,,,,,,,,,,,,,,,,,,,,,,,,,,,,,,,,,,,,,,,,,,,,,,,,,,,,,"375,000","1,122,000","945,000",,,,
DilutedNIAvailtoComStockholders,"904,717,000","346,827,000","147,045,000","184,099,000","226,746,000","130,656,000","130,193,000","46,411,000","98,423,000","-3,212,000","68,433,000","52,463,000","63,757,000","35,722,000","36,127,000","22,411,000","64,042,000","28,059,000","261,000","13,151,000","-7,862,000","-3,370,000","9,436,000","2,517,000","6,918,000","-13,470,000","33,302,000","20,710,000","29,935,000","7,156,000","42,525,000","19,429,000","27,253,000","1,795,000","26,642,000","9,549,000","-17,835,000","-161,000","-28,362,000","1,685,000","17,616,000","-3,764,000","24,054,000","-4,830,000","7,467,000","-6,327,000","-19,770,000","-15,067,000","-15,188,000","-7,923,000","-13,758,000","13,637,000","-5,708,000","236,000","-4,913,000","-19,522,000","-4,210,000","-2,462,000","-3,113,000","10,810,000","-3,118,000","-2,006,000","-3,982,000","7,892,000","-2,858,000","-2,785,000","-5,190,000","9,258,000","-2,402,000","-3,609,000","-7,208,000","-12,193,000","-8,302,000","-7,315,000","-8,873,000","9,745,000","-5,123,000","-3,417,000","-4,296,000"
BasicEPS,,"15.34",,"8.59","10.71","6.22","6.35","2.37","5.08","-0.17","3.58","2.8","3.45","1.79","1.73","1.01","2.92","1.3","0.01","0.62","-0.28","-0.09","0.23","0.06","0.17","-0.33","0.82","0.51","0.75","0.18","1.07","0.49","0.69","0.05","0.68","0.25","-0.46","-0.004","-0.79","0.05","0.476","-0.117",,"-0.15",,"-0.197","-0.51",,"-0.39","-0.2","-0.35",,"-0.15","0.01","-0.13",,"-0.11","-0.07","-0.09",,"-0.09","-0.06","-0.12",,"-0.09","-0.09","-0.17",,"-0.08","-0.12","-0.25",,"-0.35","-0.31","-0.5",,"-0.3","-0.2","-0.25"
DilutedEPS,,"12.16",,"5.88","7.09","4.19","4.31","1.64","3.71","-0.17","2.66","2.17","2.86","1.43","1.41","0.81","2.33","1.11","0.01","0.56","-0.28","-0.09","0.23","0.06","0.17","-0.33","0.79","0.49","0.71","0.17","1.02","0.47","0.66","0.04","0.65","0.23","-0.46","-0.004","-0.79","0.05","0.476","-0.117",,"-0.15",,"-0.197","-0.51",,"-0.39","-0.2","-0.35",,"-0.15","0.006","-0.13",,"-0.11","-0.07","-0.09",,"-0.09","-0.06","-0.12",,"-0.09","-0.09","-0.17",,"-0.08","-0.12","-0.25",,"-0.35","-0.31","-0.5",,"-0.3","-0.2","-0.25"
BasicAverageShares,,"22,608,537",,"21,430,557","21,166,638","21,003,244","20,518,130","19,552,836","19,386,115","19,242,641","19,120,709","18,765,769","18,465,876","19,976,858","20,901,841","22,082,141","21,925,702","21,545,025","21,418,283","21,221,848","28,398,307","37,609,516","40,803,626","40,730,059","40,646,124","40,588,081","40,522,242","40,282,734","40,045,850","39,913,946","39,734,145","39,507,272","39,436,255","39,152,923","39,008,383","38,888,208","38,712,000","38,076,026","35,692,064","32,188,891","36,971,500","32,188,891",,"32,188,891",,"32,188,891","38,969,000",,"38,826,000","38,798,000","38,757,000",,"38,311,000","37,884,000","37,773,000",,"37,648,000","33,259,000","33,110,000",,"33,017,000","32,903,000","32,791,000",,"30,602,000","30,083,000","30,052,000",,"29,926,000","29,807,000","29,246,000",,"23,852,000","23,557,000","17,862,000",,"17,074,000","17,027,000","16,954,000"
DilutedAverageShares,,"28,527,246",,"31,291,079","31,979,098","31,210,011","30,179,506","28,286,124","26,564,705","19,242,641","25,767,864","24,170,172","22,324,112","24,933,987","25,702,791","27,703,319","27,496,561","25,230,228","25,666,174","23,535,617","28,398,307","37,609,516","41,000,760","40,926,450","40,820,495","40,588,081","42,225,070","42,413,657","42,243,910","41,959,718","41,777,509","41,392,831","41,262,629","40,787,726","41,119,175","41,053,211","38,712,000","38,076,026","35,692,064","32,188,891","36,971,500","32,188,891",,"32,188,891",,"32,188,891","38,969,000",,"38,826,000","38,798,000","38,757,000",,"38,311,000","38,911,000","37,773,000",,"37,648,000","33,259,000","33,110,000",,"33,017,000","32,903,000","32,791,000",,"30,602,000","30,083,000","30,052,000",,"29,926,000","29,807,000","29,246,000",,"23,852,000","23,557,000","17,862,000",,"17,074,000","17,027,000","16,954,000"
TotalOperatingIncomeAsReported,"944,581,000","205,288,000","217,766,000","272,539,000","248,988,000","187,888,000","183,616,000","111,221,000","136,568,000","35,453,000","100,980,000","89,237,000","103,981,000","68,633,000","103,238,000","47,016,000","85,375,000","53,601,000","69,120,000","43,162,000","12,123,000","6,896,000","27,110,000","15,386,000","22,015,000","-11,475,000","67,233,000","44,876,000","56,423,000","17,029,000","75,325,000","36,688,000","48,935,000","4,778,000","58,260,000","23,860,000","-27,780,000","511,000","-88,595,000","1,994,000","19,662,000","-2,133,000","26,911,000","-4,103,000","9,443,000","-5,632,000","-17,670,000","-12,848,000","-12,884,000","-5,491,000","-11,923,000","15,693,000","-3,704,000","2,107,000","-3,468,000","14,384,000","-5,933,000","-3,163,000","-4,344,000","17,579,000","-4,542,000","-2,860,000","-6,101,000","13,791,000","-4,244,000","-4,049,000","-8,088,000","14,944,000","-2,919,000","-4,868,000","-16,182,000","-5,896,000","-11,892,000","-9,253,000","-9,429,000","18,730,000","-6,797,000","-4,658,000","-6,383,000"
TotalExpenses,"2,910,739,000","752,004,000","684,975,000","733,889,000","739,871,000","672,904,000","628,820,000","732,792,000","572,714,000","447,442,000","563,996,000","588,289,000","602,533,000","529,788,000","567,653,000","589,542,000","555,423,000","503,805,000","601,175,000","549,311,000","603,203,000","555,184,000","559,596,000","533,942,000","521,366,000","466,931,000","579,975,000","487,535,000","450,519,000","405,416,000","507,402,000","447,987,000","384,831,000","361,476,000","413,434,000","371,972,000","409,878,000","300,826,000","486,650,000","282,177,000","273,244,000","220,047,000","278,331,000","236,562,000","226,180,000","190,392,000","162,408,000","235,478,000","186,565,000","189,311,000","154,035,000","227,321,000","160,777,000","177,236,000","136,848,000","176,625,000","134,335,000","147,944,000","121,809,000","170,279,000","122,707,000","123,802,000","104,959,000","151,164,000","100,058,000","100,022,000","89,854,000","140,223,000","93,693,000","89,887,000","85,559,000","153,073,000","88,506,000","84,033,000","77,331,000","131,261,000","86,510,000","75,843,000","74,956,000"
NetIncomeFromContinuingAndDiscontinuedOperation,"758,601,000","200,711,000","147,045,000","184,099,000","226,746,000","130,656,000","130,193,000","46,411,000","98,423,000","-3,212,000","68,433,000","52,463,000","63,757,000","35,722,000","36,127,000","22,411,000","64,042,000","28,059,000","261,000","13,151,000","-7,862,000","-3,370,000","9,436,000","2,517,000","6,918,000","-13,470,000","33,302,000","20,710,000","29,935,000","7,156,000","42,525,000","19,429,000","27,253,000","1,795,000","26,642,000","9,549,000","-17,835,000","-161,000","-28,362,000","1,685,000","17,616,000","-3,764,000","24,054,000","-4,830,000","7,467,000","-6,327,000","-19,770,000","-15,067,000","-15,188,000","-7,923,000","-13,758,000","13,637,000","-5,708,000","236,000","-4,913,000","-19,522,000","-4,210,000","-2,462,000","-3,113,000","10,810,000","-3,118,000","-2,006,000","-3,982,000","7,892,000","-2,858,000","-2,785,000","-5,190,000","9,258,000","-2,402,000","-3,609,000","-6,850,000","-11,817,000","-7,927,000","-6,193,000","-7,928,000","9,745,000","-5,123,000","-3,417,000","-4,296,000"
NormalizedIncome,"863,690,400","288,380,600","153,013,720.89","198,391,036","229,870,842","130,735,590","130,193,000","46,411,000","98,295,472","10,966,087","68,917,133.546","58,380,591","63,000,478","35,722,000","59,327,122.528","22,411,000","64,918,652","28,059,000","24,862,000","16,464,520","-7,862,000","-3,370,000","9,436,000","2,517,000","6,918,000","-13,470,000","33,302,000","20,710,000","29,935,000","7,156,000","42,525,000","19,429,000","27,253,000","1,795,000","26,642,000","9,549,000","-17,835,000","-161,000","-28,362,000","1,685,000","17,616,000","-3,764,000","24,054,000","-4,830,000","7,467,000","-6,327,000","-19,770,000","-15,067,000","-15,188,000","-7,923,000","-13,758,000","13,637,000","-5,708,000","236,000","-4,913,000","-19,522,000","-4,210,000","-2,462,000","-3,113,000","10,810,000","-3,118,000","-2,006,000","-3,982,000","7,892,000","-2,858,000","-2,785,000","-5,190,000","9,258,000","-2,402,000","-3,609,000","-6,850,000","-11,817,000","-7,927,000","-6,193,000","-7,928,000","9,745,000","-5,123,000","-3,417,000","-4,296,000"
InterestIncome,"2,772,000","1,181,000","628,000","572,000","391,000","345,000","795,000","223,000","186,000","194,000","291,000","479,000","280,000","282,000","191,000","282,000","199,000","162,000","75,000","30,000","95,000","314,000","685,000","672,000","725,000","907,000",,,,,,,,,,,,,,,,,,,,,,,,,,,,,,,,,,,,,,,,,,,,,,,,,,,,,
InterestExpense,"72,513,000","22,036,000","24,944,000","13,103,000","13,175,000","12,908,000","14,618,000","15,162,000","18,622,000","18,810,000","19,247,000","20,989,000","23,622,000","20,310,000","13,556,000","12,490,000","11,813,000","11,742,000","11,956,000","12,816,000","9,133,000","8,340,000","8,610,000","8,680,000","8,371,000","8,362,000","2,797,000","11,003,000","7,406,000","5,649,000","5,939,000","5,210,000","4,346,000","2,056,000","1,537,000","2,165,000","1,191,000","840,000","1,178,000","1,544,000","1,479,000","1,575,000","1,648,000","1,598,000","989,000","899,000",,,,,,,,,,,,,,,,,,,,,,,,,,,,,,,,,
NetInterestIncome,"-72,494,000","-20,855,000","-24,835,000","-13,223,000","-13,581,000","-13,308,000","-14,547,000","-15,656,000","-19,418,000","-19,629,000","-19,982,000","-21,564,000","-24,513,000","-21,118,000","-21,188,000","-19,371,000","-17,480,000","-17,035,000","-17,074,000","-18,915,000","-14,402,000","-12,179,000","-11,954,000","-11,091,000","-10,909,000","-10,528,000","-11,619,000","-11,003,000","-7,406,000","-5,649,000","-5,939,000","-5,210,000","-4,346,000","-2,056,000","-1,537,000","-2,165,000","-1,191,000","-840,000","-1,178,000","-1,544,000","-1,479,000","-1,575,000","-1,648,000","-1,598,000","-989,000","-899,000","-1,933,000",,,,,,,,,,,,,,,,,,,,,,,,,,,,,,,,
EBIT,"767,016,000","60,696,000","207,743,000","253,906,000","245,416,000","187,383,000","183,687,000","110,727,000","135,924,000","14,175,000","99,676,000","81,805,000","104,044,000","67,825,000","63,520,000","40,135,000","78,791,000","48,308,000","30,302,000","32,183,000","6,854,000","3,057,000","23,766,000","12,975,000","19,477,000","-13,641,000","58,411,000","44,876,000","56,423,000","17,029,000","75,325,000","36,688,000","48,935,000","4,778,000","58,260,000","23,860,000","-27,780,000","511,000","-88,595,000","1,994,000","19,662,000","-2,133,000","26,911,000","-4,103,000","9,443,000","-5,632,000","-17,670,000","-12,848,000","-12,884,000","-5,491,000","-11,923,000","15,693,000","-3,704,000","2,107,000","-3,468,000","14,384,000","-5,933,000","-3,163,000","-4,344,000","17,579,000","-4,542,000","-2,860,000","-6,101,000","13,791,000","-4,244,000","-4,049,000","-8,088,000","14,944,000","-2,919,000","-4,868,000","-16,182,000","-5,896,000","-11,892,000","-9,253,000","-9,429,000","18,730,000","-6,797,000","-4,658,000","-6,383,000"
EBITDA,"863,910,000"
ReconciledCostOfRevenue,"1,908,303,000","458,709,000","447,237,000","501,174,000","501,183,000","453,815,000","427,308,000","435,683,000","376,863,000","283,241,000","381,903,000","393,360,000","411,556,000","365,607,000","408,190,000","382,047,000","369,198,000","345,371,000","411,622,000","378,148,000","409,513,000","391,824,000","390,052,000","373,509,000","363,542,000","327,981,000","422,947,000","341,661,000","312,679,000","279,027,000","364,584,000","304,302,000","265,857,000","241,905,000","296,717,000","255,032,000","242,872,000","199,460,000","252,881,000","182,291,000","178,779,000","142,646,000","187,716,000","148,066,000","144,377,000","121,576,000","104,602,000","154,880,000","115,615,000","122,802,000","97,638,000","151,280,000","103,232,000","120,098,000","88,495,000","116,881,000","84,033,000","101,507,000","81,823,000","119,539,000","80,196,000","88,630,000","71,443,000","105,968,000","67,027,000","71,160,000","61,825,000","98,808,000","63,669,000","62,106,000","58,489,000","115,011,000","60,628,000","59,541,000","53,156,000","93,337,000","59,305,000","52,180,000","51,101,000"
ReconciledDepreciation,"96,894,000","24,758,000","24,647,000","24,819,000","22,670,000","23,886,000","23,352,000","26,476,000","25,342,000","24,870,000","24,794,000","23,435,000","9,042,000","43,468,000","21,166,000","18,377,000","17,756,000","17,047,000","19,043,000","18,546,000","16,526,000","16,020,000","15,747,000","15,036,000","13,658,000","12,554,000","12,490,000","11,231,000","10,895,000","9,979,000","9,468,000","9,017,000","8,338,000","7,640,000","7,695,000","6,731,000","6,598,000","6,630,000","7,263,000","6,593,000","6,468,000","6,424,000","6,830,000","7,373,000","7,597,000","7,386,000","6,130,000","6,405,000","5,929,000","5,725,000","5,061,000","5,740,000","5,385,000","5,423,000","5,148,000","5,363,000","4,395,000","5,727,000","4,118,000","4,199,000","3,838,000","3,795,000","4,114,000","3,867,000","4,323,000","4,876,000","4,955,000","4,305,000","4,756,000","4,710,000","4,870,000","7,233,000","4,560,000","5,771,000","3,060,000","4,905,000","3,831,000","3,802,000","3,377,000"
NetIncomeFromContinuingOperationNetMinorityInterest,"758,601,000","200,711,000","147,045,000","184,099,000","226,746,000","130,656,000","130,193,000","46,411,000","98,423,000","-3,212,000","68,433,000","52,463,000","63,757,000","35,722,000","36,127,000","22,411,000","64,042,000","28,059,000","261,000","13,151,000","-7,862,000","-3,370,000","9,436,000","2,517,000","6,918,000","-13,470,000","33,302,000","20,710,000","29,935,000","7,156,000","42,525,000","19,429,000","27,253,000","1,795,000","26,642,000","9,549,000","-17,835,000","-161,000","-28,362,000","1,685,000","17,616,000","-3,764,000","24,054,000","-4,830,000","7,467,000","-6,327,000","-19,770,000","-15,067,000","-15,188,000","-7,923,000","-13,758,000","13,637,000","-5,708,000","236,000","-4,913,000","-19,522,000","-4,210,000","-2,462,000","-3,113,000","10,810,000","-3,118,000","-2,006,000","-3,982,000","7,892,000","-2,858,000","-2,785,000","-5,190,000","9,258,000","-2,402,000","-3,609,000","-6,850,000","-11,817,000","-7,927,000","-6,193,000","-7,928,000","9,745,000","-5,123,000","-3,417,000","-4,296,000"
TotalUnusualItemsExcludingGoodwill,"-175,149,000","-146,116,000","-7,354,000","-18,513,000","-3,166,000","-105,000","0","0","152,000","-20,459,000","-569,000","-6,857,000","954,000",,"-32,086,000","0","-917,000",,"-33,700,000","-4,880,000",,,,,,,,,,,,,,,,,,,,,,,,,,,,,,,,,,,,,,,,,,,,,,,,,,,,,,,,,,,
TotalUnusualItems,"-175,149,000","-146,116,000","-7,354,000","-18,513,000","-3,166,000","-105,000","0","0","152,000","-20,459,000","-569,000","-6,857,000","954,000",,"-32,086,000","0","-917,000",,"-33,700,000","-4,880,000",,,,,,,,,,,,,,,,,,,,,,,,,,,,,,,,,,,,,,,,,,,,,,,,,,,,,,,,,,,
NormalizedEBITDA,"1,039,059,000","231,570,000","239,744,000","297,238,000","271,252,000","211,374,000","207,039,000","137,203,000","161,114,000","59,504,000","125,039,000","112,097,000","112,132,000","111,293,000","116,772,000","58,512,000","97,464,000","65,355,000","83,045,000","55,609,000","23,380,000","19,077,000","39,513,000","28,011,000","33,135,000","-1,087,000","70,901,000","56,107,000","67,318,000","27,008,000","84,793,000","45,705,000","57,273,000","12,418,000","65,955,000","30,591,000","-21,182,000","7,141,000","-81,332,000","8,587,000","26,130,000","4,291,000","33,741,000","3,270,000","17,040,000","1,754,000","-11,540,000","-6,443,000","-6,955,000","234,000","-6,862,000","21,433,000","1,681,000","7,530,000","1,680,000","19,747,000","-1,538,000","2,564,000","-226,000","21,778,000","-704,000","935,000","-1,987,000","17,658,000","79,000","827,000","-3,133,000","19,249,000","1,837,000","-158,000","-11,312,000","1,337,000","-7,332,000","-3,482,000","-6,369,000","23,635,000","-2,966,000","-856,000","-3,006,000"
TaxRateForCalcs,"0.4","0.4","0.188","0.228","0.013","0.242","0.225","0.27","0.161","0.307","0.149","0.137","0.207","0.248","0.277","0.189","0.044","0.233","0.27","0.321","0.4","0.362","0.377","0.4","0.377","0.388","0.4","0.389","0.389","0.371","0.387","0.383","0.389","0.34","0.35","0.35","0.384","0.35","0.35","0.35","0.031","0.35","0.048","0.153","0.117","0.031","0.35","0.35","0.007","0.35","0.012","0.008","0.02","0.359","0.4","0.4","0.4","0.384","0.398","0.356","0.4","0.4","0.39","0.4","0.4","0.4","0.4","0.349","0.36","0.36","0.4","0.4","0.36","0.36","0.36","0.4","0.4","0.4","0.4"
TaxEffectOfUnusualItems,"-70,059,600","-58,446,400","-1,385,279.11","-4,220,964","-41,158","-25,410","0","0","24,472","-6,280,913","-84,866.454","-939,409","197,478","0","-8,885,877.472","0","-40,348","0","-9,099,000","-1,566,480","0","0","0","0","0","0","0","0","0","0","0","0","0","0","0","0","0","0","0","0","0","0","0","0","0","0","0","0","0","0","0","0","0","0","0","0","0","0","0","0","0","0","0","0","0","0","0","0","0","0","0","0","0","0","0","0","0","0","0"