name,ttm,03/31/2022,12/31/2021,09/30/2021,06/30/2021,03/31/2021,12/31/2020,09/30/2020,06/30/2020,03/31/2020,12/31/2019,09/30/2019,06/30/2019,03/31/2019,12/31/2018,09/30/2018,06/30/2018,03/31/2018,12/31/2017,09/30/2017,06/30/2017,03/31/2017,12/31/2016,09/30/2016,06/30/2016,03/31/2016,12/31/2015,09/30/2015,06/30/2015,03/31/2015,12/31/2014,09/30/2014,06/30/2014,03/31/2014,12/31/2013,09/30/2013,06/30/2013,03/31/2013,12/31/2012,09/30/2012,06/30/2012,03/31/2012,12/31/2011,09/30/2011,06/30/2011,03/31/2011,12/31/2010,09/30/2010,06/30/2010,03/31/2010,12/31/2009,09/30/2009,06/30/2009,03/31/2009,12/31/2008,09/30/2008,06/30/2008,03/31/2008,12/31/2007,09/30/2007,06/30/2007,03/31/2007,12/31/2006,09/30/2006,06/30/2006,03/31/2006,12/31/2005,09/30/2005,06/30/2005,03/31/2005,12/31/2004,09/30/2004,06/30/2004,03/31/2004,12/31/2003,09/30/2003,06/30/2003,03/31/2003,12/31/2002,09/30/2002,06/30/2002,03/31/2002,12/31/2001,09/30/2001,06/30/2001,03/31/2001,12/31/2000,09/30/2000,06/30/2000,03/31/2000,12/31/1999,09/30/1999,06/30/1999,03/31/1999,12/31/1998,09/30/1998,06/30/1998,03/31/1998,12/31/1997,09/30/1997,06/30/1997,03/31/1997,12/31/1996,09/30/1996,06/30/1996,03/31/1996,12/31/1995,09/30/1995,06/30/1995,03/31/1995,12/31/1994,09/30/1994,06/30/1994,03/31/1994,12/31/1993,09/30/1993,06/30/1993,03/31/1993,12/31/1992,09/30/1992,06/30/1992,03/31/1992,12/31/1991,09/30/1991,06/30/1991,03/31/1991,12/31/1990,09/30/1990,06/30/1990,03/31/1990,12/31/1989,09/30/1989,06/30/1989,03/31/1989,12/31/1988,09/30/1988,06/30/1988,03/31/1988,12/31/1987,09/30/1987,06/30/1987,03/31/1987,12/31/1986,09/30/1986,06/30/1986,03/31/1986,12/31/1985,09/30/1985
TotalRevenue,"951,887,000","248,266,000","230,452,000","238,263,000","234,906,000","229,265,000","210,672,000","201,944,000","191,157,000","198,810,000","193,768,000","221,842,000","242,852,000","239,798,000","222,942,000","226,863,000","214,675,000","214,611,000","209,008,000","206,783,000","201,424,000","203,828,000","173,000,000","165,259,000","157,489,000","160,566,000","152,928,000","160,366,000","163,098,000","165,051,000","147,724,000","163,052,000","153,495,000","146,640,000","136,230,000","142,820,000","132,452,000","125,979,000","120,469,000","130,248,000","126,671,000","121,373,000","125,797,000","147,608,000","143,685,000","136,059,000","97,312,000","101,331,000","96,608,000","83,936,000","77,959,000","81,019,000","67,368,000","65,475,000","63,668,000","101,696,000","97,665,000","102,333,000","108,766,000","109,626,000","98,990,000","115,846,000","122,699,000","123,951,000","104,781,000","103,131,000","102,585,000","83,626,000","83,356,000","86,545,000","87,269,000","86,740,000","93,323,000","97,670,000","85,795,000","56,497,000","49,159,000","51,878,000","51,516,000","56,034,000","57,330,000","54,558,000","48,094,000","51,031,000","53,162,000","63,750,000","60,952,000","62,357,000","61,266,000","63,640,000","59,000,000","61,100,000","62,800,000","64,900,000","53,600,000","51,300,000","53,400,000","58,300,000","51,800,000","47,800,000","45,800,000","44,300,000","37,200,000","34,000,000","35,400,000","34,900,000","33,500,000","32,900,000","37,400,000","36,400,000","32,300,000","32,600,000","35,000,000","34,000,000","29,200,000","30,300,000","30,900,000","32,800,000","46,900,000","43,400,000","40,300,000","41,800,000","42,700,000","44,600,000","47,300,000","47,800,000","48,600,000","46,800,000","47,000,000","47,900,000","46,400,000","43,000,000","43,100,000","42,300,000","39,200,000","40,900,000","40,900,000","41,500,000","40,900,000","36,100,000","34,000,000","34,300,000","32,900,000","30,900,000","32,100,000","32,900,000","27,900,000","30,400,000"
	OperatingRevenue,"951,887,000","248,266,000","230,452,000","238,263,000","234,906,000","229,265,000","210,672,000","201,944,000","191,157,000","198,810,000","193,768,000","221,842,000","242,852,000","239,798,000","222,942,000","226,863,000","214,675,000","214,611,000","209,008,000","206,783,000","201,424,000","203,828,000","173,000,000","165,259,000","157,489,000","160,566,000","152,928,000","160,366,000","163,098,000","165,051,000","147,724,000","163,052,000","153,495,000","146,640,000","136,230,000","142,820,000","132,452,000","125,979,000","120,469,000","130,248,000","126,671,000","121,373,000","125,797,000","147,608,000","143,685,000","136,059,000","97,312,000","101,331,000","96,608,000","83,936,000","77,959,000","81,019,000","67,368,000","65,475,000","63,668,000","101,696,000","97,665,000","102,333,000","108,766,000","109,626,000","98,990,000","115,846,000","122,699,000","123,951,000","104,781,000","103,131,000","102,585,000","83,626,000","83,356,000","86,545,000","87,269,000","86,740,000","93,323,000","97,670,000","85,795,000","56,497,000","49,159,000","51,878,000","51,516,000","56,034,000","57,330,000","54,558,000","48,094,000","51,031,000","53,162,000","63,750,000","60,952,000","62,357,000","61,266,000","63,640,000","59,000,000","61,100,000","62,800,000","64,900,000","53,600,000","51,300,000","53,400,000","58,300,000","51,800,000","47,800,000","45,800,000","44,300,000","37,200,000","34,000,000","35,400,000","34,900,000","33,500,000","32,900,000","37,400,000","36,400,000","32,300,000","32,600,000","35,000,000","34,000,000","29,200,000","30,300,000","30,900,000","32,800,000","46,900,000","43,400,000","40,300,000","41,800,000","42,700,000","44,600,000","47,300,000","47,800,000","48,600,000","46,800,000","47,000,000","47,900,000","46,400,000","43,000,000","43,100,000","42,300,000","39,200,000","40,900,000","40,900,000","41,500,000","40,900,000","36,100,000","34,000,000","34,300,000","32,900,000","30,900,000","32,100,000","32,900,000","27,900,000","30,400,000"
CostOfRevenue,"606,853,000","162,872,000","152,299,000","146,609,000","145,073,000","139,766,000","129,969,000","126,426,000","121,188,000","133,180,000","129,565,000","142,975,000","157,024,000","154,404,000","144,567,000","147,733,000","138,003,000","138,005,000","133,517,000","124,595,000","120,878,000","123,478,000","106,151,000","103,330,000","97,290,000","100,058,000","100,040,000","100,836,000","102,509,000","102,696,000","89,389,000","98,504,000","96,357,000","92,721,000","85,435,000","91,634,000","88,023,000","84,690,000","77,997,000","87,288,000","89,799,000","84,932,000","86,939,000","97,689,000","95,495,000","93,948,000","65,040,000","64,496,000","59,273,000","53,677,000","54,253,000","56,422,000","50,325,000","51,546,000","45,569,000","69,612,000","66,278,000","69,940,000","75,029,000","78,448,000","82,805,000","80,648,000","88,587,000","85,446,000","70,784,000","66,844,000","71,364,000","59,307,000","58,979,000","63,141,000","63,439,000","62,430,000","61,657,000","64,285,000","57,175,000","37,791,000","34,433,000","35,390,000","33,663,000","38,571,000","39,634,000","38,315,000","33,483,000","35,239,000","37,361,000","43,096,000","40,361,000","41,662,000","41,194,000","42,493,000","38,700,000","39,900,000","43,400,000","43,600,000","36,200,000","35,900,000","37,900,000","40,000,000","35,900,000","31,900,000","29,900,000","29,400,000","25,400,000","21,800,000","22,600,000","21,700,000","22,200,000","21,500,000","23,700,000","23,300,000","18,300,000","21,800,000","24,000,000","22,800,000","20,500,000","20,000,000","21,000,000","20,700,000","35,600,000","33,200,000","30,100,000","30,800,000","31,700,000","34,000,000","34,200,000","34,100,000","35,200,000","34,700,000","34,700,000","34,800,000","34,400,000","31,500,000","30,700,000",,,,,,,,,,,,,,,
GrossProfit,"345,034,000","85,394,000","78,153,000","91,654,000","89,833,000","89,499,000","80,703,000","75,518,000","69,969,000","65,630,000","64,203,000","78,867,000","85,828,000","85,394,000","78,375,000","79,130,000","76,672,000","76,606,000","75,491,000","82,188,000","80,546,000","80,350,000","66,849,000","61,929,000","60,199,000","60,508,000","52,888,000","59,530,000","60,589,000","62,355,000","58,335,000","64,548,000","57,138,000","53,919,000","50,795,000","51,186,000","44,429,000","41,289,000","42,472,000","42,960,000","36,872,000","36,441,000","38,858,000","49,919,000","48,190,000","42,111,000","32,272,000","36,835,000","37,335,000","30,259,000","23,706,000","24,597,000","17,043,000","13,929,000","18,099,000","32,084,000","31,387,000","32,393,000","33,737,000","31,178,000","16,185,000","35,198,000","34,112,000","38,505,000","33,997,000","36,287,000","31,221,000","24,319,000","24,377,000","23,404,000","23,830,000","24,310,000","31,666,000","33,385,000","28,620,000","18,706,000","14,726,000","16,488,000","17,853,000","17,463,000","17,696,000","16,243,000","14,611,000","15,792,000","15,801,000","20,654,000","20,591,000","20,695,000","20,072,000","21,147,000","20,300,000","21,200,000","19,400,000","21,300,000","17,400,000","15,400,000","15,500,000","18,300,000","15,900,000","15,900,000","15,900,000","14,900,000","11,800,000","12,200,000","12,800,000","13,200,000","11,300,000","11,400,000","13,700,000","13,100,000","14,000,000","10,800,000","11,000,000","11,200,000","8,700,000","10,300,000","9,900,000","12,100,000","11,300,000","10,200,000","10,200,000","11,000,000","11,000,000","10,600,000","13,100,000","13,700,000","13,400,000","12,100,000","12,300,000","13,100,000","12,000,000","11,500,000","12,400,000",,,,,,,,,,,,,,,
OperatingExpense,"239,437,000","65,965,000","65,604,000","55,417,000","52,451,000","49,585,000","57,164,000","57,315,000","48,844,000","48,135,000","49,914,000","48,457,000","51,858,000","51,772,000","55,594,000","48,436,000","50,907,000","45,140,000","55,700,000","46,026,000","46,708,000","41,126,000","48,265,000","38,783,000","41,443,000","36,409,000","40,298,000","36,475,000","40,079,000","42,255,000","38,584,000","36,159,000","40,919,000","32,462,000","34,826,000","30,946,000","31,797,000","30,475,000","31,198,000","31,093,000","26,966,000","29,741,000","29,004,000","33,301,000","33,012,000","30,520,000","29,653,000","25,585,000","29,588,000","24,517,000","20,477,000","20,202,000","23,053,000","22,212,000","29,415,000","26,234,000","24,770,000","23,682,000","26,809,000","22,451,000","23,611,000","24,979,000","22,261,000","21,511,000","31,525,000","23,346,000","-1,121,000","17,266,000","40,329,000","19,460,000","21,578,000","18,859,000","18,328,000","19,536,000","18,752,000","13,753,000","11,925,000","12,539,000","12,633,000","12,985,000","13,739,000","13,574,000","12,746,000","12,924,000","12,877,000","13,270,000","13,985,000","12,968,000","12,955,000","13,114,000","14,300,000","15,000,000","14,100,000","14,500,000","10,600,000","11,800,000","12,300,000","12,100,000","11,000,000","10,300,000","11,000,000","10,000,000","8,500,000","9,100,000","9,200,000","9,500,000","8,600,000","8,800,000","9,700,000","9,700,000","11,600,000","8,100,000","8,500,000","8,500,000","6,800,000","8,600,000","7,700,000","9,600,000","36,700,000","10,500,000","10,400,000","10,500,000","13,900,000","11,500,000","11,700,000","12,300,000","11,400,000","11,000,000","18,900,000","12,000,000","10,500,000","10,400,000","11,000,000",,,,,,,,,,,,,,,
	SellingGeneralAndAdministration,"208,445,000","57,705,000","57,895,000","47,886,000","44,959,000","42,413,000","50,029,000","50,230,000","41,694,000","40,330,000","41,333,000","40,448,000","43,649,000","43,252,000","40,966,000","39,943,000","42,540,000","40,597,000","47,665,000","38,615,000","39,567,000","34,165,000","40,599,000","31,489,000","34,369,000","29,860,000","33,100,000","29,190,000","33,026,000","36,147,000","32,965,000","30,182,000","34,499,000","27,599,000","30,063,000","25,582,000","25,547,000","25,206,000","26,572,000","26,255,000","22,468,000","24,393,000","25,023,000","27,860,000","26,837,000","24,499,000","24,078,000","20,793,000","23,709,000","20,974,000","16,608,000","16,390,000","18,809,000","16,742,000","24,503,000","20,498,000","18,830,000","18,385,000","19,452,000","16,874,000","17,568,000","19,291,000","15,883,000","15,495,000","14,244,000","17,385,000","14,083,000","12,369,000","35,152,000","14,400,000","16,067,000","13,447,000","13,402,000","14,895,000","14,219,000","10,269,000","9,115,000","9,701,000","9,559,000","9,568,000","10,099,000","10,109,000","9,599,000","9,591,000","9,912,000","10,145,000","10,609,000","10,026,000","9,709,000","10,185,000","9,600,000","9,700,000","8,600,000","8,900,000","6,900,000","6,400,000","7,500,000","7,300,000","7,900,000","6,400,000","6,200,000","5,600,000","7,600,000","7,400,000","7,700,000","7,800,000","7,500,000","7,300,000","8,100,000","8,100,000","9,900,000","6,400,000","6,800,000","6,800,000","5,700,000","6,700,000","6,000,000","7,100,000","33,900,000","7,800,000","7,600,000","7,600,000","11,400,000","8,700,000","8,700,000","8,900,000","8,800,000","8,200,000","15,900,000","9,200,000","8,100,000","7,800,000","8,300,000",,,,,,,,,,,,,,,
	ResearchAndDevelopment,"30,992,000","8,260,000","7,709,000","7,531,000","7,492,000","7,172,000","7,135,000","7,085,000","7,295,000","7,805,000","8,403,000","7,830,000","7,843,000","7,609,000","8,561,000","7,630,000","8,750,000","8,134,000","8,035,000","7,411,000","7,141,000","6,961,000","7,666,000","7,294,000","7,074,000","6,549,000","7,198,000","7,285,000","7,053,000","6,108,000","5,619,000","5,977,000","6,420,000","4,863,000","4,763,000","5,364,000","6,250,000","5,269,000","4,626,000","4,838,000","4,498,000","5,348,000","3,981,000","5,441,000","6,175,000","6,021,000","5,575,000","4,792,000","5,879,000","3,543,000","3,869,000","3,812,000","4,244,000","5,470,000","4,912,000","5,736,000","5,940,000","5,297,000","7,357,000","5,577,000","6,043,000","5,688,000","6,378,000","6,016,000","6,009,000","5,961,000","4,826,000","4,897,000","5,177,000","5,060,000","5,511,000","5,412,000","4,926,000","4,641,000","4,533,000","3,484,000","2,810,000","2,837,000","3,074,000","3,417,000","3,640,000","3,465,000","3,147,000","3,333,000","2,965,000","3,125,000","3,376,000","2,942,000","3,246,000","2,929,000","3,100,000","2,500,000","2,500,000","2,600,000","2,300,000","2,900,000","2,500,000","2,600,000","2,200,000","2,400,000","2,500,000","2,500,000",,,,,,,,,,,,,,,,,,,,,,,,,,,,,,,,,,,,,,,,,,,,,,
	DepreciationAmortizationDepletionIncomeStatement,,,,,,,"0","0","0","0","178,000","179,000","366,000",,,,,,,,,,,,,,,,,,,,,,,,,,,,,,,,,,,,,,,,,,,,,,,,,,,,,,,,,,,,,,,,,,,,,,,,,,,,,,"1,600,000","2,800,000","3,000,000","3,000,000","1,400,000","2,500,000","2,300,000","2,200,000","900,000","1,500,000","2,300,000","1,900,000","900,000","1,700,000","1,500,000","1,700,000","1,100,000","1,500,000","1,600,000","1,600,000","1,700,000","1,700,000","1,700,000","1,700,000","1,100,000","1,900,000","1,700,000","2,500,000","2,800,000","2,700,000","2,800,000","2,900,000","2,500,000","2,800,000","3,000,000","3,400,000","2,600,000","2,800,000","3,000,000","2,800,000","2,400,000","2,600,000","2,700,000",,,,,,,,,,,,,,,
		DepreciationAndAmortizationInIncomeStatement,,,,,,,"0","0","0","0","178,000","179,000","366,000",,,,,,,,,,,,,,,,,,,,,,,,,,,,,,,,,,,,,,,,,,,,,,,,,,,,,,,,,,,,,,,,,,,,,,,,,,,,,,"1,600,000","2,800,000","3,000,000","3,000,000","1,400,000","2,500,000","2,300,000","2,200,000","900,000","1,500,000","2,300,000","1,900,000","900,000","1,700,000","1,500,000","1,700,000","1,100,000","1,500,000","1,600,000","1,600,000","1,700,000","1,700,000","1,700,000","1,700,000","1,100,000","1,900,000","1,700,000","2,500,000","2,800,000","2,700,000","2,800,000","2,900,000","2,500,000","2,800,000","3,000,000","3,400,000","2,600,000","2,800,000","3,000,000","2,800,000","2,400,000","2,600,000","2,700,000",,,,,,,,,,,,,,,
			DepreciationIncomeStatement,,,,,,,"0","0","0","0","178,000","179,000","366,000",,,,,,,,,,,,,,,,,,,,,,,,,,,,,,,,,,,,,,,,,,,,,,,,,,,,,,,,,,,,,,,,,,,,,,,,,,,,,,,,,,,,,,,,,,,,,,,,,,,,,,,,,,,,,,,,,,,,,,,,,,,,,,,,,,,,,,,
	OtherOperatingExpenses,,,"1,794,000","1,431,000","890,000",,"0","-4,000","-145,000","20,000","-116,000","124,000","40,000","911,000","2,555,000","863,000","-383,000","-3,591,000",,,,,,,,,,,,,,,,,,,,,,,,,,,,,,,,,,,,,,,,,,,,,"0",,"11,272,000",,,,,,,,,,,,,"1,000",,,,,,,,,,,,,,,,,,,,,,,,,,,,,,,,,,,,,,,,,,,,,,,,,,,,,,,,,,,,,,,,,,,,,,
OperatingIncome,"105,597,000","19,429,000","12,549,000","36,237,000","37,382,000","39,914,000","23,539,000","18,203,000","21,125,000","17,495,000","14,289,000","30,410,000","33,970,000","33,622,000","22,781,000","30,694,000","25,765,000","31,466,000","19,791,000","36,162,000","33,838,000","39,224,000","18,584,000","23,146,000","18,756,000","24,099,000","12,590,000","23,055,000","20,510,000","20,100,000","19,751,000","28,389,000","16,219,000","21,457,000","15,969,000","20,240,000","12,632,000","10,814,000","11,274,000","11,867,000","9,906,000","6,700,000","9,854,000","16,618,000","15,178,000","11,591,000","2,619,000","11,250,000","7,747,000","5,742,000","3,229,000","4,395,000","-6,010,000","-8,283,000","-11,316,000","5,850,000","6,617,000","8,711,000","6,928,000","8,727,000","-7,426,000","10,219,000","11,851,000","16,994,000","2,472,000","12,941,000","32,342,000","7,053,000","-15,952,000","3,944,000","2,252,000","5,451,000","13,338,000","13,849,000","9,868,000","4,953,000","2,801,000","3,949,000","5,220,000","4,478,000","3,957,000","2,669,000","1,865,000","2,868,000","2,924,000","7,384,000","6,606,000","7,727,000","7,117,000","8,033,000","6,000,000","6,200,000","5,300,000","6,800,000","6,800,000","3,600,000","3,200,000","6,200,000","4,900,000","5,600,000","4,900,000","4,900,000","3,300,000","3,100,000","3,600,000","3,700,000","2,700,000","2,600,000","4,000,000","3,400,000","2,400,000","2,700,000","2,500,000","2,700,000","1,900,000","1,700,000","2,200,000","2,500,000","-25,400,000","-300,000","-200,000","500,000","-2,900,000","-900,000","1,400,000","1,400,000","2,000,000","1,100,000","-6,600,000","1,100,000","1,500,000","1,100,000","1,400,000","42,300,000","-120,600,000","40,900,000","40,900,000","41,500,000","-98,900,000","36,100,000","34,000,000","34,300,000","-92,300,000","30,900,000","32,100,000","32,900,000","-97,200,000","30,400,000"
NetNonOperatingInterestIncomeExpense,"-2,998,000","-1,069,000","-1,084,000","-441,000","-404,000","-608,000","-596,000","-3,553,000","-1,779,000","-1,207,000","-1,146,000","-1,747,000","-2,038,000","-1,938,000","-2,126,000","-2,000,000","-1,292,000","-1,210,000","-1,297,000","-1,639,000","-1,947,000","-1,248,000","-883,000","-811,000","-1,115,000","-1,121,000","-1,045,000","-1,126,000","-1,304,000","-1,006,000","-779,000","-698,000","-720,000","-748,000","-865,000","-881,000","-830,000","-905,000","-938,000","-1,104,000","-1,072,000","-1,190,000","-1,027,000","-1,040,000","-1,265,000","-1,579,000","10,000","70,000","-3,000","107,000","9,000","81,000","111,000","176,000",,,,,,,,,,,,,,,,,,,,,,,,,,,,,,,,,,,,,,,,,,,,,,,,,,,,,,,,,,,,,,,,,,,,,,,,,,,,,,,,,,,,,,,,,,,,,,
	InterestIncomeNonOperating,"454,000","108,000","132,000","64,000","150,000","195,000","215,000","135,000","269,000","320,000",,,,,,,,,,,,,,,,,,,,,,,,,,,,,,,,,,,,,,,,"107,000",,"81,000",,,,,,,,,,,,,,,,,,,,,,,,,,,,,,,,,,,,,,,,,,,,,,,,,,,,,,,,,,,,,,,,,,,,,,,,,,,,,,,,,,,,,,,,,,,,,,,,
	InterestExpenseNonOperating,"2,737,000","998,000","1,037,000","327,000","375,000","624,000","632,000","3,550,000","1,910,000","1,389,000",,,,,,,,,,,,,,,,,,,,,,,,,,,,,,,,,,,,,,,,,,,,,,,,,,,,,,,,,,,,,,,,,,,,,,,,,,,,,,,,,,,,,,,,,,,,,,,,,,,,,,,,,,,,,,,,,,,,,,,,,,,,,,,,,,,,,,,,,,
	TotalOtherFinanceCost,"715,000","179,000","179,000","178,000","179,000","179,000","179,000","138,000","138,000","138,000","-5,171,000","1,747,000","2,038,000","1,938,000","2,126,000","2,000,000","1,292,000","1,210,000","1,297,000","1,639,000","1,947,000","1,248,000","883,000","811,000","1,115,000","1,121,000","1,045,000","1,126,000","1,304,000","1,006,000","779,000","698,000","720,000","748,000","865,000","881,000","830,000","905,000","938,000","1,104,000","1,072,000","1,190,000","1,027,000","1,040,000","1,265,000","1,579,000","-10,000","-70,000","3,000","-107,000",,"-81,000","-111,000","-176,000",,,,,,,,,,,,,,,,,,,,,,,,,,,,,,,,,,,,,,,,,,,,,,,,,,,,,,,,,,,,,,,,,,,,,,,,,,,,,,,,,,,,,,,,,,,,,,
OtherIncomeExpense,"2,310,000","2,004,000","442,000","-1,668,000","1,532,000","2,428,000","353,000","-7,026,000","1,568,000","412,000","-51,354,000","55,000","-416,000","1,419,000","4,721,000","-90,000","1,229,000","651,000","1,992,000","6,405,000","-298,000","1,941,000","-916,000","1,574,000","899,000","67,000","-6,385,000","121,000","-125,000","790,000","-4,079,000","846,000","986,000","-214,000","-3,712,000","422,000","-3,940,000","-60,000","-3,443,000","26,000","736,000","-10,112,000","986,000","1,357,000","1,632,000","2,781,000","5,512,000","1,465,000","2,692,000","2,975,000","-1,585,000","2,310,000","-14,248,000","-3,242,000","5,093,000","3,158,000","2,566,000","1,479,000","2,901,000","1,980,000","-1,423,000","1,855,000","4,131,000","2,137,000","-8,694,000","2,872,000","265,000","1,000,000","-321,000","2,573,000","3,741,000","3,132,000","2,375,000","2,381,000","1,985,000","3,438,000","4,092,000","3,628,000","1,496,000","2,435,000","2,173,000","2,607,000","2,421,000","1,663,000","-245,000","2,119,000","3,842,000","1,938,000","1,846,000","212,000","1,200,000","100,000","700,000","-300,000","-1,400,000","200,000","600,000","100,000","100,000","400,000","700,000","500,000","1,300,000","1,000,000","900,000","500,000","800,000","600,000","300,000","800,000","900,000","300,000","300,000",,"400,000","500,000","200,000",,"-1,700,000","700,000","1,000,000","500,000","-500,000","500,000","300,000","600,000","300,000","600,000","500,000","500,000","700,000",,"200,000",,,,,,,,,,,,,,,
	GainOnSaleOfSecurity,"-423,000",,,,,,,,"-336,000","-86,000",,,,,,,,,,,,,,,,,,,,,,,,,,,,,"0",,,"-3,245,000","7,000","-235,000","29,000","2,000",,,,,,,,,,,,,,,,,,,,,,,,,,,,,,,,,,,,,,,,,,,,,,,,,,,,,,,,,,,,,,,,,,,,,,,,,,,,,,,,,,,,,,,,,,,,,,,,,,,,,,
	EarningsFromEquityInterest,"6,126,000","1,275,000","1,148,000","1,773,000","1,930,000","2,181,000","1,700,000","937,000","1,022,000","1,218,000","1,242,000","1,498,000","1,742,000","837,000","1,048,000","1,642,000","1,804,000","1,007,000","1,539,000","1,384,000","966,000","1,009,000","1,926,000","898,000","708,000","613,000","703,000","877,000","392,000","919,000","1,131,000","953,000","1,062,000","977,000","1,281,000","1,754,000","762,000","529,000","1,008,000","1,773,000","1,305,000","657,000","1,410,000","1,290,000","1,323,000","1,428,000","2,310,000","2,373,000","1,757,000","2,218,000","1,968,000","2,287,000","1,579,000","-372,000","1,091,000","2,536,000","1,517,000","1,093,000","3,235,000","2,110,000","1,474,000","1,268,000","2,592,000","1,437,000","1,644,000","2,889,000","3,248,000","601,000","-331,000","1,732,000",,,"1,897,000","1,289,000",,,,,,,,,,,,,,,,,,,,,,,,,,,,,,,,,,,,,,,,,,,,,,,,,,,,,,,,,,,,,,,,,,,,,,,,,,
	SpecialIncomeCharges,"-6,251,000","462,000","-2,104,000","-2,972,000","-1,637,000","-2,721,000","-3,566,000","-9,409,000","-88,000","-20,000","-52,976,000","-582,000","-1,086,000","-822,000","3,072,000","-1,052,000","-541,000","-422,000","-800,000","3,425,000","-1,079,000","217,000","-734,000",,,,"0",,,,"-5,390,000","0","0",,"-4,620,000","-1,231,000","-4,525,000","0","-4,243,000","-1,747,000","-569,000","-7,524,000","-431,000","302,000","280,000","1,351,000","3,202,000","-908,000","935,000","757,000","-3,553,000","23,000","-15,827,000","-2,870,000","4,002,000","622,000","1,049,000","386,000","-334,000","-130,000","-2,897,000","587,000","1,539,000","700,000","-10,338,000","-17,000","-2,983,000","399,000","10,000","841,000","-2,356,000","3,132,000","478,000","1,092,000","-4,586,000","3,438,000","4,092,000","3,628,000","1,496,000","2,435,000","2,173,000","2,607,000","2,421,000","1,663,000","-245,000","2,119,000","3,842,000","1,938,000","1,846,000","212,000","1,200,000","100,000","700,000","-300,000","-1,400,000","200,000","600,000","100,000","100,000","400,000","700,000","500,000","1,300,000","1,000,000","900,000","500,000","800,000","600,000","300,000","800,000","900,000","300,000","300,000",,"400,000","500,000","200,000",,"-1,700,000","700,000","1,000,000","500,000","-500,000","500,000","300,000","600,000","300,000","600,000","500,000","500,000","700,000",,"200,000",,,,,,,,,,,,,,,
		RestructuringAndMergernAcquisition,"1,678,000","69,000","240,000","622,000","747,000","1,506,000","3,321,000","9,027,000",,"0","-2,252,000","580,000","1,083,000","822,000","1,323,000","1,052,000","541,000","422,000","800,000","962,000","1,079,000","725,000","734,000",,,,"0",,,,"5,390,000","0","0",,"4,620,000","1,231,000","4,525,000","0","4,102,000","1,766,000","830,000","7,384,000","441,000",,,,"0","0","0","0","4,792,000","189,000","15,127,000","2,795,000",,,,,"255,000","202,000","3,082,000",,,,,,,,,,,,,,,,,,,,,,"0",,"1,995,000",,,,,,,,,,,,,,,,,,,,,,,,,,,,,,,,,,,,,,,,,,,,,,,,,,,,,,,,,,,,,,,
		ImpairmentOfCapitalAssets,,,"70,000","385,000",,,,,,,,,,,,,,,,,,,,,,,,,,,,,,,,,,,,,,,,,,,"286,000","149,000","120,000","38,000",,,"472,000",,,,,,,,,,,,,,,,,,,,,,,,,,,,,,,,,,,,,,,,,,,,,,,,,,,,,,,,,,,,,,,,,,,,,,,,,,,,,,,,,,,,,,,,,,,,,,,
		WriteOff,,,,"0",,,"-334,000","386,000","0","0",,,,,,,,,,,,,,,,,,,,,,,,,,,,,,,,,,,,,,,,,,,,,,,,,,,,,,,,,,,,,,,,,,,,,,,,,,,,,,,,,,,,,,,,,,,,,,,,,,,,,,,,,,,,,,,,,,,,,,,,,,,,,,,,,,,,,,,,,,
		OtherSpecialCharges,"4,924,000","-516,000","2,001,000","1,956,000","1,483,000","1,304,000","0",,"55,000",,"53,213,000",,,,,,,,,,,,,,,,,,,,,,,,,,,,,"-19,000","-261,000","140,000","-15,000",,,,"-315,000","759,000","-1,055,000","-795,000","-6,332,000","-212,000","228,000","75,000",,,,,"79,000","-72,000","-185,000",,,,,,,,,,,,,,,,,,,,,,"-2,421,000",,"-1,750,000",,,,,,,,,,,,,,,,,,,,,,,,,,,,,,,,,,,,,,,,,,,,,,,,,,,,,,,,,,,,,,,
		GainOnSaleOfPPE,"806,000","15,000","207,000","-9,000","593,000","89,000","8,000","4,000","-33,000","-20,000","-478,000","-2,000","-3,000",,,,,,"0","4,387,000","0","942,000",,,,,,,,,,,,,,,,,,,,,,,,,,,,,,,,,,,,,,,,,,,,,,,,,,,,,,,,,,,,,,,,,,,,,,,,,,,,,,,,,,,,,,,,,,,,,,,,,,,,,,,,,,,,,,,,,,,,,,,,,,,,,,
	OtherNonOperatingIncomeExpenses,"2,435,000","267,000","1,398,000","-469,000","1,239,000","2,968,000","2,219,000","1,446,000","634,000","-786,000","380,000","-861,000","-1,072,000","1,404,000","601,000","-680,000","-34,000","66,000","1,253,000","1,596,000","-185,000","715,000","-2,108,000","676,000","191,000","-546,000","-7,088,000","-756,000","-517,000","-129,000","180,000","-107,000","-76,000","-1,191,000","-373,000","-101,000","-177,000","-589,000","-348,000",,,,,,,,,,,,,,,,,,,,,,,,,,,,,,,,,,,,,,,,,,,,,,,,,,,,,,,,,,,,,,,,,,,,,,,,,,,,,,,,,,,,,,,,,,,,,,,,,,,,,,,,,,,,,
PretaxIncome,"104,909,000","20,364,000","11,907,000","34,128,000","38,510,000","41,735,000","23,296,000","7,624,000","20,914,000","16,700,000","-38,211,000","28,718,000","31,516,000","33,103,000","25,376,000","28,604,000","25,702,000","30,907,000","20,486,000","40,928,000","31,593,000","39,917,000","16,785,000","23,909,000","18,540,000","23,045,000","5,160,000","22,050,000","19,081,000","19,884,000","14,893,000","28,537,000","16,485,000","20,495,000","11,392,000","19,781,000","7,862,000","9,849,000","6,893,000","10,789,000","9,570,000","-4,602,000","9,813,000","16,935,000","15,545,000","12,793,000","8,141,000","12,785,000","10,436,000","8,824,000","1,653,000","6,786,000","-17,239,000","-11,349,000","-5,340,000","9,602,000","9,798,000","11,045,000","10,572,000","11,156,000","-8,389,000","12,499,000","16,750,000","19,738,000","5,679,000","16,163,000","12,932,000","8,247,000","-16,139,000","6,745,000","6,122,000","8,314,000","15,735,000","16,308,000","11,994,000","8,439,000","6,949,000","7,652,000","6,747,000","6,842,000","6,041,000","5,179,000","4,073,000","4,599,000","2,705,000","9,602,000","10,471,000","9,769,000","9,073,000","8,321,000","6,900,000","6,400,000","6,000,000","6,500,000","5,400,000","3,800,000","3,700,000","6,300,000","4,900,000","5,900,000","5,600,000","5,500,000","4,600,000","4,100,000","4,500,000","4,300,000","3,500,000","3,200,000","4,400,000","4,200,000","2,900,000","2,900,000","2,500,000","2,400,000",,,,,,"-200,000",,"200,000","-4,300,000","-1,100,000","800,000","1,200,000","1,600,000","900,000","-6,900,000","800,000","800,000",,"600,000",,,,,,,,,,,,,,,
TaxProvision,"11,394,000","3,764,000","-11,224,000","8,999,000","9,855,000","10,517,000","8,091,000","618,000","6,394,000","3,441,000","-9,451,000","5,331,000","7,223,000","4,704,000","924,000","8,870,000","8,373,000","4,771,000","13,487,000","15,396,000","10,697,000","12,885,000","4,872,000","7,844,000","13,163,000","8,117,000","-1,539,000","9,595,000","5,541,000","6,257,000","7,880,000","8,149,000","5,583,000","5,915,000","-135,000","6,209,000","2,279,000","2,873,000","1,489,000","-48,187,000","3,115,000","-2,902,000","1,926,000","2,579,000","3,417,000","3,359,000","-2,407,000","3,929,000","2,123,000","1,970,000","-5,397,000","455,000","50,294,000","-2,631,000","-4,296,000","1,657,000","2,902,000","3,225,000","2,576,000","2,060,000","-4,059,000","2,988,000","4,077,000","2,559,000","1,682,000","3,556,000","1,020,000","31,000","-7,325,000","1,620,000","-3,483,000","2,153,000","3,934,000","4,077,000","2,999,000","2,110,000","1,737,000","1,913,000","1,325,000","2,072,000","1,510,000","1,295,000","173,000","1,380,000","811,000","2,881,000","3,037,000","2,833,000","2,631,000","2,413,000","1,900,000","1,800,000","1,700,000","1,800,000","1,400,000","1,100,000","1,100,000","1,800,000","900,000","1,600,000","1,500,000","1,500,000","800,000","800,000","1,000,000","1,000,000","400,000","400,000","700,000","700,000","200,000","200,000","100,000","100,000",,,,,,"-100,000",,"100,000","-1,300,000","-500,000","300,000","400,000","700,000","200,000","-2,300,000","300,000","200,000",,"200,000",,,,,,,,,,,,,,,
NetIncomeCommonStockholders,"93,515,000","16,600,000","23,131,000","25,129,000","28,655,000","31,218,000","15,205,000","7,006,000","14,520,000","13,259,000","-28,760,000","23,387,000","24,293,000","28,399,000","24,452,000","19,734,000","17,329,000","26,136,000","6,999,000","25,532,000","20,896,000","27,032,000","11,913,000","16,065,000","5,377,000","14,928,000","6,699,000","12,455,000","13,540,000","13,627,000","7,013,000","20,388,000","10,902,000","14,580,000","11,527,000","13,572,000","5,565,000","7,096,000","5,063,000","58,976,000","6,455,000","-1,808,000","1,136,000","14,356,000","12,128,000","9,434,000","10,548,000","8,856,000","8,313,000","6,854,000","7,050,000","6,331,000","-67,533,000","-8,718,000","3,854,000","7,945,000","6,896,000","7,820,000","7,993,000","8,950,000","-4,330,000","9,511,000","12,673,000","17,179,000","3,997,000","12,607,000","11,912,000","8,216,000","-8,814,000","5,125,000","9,605,000","6,461,000","11,801,000","12,231,000","8,995,000","6,329,000","5,212,000","5,739,000","5,422,000","4,770,000","4,531,000","3,884,000","3,900,000","3,219,000","1,894,000","6,721,000","7,434,000","6,936,000","6,442,000","5,908,000","5,000,000","4,600,000","4,300,000","4,700,000","4,000,000","2,700,000","2,600,000","4,500,000","4,000,000","4,300,000","4,100,000","4,000,000","3,800,000","3,300,000","3,500,000","3,300,000","3,100,000","2,800,000","3,700,000","3,500,000","2,700,000","2,700,000","2,400,000","2,300,000","1,700,000","1,700,000","1,600,000","1,600,000","-32,700,000","-100,000","100,000","100,000","-3,000,000","-600,000","500,000","800,000","900,000","700,000","-4,600,000","500,000","600,000","200,000","400,000",,,,,,,,,,,,,,,
	NetIncome,"93,515,000","16,600,000","23,131,000","25,129,000","28,655,000","31,218,000","15,205,000","7,006,000","14,520,000","13,259,000","-28,760,000","23,387,000","24,293,000","28,399,000","24,452,000","19,734,000","17,329,000","26,136,000","6,999,000","25,532,000","20,896,000","27,032,000","11,913,000","16,065,000","5,377,000","14,928,000","6,699,000","12,455,000","13,540,000","13,627,000","7,013,000","20,388,000","10,902,000","14,580,000","11,527,000","13,572,000","5,565,000","7,096,000","5,063,000","58,976,000","6,455,000","-1,808,000","1,136,000","14,356,000","12,128,000","9,434,000","10,548,000","8,856,000","8,313,000","6,854,000","7,050,000","6,331,000","-67,533,000","-8,718,000","3,854,000","7,945,000","6,896,000","7,820,000","7,993,000","8,950,000","-4,330,000","9,511,000","12,673,000","17,179,000","3,997,000","12,607,000","11,912,000","8,216,000","-8,814,000","5,125,000","9,605,000","6,461,000","11,801,000","12,231,000","8,995,000","6,329,000","5,212,000","5,739,000","5,422,000","4,770,000","4,531,000","3,884,000","3,900,000","3,219,000","1,894,000","6,721,000","7,434,000","6,936,000","6,442,000","5,908,000","5,000,000","4,600,000","4,300,000","4,700,000","4,000,000","2,700,000","2,600,000","4,500,000","4,000,000","4,300,000","4,100,000","4,000,000","3,800,000","3,300,000","3,500,000","3,300,000","3,100,000","2,800,000","3,700,000","3,500,000","2,700,000","2,700,000","2,400,000","2,300,000","1,700,000","1,700,000","1,600,000","1,600,000","-32,700,000","-100,000","100,000","100,000","-3,000,000","-600,000","500,000","800,000","900,000","700,000","-4,600,000","500,000","600,000","200,000","400,000",,,,,,,,,,,,,,,
		NetIncomeIncludingNoncontrollingInterests,"93,515,000","16,600,000","23,131,000","25,129,000","28,655,000","31,218,000","15,205,000","7,006,000","14,520,000","13,259,000","-28,760,000","23,387,000","24,293,000","28,399,000","24,452,000","19,734,000","17,329,000","26,136,000","6,999,000","25,532,000","20,896,000","27,032,000","11,913,000","16,065,000","5,377,000","14,928,000","6,699,000","12,455,000","13,540,000","13,627,000","7,013,000","20,388,000","10,902,000","14,580,000","11,527,000","13,572,000","5,565,000","7,096,000","5,063,000","58,976,000","6,455,000","-1,808,000","1,136,000","14,356,000","12,128,000","9,434,000","10,548,000","8,856,000","8,313,000","6,854,000","7,050,000","6,331,000","-67,533,000","-8,718,000","3,854,000","7,945,000","6,896,000","7,820,000","7,993,000","8,950,000","-4,330,000","9,511,000","12,673,000","17,179,000","3,997,000","12,607,000","11,912,000","8,216,000","-8,814,000","5,125,000","9,605,000","6,461,000","11,801,000","12,231,000","8,995,000","6,329,000","5,212,000","5,739,000","5,422,000","4,770,000","4,531,000","3,884,000","3,900,000","3,219,000","1,894,000","6,721,000","7,434,000","6,936,000","6,442,000","5,908,000","5,000,000","4,600,000","4,300,000","4,700,000","4,000,000","2,700,000","2,600,000","4,500,000","4,000,000","4,300,000","4,100,000","4,000,000","3,800,000","3,300,000","3,500,000","3,300,000","3,100,000","2,800,000","3,700,000","3,500,000","2,700,000","2,700,000","2,400,000","2,300,000","1,700,000","1,700,000","1,600,000","1,600,000","-32,700,000","-100,000","100,000","100,000","-3,000,000","-600,000","500,000","800,000","900,000","700,000","-4,600,000","500,000","600,000","200,000","400,000","300,000","-1,200,000","300,000","900,000","1,000,000","1,200,000","900,000","600,000","700,000","1,100,000","600,000","400,000","100,000","-400,000","-700,000"
			NetIncomeContinuousOperations,"93,515,000","16,600,000","23,131,000","25,129,000","28,655,000","31,218,000","15,205,000","7,006,000","14,520,000","13,259,000","-28,760,000","23,387,000","24,293,000","28,399,000","24,452,000","19,734,000","17,329,000","26,136,000","6,999,000","25,532,000","20,896,000","27,032,000","11,913,000","16,065,000","5,377,000","14,928,000","6,699,000","12,455,000","13,540,000","13,627,000","7,013,000","20,388,000","10,902,000","14,580,000","11,527,000","13,572,000","5,583,000","6,976,000","5,404,000","58,976,000","6,455,000","-1,700,000","7,887,000","14,356,000","12,128,000","9,434,000","10,548,000","8,856,000","8,313,000","6,854,000","7,050,000","6,331,000","-67,533,000","-8,718,000","-1,044,000","7,945,000","6,896,000","7,820,000","7,996,000","9,096,000","-4,330,000","9,511,000","12,673,000","17,179,000","3,997,000","12,607,000","11,912,000","8,216,000","-8,814,000","5,125,000","9,605,000","6,461,000","11,801,000","12,231,000","8,995,000","6,329,000","5,212,000","5,739,000","5,422,000","4,770,000","4,531,000","3,884,000","3,900,000","3,219,000","1,894,000","6,721,000","7,434,000","6,936,000","6,442,000","5,908,000","5,000,000","4,600,000","4,300,000","4,700,000","4,000,000","2,700,000","2,600,000","4,500,000","4,000,000","4,300,000","4,100,000","4,000,000","3,800,000","3,300,000","3,500,000","3,300,000","3,100,000","2,800,000","3,700,000","3,500,000","2,700,000","2,700,000","2,400,000","2,300,000","1,700,000","1,700,000","1,600,000","1,600,000","-26,500,000","-100,000","100,000","100,000","-3,000,000","-600,000","500,000","800,000","900,000","700,000","-4,600,000","500,000","600,000","200,000","400,000","300,000","-1,200,000","300,000","900,000","1,000,000","1,200,000","900,000","600,000","700,000","1,100,000","600,000","400,000","100,000","-400,000","-700,000"
			NetIncomeDiscontinuousOperations,,,,,,,,,,,,,,,,,,,,,,,,,,,,,,,"0","0","0","0","0","0","-18,000","120,000","-341,000","0","0","-108,000","-2,512,000",,,,,,,,"0","0","0","0",,,,,"-3,000","-146,000",,,,,,,,,,,,,,,,,,,,,,,,,,,,,,,,,,,,,,,,,,,,,,,,,,,,,,,,,,,,,,,,,,,,,,,,,,,,,,,,,,,,,,,,
DilutedNIAvailtoComStockholders,"93,515,000","16,600,000","23,131,000","25,129,000","28,655,000","31,218,000","15,205,000","7,006,000","14,520,000","13,259,000","-28,760,000","23,387,000","24,293,000","28,399,000","24,452,000","19,734,000","17,329,000","26,136,000","6,999,000","25,532,000","20,896,000","27,032,000","11,913,000","16,065,000","5,377,000","14,928,000","6,699,000","12,455,000","13,540,000","13,627,000","7,013,000","20,388,000","10,902,000","14,580,000","11,527,000","13,572,000","5,565,000","7,096,000","5,063,000","58,976,000","6,455,000","-1,808,000","1,136,000","14,356,000","12,128,000","9,434,000","10,548,000","8,856,000","8,313,000","6,854,000","7,050,000","6,331,000","-67,533,000","-8,718,000","3,854,000","7,945,000","6,896,000","7,820,000","7,993,000","8,950,000","-4,330,000","9,511,000","12,673,000","17,179,000","3,997,000","12,607,000","11,912,000","8,216,000","-8,814,000","5,125,000","9,605,000","6,461,000","11,801,000","12,231,000","8,995,000","6,329,000","5,212,000","5,739,000","5,422,000","4,770,000","4,531,000","3,884,000","3,900,000","3,219,000","1,894,000","6,721,000","7,434,000","6,936,000","6,442,000","5,908,000","5,000,000","4,600,000","4,300,000","4,700,000","4,000,000","2,700,000","2,600,000","4,500,000","4,000,000","4,300,000","4,100,000","4,000,000","3,800,000","3,300,000","3,500,000","3,300,000","3,100,000","2,800,000","3,700,000","3,500,000","2,700,000","2,700,000","2,400,000","2,300,000","1,700,000","1,700,000","1,600,000","1,600,000","-32,700,000","-100,000","100,000","100,000","-3,000,000","-600,000","500,000","800,000","900,000","700,000","-4,600,000","500,000","600,000","200,000","400,000",,,,,,,,,,,,,,,
BasicEPS,,"0.88","1.23","1.34","1.53","1.67","0.82","0.37","0.78","0.71","-1.55","1.26","1.31","1.53","1.33","1.07","0.94","1.43","0.38","1.4","1.15","1.5","0.66","0.89","0.3","0.83","0.37","0.68","0.73","0.74","0.38","1.12","0.6","0.81",,"0.79","0.33","0.42","0.3","3.58","0.4","-0.11","0.07","0.89","0.76","0.59",,"0.56","0.53","0.43",,"0.4","-4.31","-0.56",,"0.51","0.44","0.48",,"0.54","-0.26","0.56",,"1.02","0.24","0.76",,"0.51","-0.54","0.31",,"0.39","0.72","0.76",,"0.4","0.33","0.37",,"0.31","0.29","0.25",,"0.21","0.12","0.44",,"0.46","0.43","0.2",,"0.15","0.145","0.155",,"0.09","0.09","0.15",,"0.145","0.14","0.135",,"0.115","0.125","0.115",,"0.09","0.06","0.058",,"0.048","0.045","0.043",,"0.035","0.033","0.035",,"-0.005","0.003","0.003",,"-0.013","0.013","0.018",,"0.015","-0.095","0.01",,"0.005","0.01","0.008",,"0.008","0.02","0.02",,"0.02","0.013","0.015",,"0.013","0.01","0.003",,"-0.015"
DilutedEPS,,"0.87","1.22","1.33","1.52","1.66","0.81","0.37","0.78","0.71","-1.55","1.25","1.3","1.52","1.31","1.06","0.93","1.4","0.37","1.37","1.13","1.47","0.65","0.88","0.29","0.82","0.37","0.67","0.71","0.72","0.37","1.09","0.58","0.79",,"0.76","0.32","0.4","0.29","3.46","0.38","-0.11","0.07","0.85","0.73","0.57",,"0.55","0.52","0.43",,"0.4","-4.31","-0.56",,"0.51","0.44","0.48",,"0.51","-0.26","0.54",,"0.99","0.23","0.74",,"0.49","-0.54","0.3",,"0.38","0.68","0.72",,"0.39","0.32","0.36",,"0.3","0.28","0.24",,"0.2","0.12","0.42",,"0.44","0.41","0.19",,"0.145","0.14","0.15",,"0.085","0.085","0.14",,"0.14","0.135","0.13",,"0.11","0.12","0.11",,"0.09","0.06","0.058",,"0.048","0.043","0.043",,"0.035","0.033","0.035",,"-0.005","0.003","0.003",,"-0.013","0.013","0.018",,"0.015","-0.095","0.01",,"0.005","0.01","0.008",,"0.008","0.02","0.02",,"0.02","0.013","0.015",,"0.013","0.01","0.003",,"-0.015"
BasicAverageShares,,"18,780,000","18,743,000","18,740,000","18,729,000","18,712,000","18,692,000","18,688,000","18,676,000","18,669,000","18,587,000","18,581,000","18,568,000","18,557,000","18,385,000","18,403,000","18,389,000","18,288,000","18,239,000","18,181,000","18,140,000","18,056,000","17,994,000","17,996,000","18,007,000","17,966,000","17,953,000","18,430,000","18,627,000","18,475,507","18,340,917","18,258,709","18,158,244","17,950,843",,"17,244,831","17,107,727","17,072,459","16,677,969","16,484,957","16,309,053","16,232,856","16,199,518","16,106,054","15,944,483","15,893,000",,"15,816,131","15,785,656","15,768,697",,"15,712,724","15,673,924","15,638,045",,"15,580,678","15,529,891","16,133,527",,"16,431,017","16,562,239","16,834,431",,"16,845,874","16,773,458","16,486,068",,"16,267,116","16,271,291","16,404,381",,"16,460,393","16,389,617","16,176,715",,"15,897,000","15,742,000","15,572,000",,"15,516,000","15,487,000","15,403,000",,"15,299,000","15,243,000","15,178,000",,"14,955,000","14,814,000","29,404,000",,"15,018,000","15,218,000","15,210,000",,"15,238,000","15,228,000","15,198,000",,"14,996,000","14,950,000","14,874,000",,"14,758,000","14,736,000","14,280,000",,"14,266,000","14,224,000","14,132,000",,"14,060,000","13,128,000","12,988,000",,"12,456,000","12,444,000","12,444,000",,"12,380,000","12,376,000","12,368,000",,"12,328,000","12,328,000","12,320,000",,"12,288,000","12,272,000","12,260,000",,"12,048,000","12,044,000","12,000,000",,"11,944,000","11,924,000","11,924,000",,"11,884,000","11,884,000","11,876,000",,"11,844,000","11,832,000","11,832,000",,"11,736,000"
DilutedAverageShares,,"18,999,000","18,863,000","18,874,000","18,846,000","18,774,000","18,741,000","18,713,000","18,681,000","18,691,000","18,587,000","18,724,000","18,730,000","18,692,000","18,687,000","18,678,000","18,660,000","18,610,000","18,682,000","18,588,000","18,547,000","18,373,000","18,242,000","18,183,000","18,253,000","18,214,000","18,056,000","18,650,000","19,056,000","18,949,594","18,819,340","18,733,777","18,688,238","18,549,458",,"17,863,035","17,599,481","17,673,399","17,254,959","17,024,137","16,864,166","16,232,856","16,809,336","16,934,423","16,678,377","16,550,877",,"16,006,948","15,985,195","15,896,518",,"15,736,318","15,673,924","15,638,045",,"15,706,531","15,592,453","16,151,785",,"17,448,146","16,562,239","17,646,551",,"17,327,140","17,223,857","16,928,026",,"16,726,537","16,271,291","16,878,856",,"17,140,023","17,247,002","16,973,190",,"16,325,000","16,305,000","16,038,000",,"15,896,000","16,101,000","16,049,000",,"15,885,000","15,243,000","16,023,000",,"15,830,000","15,773,000","31,584,000",,"15,018,000","15,218,000","15,210,000",,"15,238,000","15,228,000","15,198,000",,"14,996,000","14,950,000","14,874,000",,"14,758,000","14,736,000","14,280,000",,"14,266,000","14,224,000","14,132,000",,"14,060,000","13,128,000","12,988,000",,"12,456,000","12,444,000","12,444,000",,"12,380,000","12,376,000","12,368,000",,"12,328,000","12,328,000","12,320,000",,"12,288,000","12,272,000","12,260,000",,"12,048,000","12,044,000","12,000,000",,"11,944,000","11,924,000","11,924,000",,"11,884,000","11,884,000","11,876,000",,"11,844,000","11,832,000","11,832,000",,"11,736,000"
TotalOperatingIncomeAsReported,"99,880,000","19,891,000","10,445,000","33,799,000","35,745,000","37,193,000","19,973,000","8,794,000","21,092,000","17,475,000","14,583,000","29,885,000","33,213,000","32,800,000","26,801,000","29,642,000","25,224,000","31,044,000","18,991,000","39,587,000","32,759,000","39,441,000","17,850,000","23,146,000","18,756,000","24,099,000","12,590,000","23,055,000","20,510,000","20,100,000","14,361,000","28,389,000","16,219,000","21,457,000","11,349,000","19,009,000","8,107,000","10,814,000","7,172,000","10,101,000","9,076,000","-684,000","9,413,000","16,618,000","15,178,000","11,591,000","2,619,000","11,250,000","7,747,000","5,742,000","-1,563,000","4,206,000","-21,137,000","-11,078,000","-11,316,000","5,850,000","6,617,000","8,711,000","6,673,000","8,525,000","-10,508,000","10,219,000","11,851,000","16,994,000","2,472,000","12,941,000","9,694,000","7,053,000","-15,952,000","3,944,000","2,252,000","5,451,000","13,338,000","13,849,000","9,868,000","4,953,000","2,801,000","3,949,000","3,070,000","4,478,000","3,957,000","2,669,000","1,865,000","2,868,000","929,000","7,384,000","6,606,000","7,727,000","7,117,000","8,033,000","6,000,000","6,200,000","5,300,000","6,800,000","6,800,000","3,600,000","3,200,000","6,200,000","4,900,000","5,600,000","4,900,000","4,900,000","3,300,000","3,100,000","3,600,000","3,700,000","2,700,000","2,600,000","4,000,000","3,400,000","2,400,000","2,700,000","2,500,000","2,700,000","1,900,000","1,700,000","2,200,000","2,500,000","-25,400,000","-300,000","-200,000","500,000","-2,900,000","-900,000","1,400,000","1,400,000","2,000,000","1,100,000","-6,600,000","1,100,000","1,500,000","1,100,000","1,400,000",,,,,,,,,,,,,,,
TotalExpenses,"846,290,000","228,837,000","217,903,000","202,026,000","197,524,000","189,351,000","187,133,000","183,741,000","170,032,000","181,315,000","179,479,000","191,432,000","208,882,000","206,176,000","200,161,000","196,169,000","188,910,000","183,145,000","189,217,000","170,621,000","167,586,000","164,604,000","154,416,000","142,113,000","138,733,000","136,467,000","140,338,000","137,311,000","142,588,000","144,951,000","127,973,000","134,663,000","137,276,000","125,183,000","120,261,000","122,580,000","119,820,000","115,165,000","109,195,000","118,381,000","116,765,000","114,673,000","115,943,000","130,990,000","128,507,000","124,468,000","94,693,000","90,081,000","88,861,000","78,194,000","74,730,000","76,624,000","73,378,000","73,758,000","74,984,000","95,846,000","91,048,000","93,622,000","101,838,000","100,899,000","106,416,000","105,627,000","110,848,000","106,957,000","102,309,000","90,190,000","70,243,000","76,573,000","99,308,000","82,601,000","85,017,000","81,289,000","79,985,000","83,821,000","75,927,000","51,544,000","46,358,000","47,929,000","46,296,000","51,556,000","53,373,000","51,889,000","46,229,000","48,163,000","50,238,000","56,366,000","54,346,000","54,630,000","54,149,000","55,607,000","53,000,000","54,900,000","57,500,000","58,100,000","46,800,000","47,700,000","50,200,000","52,100,000","46,900,000","42,200,000","40,900,000","39,400,000","33,900,000","30,900,000","31,800,000","31,200,000","30,800,000","30,300,000","33,400,000","33,000,000","29,900,000","29,900,000","32,500,000","31,300,000","27,300,000","28,600,000","28,700,000","30,300,000","72,300,000","43,700,000","40,500,000","41,300,000","45,600,000","45,500,000","45,900,000","46,400,000","46,600,000","45,700,000","53,600,000","46,800,000","44,900,000","41,900,000","41,700,000",,,,,,,,,,,,,,,
NetIncomeFromContinuingAndDiscontinuedOperation,"93,515,000","16,600,000","23,131,000","25,129,000","28,655,000","31,218,000","15,205,000","7,006,000","14,520,000","13,259,000","-28,760,000","23,387,000","24,293,000","28,399,000","24,452,000","19,734,000","17,329,000","26,136,000","6,999,000","25,532,000","20,896,000","27,032,000","11,913,000","16,065,000","5,377,000","14,928,000","6,699,000","12,455,000","13,540,000","13,627,000","7,013,000","20,388,000","10,902,000","14,580,000","11,527,000","13,572,000","5,565,000","7,096,000","5,063,000","58,976,000","6,455,000","-1,808,000","1,136,000","14,356,000","12,128,000","9,434,000","10,548,000","8,856,000","8,313,000","6,854,000","7,050,000","6,331,000","-67,533,000","-8,718,000","3,854,000","7,945,000","6,896,000","7,820,000","7,993,000","8,950,000","-4,330,000","9,511,000","12,673,000","17,179,000","3,997,000","12,607,000","11,912,000","8,216,000","-8,814,000","5,125,000","9,605,000","6,461,000","11,801,000","12,231,000","8,995,000","6,329,000","5,212,000","5,739,000","5,422,000","4,770,000","4,531,000","3,884,000","3,900,000","3,219,000","1,894,000","6,721,000","7,434,000","6,936,000","6,442,000","5,908,000","5,000,000","4,600,000","4,300,000","4,700,000","4,000,000","2,700,000","2,600,000","4,500,000","4,000,000","4,300,000","4,100,000","4,000,000","3,800,000","3,300,000","3,500,000","3,300,000","3,100,000","2,800,000","3,700,000","3,500,000","2,700,000","2,700,000","2,400,000","2,300,000","1,700,000","1,700,000","1,600,000","1,600,000","-26,500,000","-100,000","100,000","100,000","-3,000,000","-600,000","500,000","800,000","900,000","700,000","-4,600,000","500,000","600,000","200,000","400,000",,,,,,,,,,,,,,,
NormalizedIncome,"99,087,088.81","16,223,470","24,666,920","27,316,392","29,872,928","33,253,308","17,532,482.4","15,652,871","14,581,072","13,274,880","11,113,066.918","23,860,961.766","25,130,306","29,104,276","21,491,858.764","20,459,880","17,693,634","26,493,012","7,479,000","23,394,800","21,609,219","26,885,091","11,913,000","16,065,000","5,377,000","14,928,000","6,699,000","12,455,000","13,540,000","13,627,000","10,516,500","20,388,000","10,902,000","14,580,000","14,530,000","14,416,466","8,795,750","6,976,000","8,730,443.058","60,111,550","6,838,792.581","5,299,850","8,227,781.412","14,299,203.307","11,886,922.354","8,436,251.075","8,466,700","9,484,959.562","7,568,207.455","6,266,003.853","9,359,450","6,309,542.146","-57,245,450","-6,513,342.321","-3,645,300","7,430,337.43","6,157,695.856","7,546,707.107","8,248,616.723","9,201,994.98","-2,446,950","9,064,327.706","11,508,597.194","16,569,753.876","11,273,102.483","12,620,259.853","14,659,718.528","7,818,499.818","-8,820,000","4,485,989.622","11,018,600","4,140,065.191","11,442,507.595","11,412,000","12,434,308.821","3,750,601.849","2,142,852.785","3,018,000","4,219,789.833","3,072,404.268","2,901,160.073","1,928,875.845","1,581,831.574","2,055,008.48","2,065,545.287","5,237,788.273","4,706,330.436","5,560,018.016","5,131,305.412","5,757,477.707","4,130,434.783","4,528,125","3,798,333.333","4,916,923.077","5,037,037.037","2,557,894.737","2,178,378.378","4,428,571.429","3,918,367.347","4,008,474.576","3,587,500","3,636,363.636","2,726,086.957","2,495,121.951","2,800,000","2,916,279.07","2,391,428.571","2,275,000","3,447,727.273","2,833,333.333","1,862,068.966","2,420,689.655","2,112,000","2,300,000","1,460,000","1,400,000","1,480,000","1,600,000","-25,480,000","-520,000","-500,000","-200,000","-2,651,162.791","-900,000","312,500","400,000","720,000","233,333.333","-4,933,333.333","187,500","75,000","200,000","266,666.667",,,,,,,,,,,,,,,
InterestIncome,"454,000","108,000","132,000","64,000","150,000","195,000","215,000","135,000","269,000","320,000",,,,,,,,,,,,,,,,,,,,,,,,,,,,,,,,,,,,,,,,"107,000",,"81,000",,,,,,,,,,,,,,,,,,,,,,,,,,,,,,,,,,,,,,,,,,,,,,,,,,,,,,,,,,,,,,,,,,,,,,,,,,,,,,,,,,,,,,,,,,,,,,,,
InterestExpense,"2,737,000","998,000","1,037,000","327,000","375,000","624,000","632,000","3,550,000","1,910,000","1,389,000",,,,,,,,,,,,,,,,,,,,,,,,,,,,,,,,,,,,,,,,,,,,,,,,,,,,,,,,,,,,,,,,,,,,,,,,,,,,,,,,,,,,,,,,,,,,,,,,,,,,,,,,,,,,,,,,,,,,,,,,,,,,,,,,,,,,,,,,,,
NetInterestIncome,"-2,998,000","-1,069,000","-1,084,000","-441,000","-404,000","-608,000","-596,000","-3,553,000","-1,779,000","-1,207,000","-1,146,000","-1,747,000","-2,038,000","-1,938,000","-2,126,000","-2,000,000","-1,292,000","-1,210,000","-1,297,000","-1,639,000","-1,947,000","-1,248,000","-883,000","-811,000","-1,115,000","-1,121,000","-1,045,000","-1,126,000","-1,304,000","-1,006,000","-779,000","-698,000","-720,000","-748,000","-865,000","-881,000","-830,000","-905,000","-938,000","-1,104,000","-1,072,000","-1,190,000","-1,027,000","-1,040,000","-1,265,000","-1,579,000","10,000","70,000","-3,000","107,000","9,000","81,000","111,000","176,000",,,,,,,,,,,,,,,,,,,,,,,,,,,,,,,,,,,,,,,,,,,,,,,,,,,,,,,,,,,,,,,,,,,,,,,,,,,,,,,,,,,,,,,,,,,,,,
EBIT,"107,646,000","21,362,000","12,944,000","34,455,000","38,885,000","42,359,000","23,928,000","11,174,000","22,824,000","18,089,000","-34,676,000","30,410,000","33,970,000","33,622,000","22,781,000","30,694,000","25,765,000","31,466,000","19,791,000","36,162,000","33,838,000","39,224,000","18,584,000","23,146,000","18,756,000","24,099,000","12,590,000","23,055,000","20,510,000","20,100,000","19,751,000","28,389,000","16,219,000","21,457,000","15,969,000","20,240,000","12,632,000","10,814,000","11,274,000","11,867,000","9,906,000","6,700,000","9,854,000","16,618,000","15,178,000","11,591,000","2,619,000","11,250,000","7,747,000","5,742,000","3,229,000","4,395,000","-6,010,000","-8,283,000","-11,316,000","5,850,000","6,617,000","8,711,000","6,928,000","8,727,000","-7,426,000","10,219,000","11,851,000","16,994,000","2,472,000","12,941,000","32,342,000","7,053,000","-15,952,000","3,944,000","2,252,000","5,451,000","13,338,000","13,849,000","9,868,000","4,953,000","2,801,000","3,949,000","5,220,000","4,478,000","3,957,000","2,669,000","1,865,000","2,868,000","2,924,000","7,384,000","6,606,000","7,727,000","7,117,000","8,033,000","6,000,000","6,200,000","5,300,000","6,800,000","6,800,000","3,600,000","3,200,000","6,200,000","4,900,000","5,600,000","4,900,000","4,900,000","3,300,000","3,100,000","3,600,000","3,700,000","2,700,000","2,600,000","4,000,000","3,400,000","2,400,000","2,700,000","2,500,000","2,700,000","1,900,000","1,700,000","2,200,000","2,500,000","-25,400,000","-300,000","-200,000","500,000","-2,900,000","-900,000","1,400,000","1,400,000","2,000,000","1,100,000","-6,600,000","1,100,000","1,500,000","1,100,000","1,400,000","42,300,000","-120,600,000","40,900,000","40,900,000","41,500,000","-98,900,000","36,100,000","34,000,000","34,300,000","-92,300,000","30,900,000","32,100,000","32,900,000","-97,200,000","30,400,000"
EBITDA,"151,329,000"
ReconciledCostOfRevenue,"606,853,000","162,872,000","152,299,000","146,609,000","145,073,000","139,766,000","107,106,000","103,722,000","106,256,000","122,254,000","117,757,000","131,077,000","145,275,000","154,404,000","144,567,000","147,733,000","138,003,000","138,005,000","133,517,000","124,595,000","120,878,000","123,478,000","106,151,000","103,330,000","97,290,000","100,058,000","100,040,000","100,836,000","102,509,000","102,696,000","89,389,000","98,504,000","96,357,000","92,721,000","85,435,000","91,634,000","88,023,000","84,690,000","77,997,000","87,288,000","89,799,000","84,932,000","86,939,000","97,689,000","95,495,000","93,948,000","65,040,000","64,496,000","59,273,000","53,677,000","54,253,000","56,422,000","50,325,000","51,546,000","45,569,000","69,612,000","66,278,000","69,940,000","75,029,000","78,448,000","82,805,000","80,648,000","88,587,000","85,446,000","70,784,000","66,844,000","71,364,000","59,307,000","58,979,000","63,141,000","63,439,000","62,430,000","61,657,000","64,285,000","57,175,000","37,791,000","34,433,000","35,390,000","33,663,000","38,571,000","39,634,000","38,315,000","33,483,000","35,239,000","37,361,000","43,096,000","40,361,000","41,662,000","41,194,000","42,493,000","38,700,000","39,900,000","43,400,000","43,600,000","36,200,000","35,900,000","37,900,000","40,000,000","35,900,000","31,900,000","29,900,000","29,400,000","25,400,000","21,800,000","22,600,000","21,700,000","22,200,000","21,700,000","23,600,000","23,300,000","18,300,000","21,900,000","24,000,000","22,800,000","20,500,000","19,700,000","21,800,000","20,700,000","35,600,000","33,400,000","30,200,000","30,800,000","31,700,000","34,000,000","34,200,000","34,100,000","35,200,000","34,700,000","34,700,000","34,800,000","34,400,000","31,400,000","30,700,000",,,,,,,,,,,,,,,
ReconciledDepreciation,"43,683,000","10,724,000","12,163,000","10,124,000","10,672,000","10,325,000","22,863,000","22,704,000","14,932,000","10,926,000","11,986,000","12,077,000","12,115,000","12,984,000","14,753,000","13,236,000","10,975,000","11,109,000","11,420,000","11,143,000","10,989,000","10,547,000","10,212,000","9,323,000","9,339,000","8,973,000","8,845,000","8,705,000","8,531,000","7,973,000","6,410,000","6,693,000","6,696,000","6,469,000","6,734,000","6,590,000","6,456,000","6,571,000","6,475,000","7,094,000","7,052,000","6,509,000","6,170,000","6,948,000","6,990,000","6,200,000","4,177,000","4,066,000","4,072,000","3,796,000","4,394,000","4,454,000","4,719,000","4,394,000","4,154,000","4,461,000","4,891,000","4,891,000","7,561,000","6,000,000","6,805,000","5,352,000","5,313,000","4,849,000","4,020,000","5,347,000","2,195,000","4,182,000","5,197,000","5,279,000","4,842,000","4,222,000","4,215,000","4,789,000","3,970,000","2,618,000","3,635,000","3,392,000","2,538,000","3,858,000","3,519,000","3,656,000","2,754,000","3,364,000","3,832,000","3,762,000","2,892,000","3,098,000","3,292,000","3,225,000","1,600,000","2,800,000","3,000,000","3,000,000","1,400,000","2,500,000","2,300,000","2,200,000","900,000","1,500,000","2,300,000","1,900,000","900,000","1,700,000","1,500,000","1,700,000","1,100,000","1,300,000","1,700,000","1,600,000","1,700,000","1,600,000","1,700,000","1,700,000","1,100,000","2,200,000","900,000","2,500,000","2,800,000","2,500,000","2,700,000","2,900,000","2,500,000","2,800,000","3,000,000","3,400,000","2,600,000","2,800,000","3,000,000","2,800,000","2,400,000","2,700,000","2,700,000",,,,,,,,,,,,,,,
NetIncomeFromContinuingOperationNetMinorityInterest,"93,515,000","16,600,000","23,131,000","25,129,000","28,655,000","31,218,000","15,205,000","7,006,000","14,520,000","13,259,000","-28,760,000","23,387,000","24,293,000","28,399,000","24,452,000","19,734,000","17,329,000","26,136,000","6,999,000","25,532,000","20,896,000","27,032,000","11,913,000","16,065,000","5,377,000","14,928,000","6,699,000","12,455,000","13,540,000","13,627,000","7,013,000","20,388,000","10,902,000","14,580,000","11,527,000","13,572,000","5,583,000","6,976,000","5,404,000","58,976,000","6,455,000","-1,700,000","7,887,000","14,356,000","12,128,000","9,434,000","10,548,000","8,856,000","8,313,000","6,854,000","7,050,000","6,331,000","-67,533,000","-8,718,000","-1,044,000","7,945,000","6,896,000","7,820,000","7,996,000","9,096,000","-4,330,000","9,511,000","12,673,000","17,179,000","3,997,000","12,607,000","11,912,000","8,216,000","-8,814,000","5,125,000","9,605,000","6,461,000","11,801,000","12,231,000","8,995,000","6,329,000","5,212,000","5,739,000","5,422,000","4,770,000","4,531,000","3,884,000","3,900,000","3,219,000","1,894,000","6,721,000","7,434,000","6,936,000","6,442,000","5,908,000","5,000,000","4,600,000","4,300,000","4,700,000","4,000,000","2,700,000","2,600,000","4,500,000","4,000,000","4,300,000","4,100,000","4,000,000","3,800,000","3,300,000","3,500,000","3,300,000","3,100,000","2,800,000","3,700,000","3,500,000","2,700,000","2,700,000","2,400,000","2,300,000","1,700,000","1,700,000","1,600,000","1,600,000","-26,500,000","-100,000","100,000","100,000","-3,000,000","-600,000","500,000","800,000","900,000","700,000","-4,600,000","500,000","600,000","200,000","400,000",,,,,,,,,,,,,,,
TotalUnusualItemsExcludingGoodwill,"-6,251,000","462,000","-2,104,000","-2,972,000","-1,637,000","-2,721,000","-3,566,000","-9,409,000","-88,000","-20,000","-52,976,000","-582,000","-1,086,000","-822,000","3,072,000","-1,052,000","-541,000","-422,000","-800,000","3,425,000","-1,079,000","217,000","-734,000",,,,"0",,,,"-5,390,000","0","0",,"-4,620,000","-1,231,000","-4,525,000","0","-4,243,000","-1,747,000","-569,000","-10,769,000","-424,000","67,000","309,000","1,353,000","3,202,000","-908,000","935,000","757,000","-3,553,000","23,000","-15,827,000","-2,870,000","4,002,000","622,000","1,049,000","386,000","-334,000","-130,000","-2,897,000","587,000","1,539,000","700,000","-10,338,000","-17,000","-2,983,000","399,000","10,000","841,000","-2,356,000","3,132,000","478,000","1,092,000","-4,586,000","3,438,000","4,092,000","3,628,000","1,496,000","2,435,000","2,173,000","2,607,000","2,421,000","1,663,000","-245,000","2,119,000","3,842,000","1,938,000","1,846,000","212,000","1,200,000","100,000","700,000","-300,000","-1,400,000","200,000","600,000","100,000","100,000","400,000","700,000","500,000","1,300,000","1,000,000","900,000","500,000","800,000","600,000","300,000","800,000","900,000","300,000","300,000",,"400,000","500,000","200,000",,"-1,700,000","700,000","1,000,000","500,000","-500,000","500,000","300,000","600,000","300,000","600,000","500,000","500,000","700,000",,"200,000",,,,,,,,,,,,,,,
TotalUnusualItems,"-6,251,000","462,000","-2,104,000","-2,972,000","-1,637,000","-2,721,000","-3,566,000","-9,409,000","-88,000","-20,000","-52,976,000","-582,000","-1,086,000","-822,000","3,072,000","-1,052,000","-541,000","-422,000","-800,000","3,425,000","-1,079,000","217,000","-734,000",,,,"0",,,,"-5,390,000","0","0",,"-4,620,000","-1,231,000","-4,525,000","0","-4,243,000","-1,747,000","-569,000","-10,769,000","-424,000","67,000","309,000","1,353,000","3,202,000","-908,000","935,000","757,000","-3,553,000","23,000","-15,827,000","-2,870,000","4,002,000","622,000","1,049,000","386,000","-334,000","-130,000","-2,897,000","587,000","1,539,000","700,000","-10,338,000","-17,000","-2,983,000","399,000","10,000","841,000","-2,356,000","3,132,000","478,000","1,092,000","-4,586,000","3,438,000","4,092,000","3,628,000","1,496,000","2,435,000","2,173,000","2,607,000","2,421,000","1,663,000","-245,000","2,119,000","3,842,000","1,938,000","1,846,000","212,000","1,200,000","100,000","700,000","-300,000","-1,400,000","200,000","600,000","100,000","100,000","400,000","700,000","500,000","1,300,000","1,000,000","900,000","500,000","800,000","600,000","300,000","800,000","900,000","300,000","300,000",,"400,000","500,000","200,000",,"-1,700,000","700,000","1,000,000","500,000","-500,000","500,000","300,000","600,000","300,000","600,000","500,000","500,000","700,000",,"200,000",,,,,,,,,,,,,,,
NormalizedEBITDA,"157,580,000","31,624,000","27,211,000","47,551,000","51,194,000","55,405,000","50,357,000","43,287,000","37,844,000","29,035,000","30,286,000","43,069,000","47,171,000","47,428,000","34,462,000","44,982,000","37,281,000","42,997,000","32,011,000","43,880,000","45,906,000","49,554,000","28,796,000","32,469,000","28,095,000","33,072,000","21,435,000","31,760,000","29,041,000","28,073,000","31,551,000","35,082,000","22,915,000","27,926,000","27,323,000","28,061,000","23,613,000","17,385,000","21,992,000","20,708,000","17,527,000","23,978,000","16,448,000","23,499,000","21,859,000","16,438,000","3,594,000","16,224,000","10,884,000","8,781,000","11,176,000","8,826,000","14,536,000","-1,019,000","-11,164,000","9,689,000","10,459,000","13,216,000","14,823,000","14,857,000","2,276,000","14,984,000","15,625,000","21,143,000","16,830,000","18,305,000","37,520,000","10,836,000","-10,765,000","8,382,000","9,450,000","6,541,000","17,075,000","17,546,000","18,424,000","4,133,000","2,344,000","3,713,000","6,262,000","5,901,000","5,303,000","3,718,000","2,198,000","4,569,000","7,001,000","9,027,000","5,656,000","8,887,000","8,563,000","11,046,000","6,400,000","8,900,000","7,600,000","10,100,000","9,600,000","5,900,000","4,900,000","8,300,000","5,700,000","6,700,000","6,500,000","6,300,000","2,900,000","3,800,000","4,200,000","4,900,000","3,000,000","3,500,000","5,400,000","4,200,000","3,200,000","4,100,000","3,900,000","4,400,000","2,600,000","3,400,000","3,700,000","5,000,000","-20,900,000","1,700,000","1,600,000","2,900,000","100,000","1,400,000","4,100,000","4,200,000","4,300,000","3,300,000","-4,100,000","3,400,000","3,200,000","3,800,000","3,900,000","42,300,000","-120,600,000","40,900,000","40,900,000","41,500,000","-98,900,000","36,100,000","34,000,000","34,300,000","-92,300,000","30,900,000","32,100,000","32,900,000","-97,200,000","30,400,000"
TaxRateForCalcs,"0.109","0.185","0.27","0.264","0.256","0.252","0.347","0.081","0.306","0.206","0.247","0.186","0.229","0.142","0.036","0.31","0.326","0.154","0.4","0.376","0.339","0.323","0.29","0.328","0.4","0.352","0.4","0.4","0.29","0.315","0.35","0.286","0.339","0.289","0.35","0.314","0.29","0.292","0.216","0.35","0.325","0.35","0.196","0.152","0.22","0.263","0.35","0.307","0.203","0.223","0.35","0.067","0.35","0.232","0.35","0.173","0.296","0.292","0.244","0.185","0.35","0.239","0.243","0.13","0.296","0.22","0.079","0.004","0.4","0.24","0.4","0.259","0.25","0.25","0.25","0.25","0.25","0.25","0.196","0.303","0.25","0.25","0.042","0.3","0.3","0.3","0.29","0.29","0.29","0.29","0.275","0.281","0.283","0.277","0.259","0.289","0.297","0.286","0.184","0.271","0.268","0.273","0.174","0.195","0.222","0.233","0.114","0.125","0.159","0.167","0.069","0.069","0.04","0.042","0.4","0.4","0.4","0.4","0.4","0.4","0.4","0.4","0.302","0.4","0.375","0.333","0.4","0.222","0.333","0.375","0.25","0.4","0.333",,,,,,,,,,,,,,,
TaxEffectOfUnusualItems,"-678,911.19","85,470","-568,080","-784,608","-419,072","-685,692","-1,238,517.6","-762,129","-26,928","-4,120","-13,102,933.082","-108,038.234","-248,694","-116,724","111,858.764","-326,120","-176,366","-64,988","-320,000","1,287,800","-365,781","70,091","0","0","0","0","0","0","0","0","-1,886,500","0","0","0","-1,617,000","-386,534","-1,312,250","0","-916,556.942","-611,450","-185,207.419","-3,769,150","-83,218.588","10,203.307","67,922.354","355,251.075","1,120,700","-279,040.438","190,207.455","169,003.853","-1,243,550","1,542.146","-5,539,450","-665,342.321","1,400,700","107,337.43","310,695.856","112,707.107","-81,383.277","-24,005.02","-1,013,950","140,327.706","374,597.194","90,753.876","-3,061,897.517","-3,740.147","-235,281.472","1,499.818","4,000","201,989.622","-942,400","811,065.191","119,507.595","273,000","-1,146,691.179","859,601.849","1,022,852.785","907,000","293,789.833","737,404.268","543,160.073","651,875.845","102,831.574","499,008.48","-73,454.713","635,788.273","1,114,330.436","562,018.016","535,305.412","61,477.707","330,434.783","28,125","198,333.333","-83,076.923","-362,962.963","57,894.737","178,378.378","28,571.429","18,367.347","108,474.576","187,500","136,363.636","226,086.957","195,121.951","200,000","116,279.07","91,428.571","75,000","47,727.273","133,333.333","62,068.966","20,689.655","12,000","0","160,000","200,000","80,000","0","-680,000","280,000","400,000","200,000","-151,162.791","200,000","112,500","200,000","120,000","133,333.333","166,666.667","187,500","175,000","0","66,666.667",,,,,,,,,,,,,,,