name,ttm,03/31/2022,12/31/2021,09/30/2021,06/30/2021,03/31/2021,12/31/2020,09/30/2020,06/30/2020,03/31/2020,12/31/2019,09/30/2019,06/30/2019,03/31/2019,12/31/2018,09/30/2018,06/30/2018,03/31/2018,12/31/2017,09/30/2017,06/30/2017,03/31/2017,12/31/2016,09/30/2016
TotalRevenue,"2,924,100,000","733,699,000","865,329,000","679,953,000","645,119,000","574,183,000","649,886,000","451,663,000","356,073,000","320,766,000","411,230,000","260,928,000","250,101,000","206,662,000","275,739,000","173,381,000","156,810,000","136,576,000","188,261,000","124,782,000","99,627,000","100,093,000","147,340,000","89,053,000"
	OperatingRevenue,"2,924,100,000","733,699,000","865,329,000","679,953,000","645,119,000","574,183,000","649,886,000","451,663,000","356,073,000","320,766,000","411,230,000","260,928,000","250,101,000","206,662,000","275,739,000","173,381,000","156,810,000","136,576,000","188,261,000","124,782,000","99,627,000","100,093,000","147,340,000","89,053,000"
CostOfRevenue,"1,477,464,000","368,892,000","485,685,000","316,034,000","306,853,000","247,412,000","344,428,000","236,839,000","209,237,000","179,665,000","249,583,000","142,451,000","135,892,000","105,771,000","163,448,000","94,388,000","79,058,000","73,464,000","114,800,000","74,887,000","61,990,000","61,253,000","102,677,000","63,003,000"
GrossProfit,"1,446,636,000","364,807,000","379,644,000","363,919,000","338,266,000","326,771,000","305,458,000","214,824,000","146,836,000","141,101,000","161,647,000","118,477,000","114,209,000","100,891,000","112,291,000","78,993,000","77,752,000","63,112,000","73,461,000","49,895,000","37,637,000","38,840,000","44,663,000","26,050,000"
OperatingExpense,"1,310,832,000","388,297,000","358,280,000","295,073,000","269,182,000","250,965,000","240,307,000","202,854,000","189,045,000","196,266,000","179,031,000","145,026,000","124,595,000","111,631,000","106,804,000","90,742,000","77,884,000","70,014,000","63,967,000","57,787,000","51,020,000","46,675,000","41,284,000","40,151,000"
	SellingGeneralAndAdministration,"786,813,000","224,299,000","231,842,000","174,766,000","155,906,000","149,384,000","145,576,000","114,466,000","104,658,000","107,988,000","100,239,000","76,539,000","62,601,000","55,893,000","55,804,000","45,372,000","37,688,000","35,888,000","32,672,000","29,255,000","25,244,000","24,333,000","21,807,000","21,922,000"
		GeneralAndAdministrativeExpense,"273,563,000","77,777,000","68,492,000","65,066,000","62,228,000","60,511,000","49,487,000","43,510,000","40,494,000","39,740,000","38,425,000","29,873,000","26,033,000","22,086,000","21,204,000","19,769,000","15,429,000","15,570,000","13,541,000","13,039,000","10,577,000","10,278,000","8,008,000","9,078,000"
			OtherGandA,"273,563,000","77,777,000","68,492,000","65,066,000","62,228,000","60,511,000","49,487,000","43,510,000","40,494,000","39,740,000","38,425,000","29,873,000","26,033,000","22,086,000","21,204,000","19,769,000","15,429,000","15,570,000","13,541,000","13,039,000","10,577,000","10,278,000","8,008,000","9,078,000"
		SellingAndMarketingExpense,"513,250,000","146,522,000","163,350,000","109,700,000","93,678,000","88,873,000","96,089,000","70,956,000","64,164,000","68,248,000","61,814,000","46,666,000","36,568,000","33,807,000","34,600,000","25,603,000","22,259,000","20,318,000","19,131,000","16,216,000","14,667,000","14,055,000","13,799,000","12,844,000"
	ResearchAndDevelopment,"524,019,000","163,998,000","126,438,000","120,307,000","113,276,000","101,581,000","94,731,000","88,388,000","84,387,000","88,278,000","78,792,000","68,487,000","61,994,000","55,738,000","51,000,000","45,370,000","40,196,000","34,126,000","31,295,000","28,532,000","25,776,000","22,342,000","19,477,000","18,229,000"
OperatingIncome,"135,804,000","-23,490,000","21,364,000","68,846,000","69,084,000","75,806,000","65,151,000","11,970,000","-42,209,000","-55,165,000","-17,384,000","-26,549,000","-10,386,000","-10,740,000","5,487,000","-11,749,000","-132,000","-6,902,000","9,494,000","-7,892,000","-13,383,000","-7,835,000","3,379,000","-14,101,000"
NetNonOperatingInterestIncomeExpense,"-3,295,000","-1,057,000","-749,000","-743,000","-746,000","-742,000","-762,000","-773,000","-1,034,000","-863,000","-930,000","-767,000","-571,000","-98,000","-126,000","-112,000","-57,000","-51,000","-326,000","-815,000","-304,000","-167,000","309,000","-32,000"
	InterestExpenseNonOperating,"3,295,000","1,057,000","749,000","743,000","746,000","742,000","762,000","773,000","1,034,000","863,000","930,000","767,000","571,000","98,000","126,000","112,000","57,000","51,000","326,000","815,000","304,000","167,000","-17,000","32,000"
OtherIncomeExpense,"4,435,000","409,000","2,006,000","500,000","1,520,000","441,000","2,213,000","1,202,000","557,000","1,261,000","2,234,000","2,065,000","1,240,000","967,000","1,338,000","2,162,000","361,000","448,000","-2,056,000","-37,470,000","-1,788,000","-652,000","-353,000","1,440,000"
	GainOnSaleOfSecurity,,,,,,,,,,,,,,,,,,,"0","-37,682,000","-1,916,000","-735,000","-199,000","1,481,000"
	SpecialIncomeCharges,"0",,,,,,,,,,,,,,"0",,,,"-2,338,000",,,,,
		OtherSpecialCharges,,,,,,,,,,,,,,,,,,,"2,338,000",,,,,
	OtherNonOperatingIncomeExpenses,"4,435,000","409,000","2,006,000","500,000","1,520,000","441,000","2,213,000","1,202,000","557,000","1,261,000","2,234,000","2,065,000","1,240,000","967,000","1,338,000","2,162,000","361,000","448,000","282,000","212,000","128,000","83,000","-154,000","-41,000"
PretaxIncome,"136,944,000","-24,138,000","22,621,000","68,603,000","69,858,000","75,505,000","66,602,000","12,399,000","-42,686,000","-54,767,000","-16,080,000","-25,251,000","-9,717,000","-9,871,000","6,699,000","-9,699,000","172,000","-6,505,000","7,112,000","-46,177,000","-15,475,000","-8,654,000","3,335,000","-12,693,000"
TaxProvision,"-2,839,000","2,168,000","-1,066,000","-332,000","-3,609,000","-791,000","-704,000","-548,000","462,000","-155,000","-363,000","-96,000","-384,000","-139,000","-79,000","-172,000","-354,000","129,000","171,000","58,000","38,000","48,000","108,000","50,000"
NetIncomeCommonStockholders,"139,783,000","-26,306,000","23,687,000","68,935,000","73,467,000","76,296,000","67,306,000","12,947,000","-43,148,000","-54,612,000","-15,717,000","-25,155,000","-9,333,000","-9,732,000","6,778,000","-9,527,000","526,000","-6,634,000","6,941,000","-46,235,000","-15,513,000","-8,702,000","3,227,000","-12,743,000"
	NetIncome,"139,783,000","-26,306,000","23,687,000","68,935,000","73,467,000","76,296,000","67,306,000","12,947,000","-43,148,000","-54,612,000","-15,717,000","-25,155,000","-9,333,000","-9,732,000","6,778,000","-9,527,000","526,000","-6,634,000","6,941,000","-46,235,000","-15,513,000","-8,702,000","3,227,000","-12,743,000"
		NetIncomeIncludingNoncontrollingInterests,"139,783,000","-26,306,000","23,687,000","68,935,000","73,467,000","76,296,000","67,306,000","12,947,000","-43,148,000","-54,612,000","-15,717,000","-25,155,000","-9,333,000","-9,732,000","6,778,000","-9,527,000","526,000","-6,634,000","6,941,000","-46,235,000","-15,513,000","-8,702,000","3,227,000","-12,743,000"
			NetIncomeContinuousOperations,"139,783,000","-26,306,000","23,687,000","68,935,000","73,467,000","76,296,000","67,306,000","12,947,000","-43,148,000","-54,612,000","-15,717,000","-25,155,000","-9,333,000","-9,732,000","6,778,000","-9,527,000","526,000","-6,634,000","6,941,000","-46,235,000","-15,513,000","-8,702,000","3,227,000","-12,743,000"
DilutedNIAvailtoComStockholders,"139,783,000","-26,306,000","23,687,000","68,935,000","73,467,000","76,296,000","67,306,000","12,947,000","-43,148,000","-54,612,000","-15,717,000","-25,155,000","-9,333,000","-9,732,000","6,778,000","-9,527,000","526,000","-6,634,000","6,941,000","-46,235,000","-15,513,000","-8,702,000","3,227,000","-12,743,000"
BasicEPS,,"-0.19","0.18","0.52","0.55","0.59","0.53","0.1","-0.35","-0.45","-0.13","-0.22","-0.08","-0.09","0.06","-0.09","0.01","-0.07","0.07","-8.79","-0.164","-0.102",,"-0.149"
DilutedEPS,,"-0.19","0.17","0.48","0.52","0.54","0.49","0.09","-0.35","-0.45","-0.13","-0.22","-0.08","-0.09","0.05","-0.09","0.004","-0.07","0.06","-8.79","-0.164","-0.102",,"-0.149"
BasicAverageShares,,"135,539,000","134,711,000","133,685,000","132,705,000","129,674,000","127,375,000","125,687,000","122,614,000","120,180,000","118,644,000","116,681,000","114,572,000","110,877,000","109,322,000","106,884,000","102,652,000","99,488,000","96,492,000","5,259,796","94,748,495","85,710,166",,"85,710,166"
DilutedAverageShares,,"135,539,000","141,869,000","142,286,000","142,122,000","140,328,000","138,763,000","136,669,000","122,614,000","120,180,000","118,644,000","116,681,000","114,572,000","110,877,000","123,237,000","106,884,000","121,698,000","99,488,000","119,140,000","5,259,796","94,748,495","85,710,166",,"85,710,166"
TotalOperatingIncomeAsReported,"135,804,000","-23,490,000","21,364,000","68,846,000","69,084,000","75,806,000","65,151,000","11,970,000","-42,209,000","-55,165,000","-17,384,000","-26,549,000","-10,386,000","-10,740,000","5,487,000","-11,749,000","-132,000","-6,902,000","9,494,000","-7,892,000","-13,383,000","-7,835,000","3,379,000","-14,101,000"
TotalExpenses,"2,788,296,000","757,189,000","843,965,000","611,107,000","576,035,000","498,377,000","584,735,000","439,693,000","398,282,000","375,931,000","428,614,000","287,477,000","260,487,000","217,402,000","270,252,000","185,130,000","156,942,000","143,478,000","178,767,000","132,674,000","113,010,000","107,928,000","143,961,000","103,154,000"
NetIncomeFromContinuingAndDiscontinuedOperation,"139,783,000","-26,306,000","23,687,000","68,935,000","73,467,000","76,296,000","67,306,000","12,947,000","-43,148,000","-54,612,000","-15,717,000","-25,155,000","-9,333,000","-9,732,000","6,778,000","-9,527,000","526,000","-6,634,000","6,941,000","-46,235,000","-15,513,000","-8,702,000","3,227,000","-12,743,000"
NormalizedIncome,"139,783,000","-26,306,000","23,687,000","68,935,000","73,467,000","76,296,000","67,306,000","12,947,000","-43,148,000","-54,612,000","-15,717,000","-25,155,000","-9,333,000","-9,732,000","6,778,000","-9,527,000","526,000","-6,634,000","9,222,785.433","-23,625,800","-14,363,400","-8,261,000","3,419,555.622","-13,631,600"
InterestExpense,"3,295,000","1,057,000","749,000","743,000","746,000","742,000","762,000","773,000","1,034,000","863,000","930,000","767,000","571,000","98,000","126,000","112,000","57,000","51,000","326,000","815,000","304,000","167,000","-17,000","32,000"
NetInterestIncome,"-3,295,000","-1,057,000","-749,000","-743,000","-746,000","-742,000","-762,000","-773,000","-1,034,000","-863,000","-930,000","-767,000","-571,000","-98,000","-126,000","-112,000","-57,000","-51,000","-326,000","-815,000","-304,000","-167,000","309,000","-32,000"
EBIT,"140,239,000","-23,081,000","23,370,000","69,346,000","70,604,000","76,247,000","67,364,000","13,172,000","-41,652,000","-53,904,000","-15,150,000","-24,484,000","-9,146,000","-9,773,000","6,825,000","-9,587,000","229,000","-6,454,000","7,438,000","-45,362,000","-15,171,000","-8,487,000","2,358,000","-12,661,000"
EBITDA,"220,450,000"
ReconciledCostOfRevenue,"1,477,464,000","368,892,000","485,685,000","316,034,000","306,853,000","247,412,000","344,428,000","236,839,000","209,237,000","179,665,000","249,583,000","142,451,000","135,892,000","105,771,000","163,448,000","94,388,000","79,058,000","73,464,000","114,800,000","74,887,000","61,990,000","61,253,000","102,677,000","63,003,000"
ReconciledDepreciation,"80,211,000","22,629,000","20,753,000","18,501,000","8,510,000","25,881,000","21,221,000","20,743,000","36,929,000","8,448,000","6,499,000","3,493,000","2,828,000","2,849,000","2,565,000","2,218,000","1,950,000","1,656,000","1,453,000","1,303,000","1,333,000","1,247,000","1,101,000","1,351,000"
NetIncomeFromContinuingOperationNetMinorityInterest,"139,783,000","-26,306,000","23,687,000","68,935,000","73,467,000","76,296,000","67,306,000","12,947,000","-43,148,000","-54,612,000","-15,717,000","-25,155,000","-9,333,000","-9,732,000","6,778,000","-9,527,000","526,000","-6,634,000","6,941,000","-46,235,000","-15,513,000","-8,702,000","3,227,000","-12,743,000"
TotalUnusualItemsExcludingGoodwill,"0",,,,,,,,,,,,,,"0",,,,"-2,338,000","-37,682,000","-1,916,000","-735,000","-199,000","1,481,000"
TotalUnusualItems,"0",,,,,,,,,,,,,,"0",,,,"-2,338,000","-37,682,000","-1,916,000","-735,000","-199,000","1,481,000"
NormalizedEBITDA,"220,450,000","-452,000","44,123,000","87,847,000","79,114,000","102,128,000","88,585,000","33,915,000","-4,723,000","-45,456,000","-8,651,000","-20,991,000","-6,318,000","-6,924,000","9,390,000","-7,369,000","2,179,000","-4,798,000","11,229,000","-6,377,000","-11,922,000","-6,505,000","3,658,000","-12,791,000"
TaxRateForCalcs,"0.4","0.4","0.27","0.27","0.27","0.27","0.27","0.27","0.27","0.003","0.023","0.004","0.04","0.014","0.27","0.018","0.27","0.27","0.024","0.4","0.4","0.4","0.032","0.4"
TaxEffectOfUnusualItems,"0","0","0","0","0","0","0","0","0","0","0","0","0","0","0","0","0","0","-56,214.567","-15,072,800","-766,400","-294,000","-6,444.378","592,400"