name,ttm,02/28/2022,11/30/2021,08/31/2021,05/31/2021,02/28/2021,11/30/2020,08/31/2020,05/31/2020,02/29/2020,11/30/2019,08/31/2019,05/31/2019,02/28/2019,11/30/2018,08/31/2018,05/31/2018,02/28/2018,11/30/2017,08/31/2017,05/31/2017,02/28/2017,11/30/2016,08/31/2016,05/31/2016,02/29/2016,11/30/2015,08/31/2015,05/31/2015,02/28/2015,11/30/2014,08/31/2014,05/31/2014,02/28/2014,11/30/2013,08/31/2013,05/31/2013,02/28/2013,11/30/2012,08/31/2012,05/31/2012,02/29/2012,11/30/2011,08/31/2011,05/31/2011,02/28/2011,11/30/2010,08/31/2010,05/31/2010,02/28/2010,11/30/2009,08/31/2009,05/31/2009,02/28/2009,11/30/2008,08/31/2008,05/31/2008,02/29/2008,11/30/2007,08/31/2007,05/31/2007,02/28/2007,11/30/2006,08/31/2006,05/31/2006,02/28/2006,11/30/2005,08/31/2005,05/31/2005,02/28/2005,11/30/2004,08/31/2004,05/31/2004,02/29/2004,11/30/2003,08/31/2003,05/31/2003,02/28/2003,11/30/2002,08/31/2002,05/31/2002,02/28/2002,11/30/2001,08/31/2001,05/31/2001,02/28/2001,11/30/2000,08/31/2000,05/31/2000,02/29/2000,11/30/1999,08/31/1999,05/31/1999,02/28/1999,11/30/1998,08/31/1998,05/31/1998,02/28/1998,11/30/1997,08/31/1997,05/31/1997,02/28/1997,11/30/1996,08/31/1996,05/31/1996,02/29/1996,11/30/1995,08/31/1995,05/31/1995,02/28/1995,11/30/1994,08/31/1994,05/31/1994,02/28/1994,11/30/1993,08/31/1993,05/31/1993,02/28/1993,11/30/1992,08/31/1992,05/31/1992,02/29/1992,11/30/1991,08/31/1991,05/31/1991,02/28/1991,11/30/1990,08/31/1990,05/31/1990,02/28/1990,11/30/1989,08/31/1989,05/31/1989,02/28/1989,11/30/1988,08/31/1988,05/31/1988,02/29/1988,11/30/1987,08/31/1987,05/31/1987,02/28/1987,11/30/1986,08/31/1986,05/31/1986,02/28/1986,11/30/1985,08/31/1985
TotalRevenue,"6,468,145,000","1,433,879,000","1,639,538,000","1,650,420,000","1,744,307,000","1,269,395,000","1,485,915,000","1,606,670,000","1,458,961,000","1,173,976,000","1,401,292,000","1,472,764,000","1,601,401,000","1,140,630,000","1,362,531,000","1,459,989,000","1,558,156,000","1,102,677,000","1,315,416,000","1,345,394,000","1,492,846,000","1,022,496,000","1,190,770,000","1,252,063,000","1,426,584,000","988,555,000","1,155,984,000","1,242,526,000","1,373,159,000","946,367,000","1,071,128,000","1,203,896,000","1,276,782,000","863,410,000","1,071,487,000","1,164,674,000","1,170,779,000","843,736,000","1,017,426,000","1,046,714,000","1,101,770,000","773,643,000","916,085,000","985,918,000","981,768,000","678,920,000","826,343,000","894,810,000","971,511,000","666,594,000","858,658,000","915,953,000","857,341,000","635,396,000","889,965,000","985,465,000","1,075,971,000","731,773,000","905,708,000","930,339,000","1,005,723,000","679,494,000","809,386,000","844,161,000","909,161,000","612,475,000","739,350,000","747,352,000","754,416,000","516,337,000","623,469,000","661,513,000","680,878,000","480,769,000","589,834,000","590,091,000","589,546,000","433,562,000","517,968,000","542,413,000","557,433,000","407,538,000","487,880,000","533,275,000","553,203,000","403,665,000","498,078,000","552,816,000","546,774,000","411,398,000","500,400,000","495,500,000","475,300,000","373,000,000","415,700,000","448,100,000","452,000,000","350,500,000","397,800,000","415,100,000","408,000,000","297,200,000","316,100,000","329,200,000","316,900,000","255,200,000","276,900,000","279,100,000","280,500,000","229,800,000","253,200,000","253,500,000","217,400,000","186,600,000","202,200,000","183,800,000","167,500,000","138,600,000","153,400,000","166,200,000","157,100,000","125,500,000","139,300,000","130,200,000","132,800,000","102,500,000","130,300,000","131,500,000","126,000,000","101,300,000","110,000,000","107,500,000","96,700,000","82,100,000","100,100,000","97,200,000","105,000,000","70,600,000","84,100,000","82,400,000","77,000,000","66,600,000","75,200,000","71,800,000","69,900,000","55,500,000","70,500,000","54,800,000"
	OperatingRevenue,"6,468,145,000","1,433,879,000","1,639,538,000","1,650,420,000","1,744,307,000","1,269,395,000","1,485,915,000","1,606,670,000","1,458,961,000","1,173,976,000","1,401,292,000","1,472,764,000","1,601,401,000","1,140,630,000","1,362,531,000","1,459,989,000","1,558,156,000","1,102,677,000","1,315,416,000","1,345,394,000","1,492,846,000","1,022,496,000","1,190,770,000","1,252,063,000","1,426,584,000","988,555,000","1,155,984,000","1,242,526,000","1,373,159,000","946,367,000","1,071,128,000","1,203,896,000","1,276,782,000","863,410,000","1,071,487,000","1,164,674,000","1,170,779,000","843,736,000","1,017,426,000","1,046,714,000","1,101,770,000","773,643,000","916,085,000","985,918,000","981,768,000","678,920,000","826,343,000","894,810,000","971,511,000","666,594,000","858,658,000","915,953,000","857,341,000","635,396,000","889,965,000","985,465,000","1,075,971,000","731,773,000","905,708,000","930,339,000","1,005,723,000","679,494,000","809,386,000","844,161,000","909,161,000","612,475,000","739,350,000","747,352,000","754,416,000","516,337,000","623,469,000","661,513,000","680,878,000","480,769,000","589,834,000","590,091,000","589,546,000","433,562,000","517,968,000","542,413,000","557,433,000","407,538,000","487,880,000","533,275,000","553,203,000","403,665,000","498,078,000","552,816,000","546,774,000","411,398,000","500,400,000","495,500,000","475,300,000","373,000,000","415,700,000","448,100,000","452,000,000","350,500,000","397,800,000","415,100,000","408,000,000","297,200,000","316,100,000","329,200,000","316,900,000","255,200,000","276,900,000","279,100,000","280,500,000","229,800,000","253,200,000","253,500,000","217,400,000","186,600,000","202,200,000","183,800,000","167,500,000","138,600,000","153,400,000","166,200,000","157,100,000","125,500,000","139,300,000","130,200,000","132,800,000","102,500,000","130,300,000","131,500,000","126,000,000","101,300,000","110,000,000","107,500,000","96,700,000","82,100,000","100,100,000","97,200,000","105,000,000","70,600,000","84,100,000","82,400,000","77,000,000","66,600,000","75,200,000","71,800,000","69,900,000","55,500,000","70,500,000","54,800,000"
CostOfRevenue,"4,080,203,000","935,293,000","1,056,924,000","1,037,069,000","1,050,916,000","797,454,000","899,743,000","953,015,000","905,006,000","739,229,000","871,894,000","898,010,000","917,645,000","694,490,000","824,562,000","865,947,000","939,460,000","663,184,000","764,401,000","773,386,000","829,454,000","593,923,000","669,089,000","700,021,000","779,390,000","575,593,000","662,050,000","709,568,000","773,864,000","566,629,000","617,185,000","695,503,000","716,057,000","505,384,000","613,542,000","665,602,000","670,505,000","500,172,000","592,425,000","612,834,000","641,354,000","470,443,000","547,064,000","576,292,000","565,342,000","409,402,000","486,846,000","519,384,000","553,009,000","406,762,000","495,447,000","522,123,000","499,225,000","400,738,000","533,239,000","581,876,000","620,319,000","440,528,000","537,970,000","546,437,000","579,900,000","416,009,000","483,315,000","499,088,000","517,311,000","368,135,000","440,091,000","431,233,000","424,557,000","305,220,000","352,781,000","366,626,000","368,251,000","270,175,000","323,966,000","313,980,000","315,298,000","246,610,000","283,820,000","283,209,000","296,495,000","228,902,000","265,912,000","282,601,000","303,451,000","237,863,000","280,802,000","305,671,000","285,784,000","216,783,000","266,200,000","251,700,000","230,100,000","192,200,000","213,200,000","229,400,000","216,800,000","190,400,000","209,800,000","217,900,000","197,100,000","158,900,000","170,900,000","174,400,000","161,600,000","138,700,000","150,300,000","151,100,000","117,200,000","134,500,000","146,100,000","146,500,000","102,000,000","111,100,000","117,500,000","107,000,000","72,000,000","83,800,000","89,500,000","98,200,000","72,200,000","75,400,000","80,400,000","74,200,000","60,000,000","63,500,000","76,400,000","75,700,000","65,000,000","62,400,000","64,400,000","61,000,000",,,,,,,,,,,,,,,,
GrossProfit,"2,387,942,000","498,586,000","582,614,000","613,351,000","693,391,000","471,941,000","586,172,000","653,655,000","553,955,000","434,747,000","529,398,000","574,754,000","683,756,000","446,140,000","537,969,000","594,042,000","618,696,000","439,493,000","551,015,000","572,008,000","663,392,000","428,573,000","521,681,000","552,042,000","647,194,000","412,962,000","493,934,000","532,958,000","599,295,000","379,738,000","453,943,000","508,393,000","560,725,000","358,026,000","457,945,000","499,072,000","500,274,000","343,564,000","425,001,000","433,880,000","460,416,000","303,200,000","369,021,000","409,626,000","416,426,000","269,518,000","339,497,000","375,426,000","418,502,000","259,832,000","363,211,000","393,830,000","358,116,000","234,658,000","356,726,000","403,589,000","455,652,000","291,245,000","367,738,000","383,902,000","425,823,000","263,485,000","326,071,000","345,073,000","391,850,000","244,340,000","299,259,000","316,119,000","329,859,000","211,117,000","270,688,000","294,887,000","312,627,000","210,594,000","265,868,000","276,111,000","274,248,000","186,952,000","234,148,000","259,204,000","260,938,000","178,636,000","221,968,000","250,674,000","249,752,000","165,802,000","217,276,000","247,145,000","260,990,000","194,615,000","234,200,000","243,800,000","245,200,000","180,800,000","202,500,000","218,700,000","235,200,000","160,100,000","188,000,000","197,200,000","210,900,000","138,300,000","145,200,000","154,800,000","155,300,000","116,500,000","126,600,000","128,000,000","163,300,000","95,300,000","107,100,000","107,000,000","115,400,000","75,500,000","84,700,000","76,800,000","95,500,000","54,800,000","63,900,000","68,000,000","84,900,000","50,100,000","58,900,000","56,000,000","72,800,000","39,000,000","53,900,000","55,800,000","61,000,000","38,900,000","45,600,000","46,500,000",,,,,,,,,,,,,,,,
OperatingExpense,"1,756,715,000","433,569,000","437,709,000","418,850,000","466,470,000","402,186,000","399,418,000","395,953,000","362,862,000","381,866,000","403,357,000","400,566,000","468,937,000","410,871,000","430,080,000","459,742,000","466,163,000","382,972,000","419,599,000","394,409,000","453,909,000","386,032,000","419,494,000","384,085,000","424,616,000","370,913,000","352,594,000","372,854,000","395,359,000","346,171,000","334,889,000","346,525,000","389,416,000","322,205,000","343,048,000","335,459,000","353,896,000","318,638,000","325,761,000","310,940,000","322,161,000","277,456,000","281,874,000","273,140,000","296,648,000","256,676,000","250,070,000","253,421,000","305,119,000","257,212,000","270,352,000","273,199,000","259,215,000","265,618,000","278,982,000","292,690,000","312,506,000","266,160,000","274,718,000","271,035,000","292,620,000","240,964,000","249,715,000","237,585,000","266,375,000","224,657,000","246,808,000","214,860,000","229,696,000","195,273,000","202,034,000","202,442,000","224,677,000","193,496,000","204,548,000","195,918,000","201,043,000","173,338,000","181,499,000","184,107,000","195,908,000","166,025,000","174,076,000","181,619,000","196,638,000","159,668,000","172,943,000","184,036,000","219,576,000","175,840,000","185,400,000","176,700,000","179,600,000","162,100,000","157,600,000","155,600,000","174,000,000","140,900,000","141,000,000","138,300,000","153,900,000","116,400,000","105,100,000","105,500,000","105,700,000","95,800,000","92,600,000","87,700,000","120,700,000","76,700,000","74,800,000","70,200,000","86,400,000","61,200,000","56,900,000","49,800,000","72,100,000","43,700,000","42,700,000","44,300,000","62,900,000","38,900,000","38,900,000","37,400,000","59,200,000","32,900,000","35,800,000","35,800,000","47,900,000","31,600,000","29,300,000","28,800,000",,,,,,,,,,,,,,,,
	SellingGeneralAndAdministration,"1,756,715,000","433,569,000","437,709,000","418,850,000","466,470,000","402,186,000","399,418,000","395,953,000","362,862,000","381,866,000","403,357,000","400,566,000","468,937,000","410,871,000","430,080,000","459,742,000","466,163,000","382,972,000","419,599,000","394,409,000","453,909,000","386,032,000","419,494,000","384,085,000","424,616,000","370,913,000","352,594,000","372,854,000","395,359,000","346,171,000","334,889,000","346,525,000","389,416,000","322,205,000","343,048,000","335,459,000","353,896,000","318,638,000","325,761,000","310,940,000","322,161,000","277,456,000","281,874,000","273,140,000","296,648,000","256,676,000","250,070,000","253,421,000","305,119,000","257,212,000","270,352,000","273,199,000","259,215,000","265,618,000","278,982,000","292,690,000","312,506,000","266,160,000","274,718,000","271,035,000","292,620,000","240,964,000","249,715,000","237,585,000","266,375,000","224,657,000","246,808,000","214,860,000","229,696,000","195,273,000","202,034,000","202,442,000","224,677,000","193,496,000","204,548,000","195,918,000","201,043,000","173,338,000","181,499,000","184,107,000","195,908,000","166,025,000","174,076,000","181,619,000","196,638,000","159,668,000","172,943,000","184,036,000","198,558,000","155,508,000","165,500,000","158,800,000","162,600,000","145,900,000","143,000,000","141,300,000","157,400,000","127,200,000","127,400,000","125,200,000","138,500,000","103,900,000","94,000,000","93,400,000","95,000,000","84,300,000","81,900,000","78,000,000","83,800,000","76,700,000","74,800,000","70,200,000","60,500,000","61,200,000","56,900,000","49,800,000","50,700,000","43,700,000","42,700,000","44,300,000","45,900,000","37,900,000","38,200,000","36,700,000","46,500,000","32,400,000","35,200,000","35,200,000","37,000,000","31,100,000","28,900,000","28,400,000",,,,,,,,,,,,,,,,
	DepreciationAmortizationDepletionIncomeStatement,,,,,,,,,,,,,,,,,,,,,,,,,,,,,,,,,,,,,,,,,,,,,,,,,,,,,,,,,,,,,,,,,,,,,,,,,,,,,,,,,,,,,,,,,"21,018,000","20,332,000","19,900,000","17,900,000","17,000,000","16,200,000","14,600,000","14,300,000","16,600,000","13,700,000","13,600,000","13,100,000","15,400,000","12,500,000","11,100,000","12,100,000","10,700,000","11,500,000","10,700,000","9,700,000",,,,,,,,,,,,,"17,000,000","1,000,000","700,000","700,000","12,700,000","500,000","600,000","600,000","10,900,000","500,000","400,000","400,000",,,,,,,,,,,,,,,,
		DepreciationAndAmortizationInIncomeStatement,,,,,,,,,,,,,,,,,,,,,,,,,,,,,,,,,,,,,,,,,,,,,,,,,,,,,,,,,,,,,,,,,,,,,,,,,,,,,,,,,,,,,,,,,"21,018,000","20,332,000","19,900,000","17,900,000","17,000,000","16,200,000","14,600,000","14,300,000","16,600,000","13,700,000","13,600,000","13,100,000","15,400,000","12,500,000","11,100,000","12,100,000","10,700,000","11,500,000","10,700,000","9,700,000",,,,,,,,,,,,,"17,000,000","1,000,000","700,000","700,000","12,700,000","500,000","600,000","600,000","10,900,000","500,000","400,000","400,000",,,,,,,,,,,,,,,,
	OtherOperatingExpenses,,,,,,,,,,,,,,,,,,,,,,,,,,,,,,,,,,,,,,,,,,,,,,,,,,,"-2,057,000",,,,,,,,,,,,,,,,,,,,,,,,,,,,,,,,,,,,,,,,,,,,,,,,,,,,,,,,,,,,,,,,,,,,,,,,,,,,,,,,,,,,,,,,,,,,,,,,,
OperatingIncome,"631,227,000","65,017,000","144,905,000","194,501,000","226,921,000","69,755,000","186,754,000","257,702,000","191,093,000","52,881,000","126,041,000","174,188,000","214,819,000","35,269,000","107,889,000","134,300,000","152,533,000","56,521,000","131,416,000","177,599,000","209,483,000","42,541,000","102,187,000","167,957,000","222,578,000","42,049,000","141,340,000","160,104,000","203,936,000","33,567,000","119,054,000","161,868,000","171,309,000","35,821,000","114,897,000","163,613,000","146,378,000","24,926,000","99,240,000","122,940,000","138,255,000","25,744,000","87,147,000","136,486,000","119,778,000","12,842,000","89,427,000","122,005,000","113,383,000","2,620,000","92,859,000","120,631,000","98,901,000","-30,960,000","77,744,000","110,899,000","143,146,000","25,085,000","93,020,000","112,867,000","133,203,000","22,521,000","76,356,000","107,488,000","125,475,000","19,683,000","52,451,000","101,259,000","100,163,000","15,844,000","68,654,000","92,445,000","87,950,000","17,098,000","61,320,000","80,193,000","73,205,000","13,614,000","52,649,000","75,097,000","65,030,000","12,611,000","47,892,000","69,055,000","53,114,000","6,134,000","44,333,000","63,109,000","41,414,000","18,775,000","48,800,000","67,100,000","65,600,000","18,700,000","44,900,000","63,100,000","61,200,000","19,200,000","47,000,000","58,900,000","57,000,000","21,900,000","40,100,000","49,300,000","49,600,000","20,700,000","34,000,000","40,300,000","42,600,000","18,600,000","32,300,000","36,800,000","29,000,000","14,300,000","27,800,000","27,000,000","23,400,000","11,100,000","21,200,000","23,700,000","22,000,000","11,200,000","20,000,000","18,600,000","13,600,000","6,100,000","18,100,000","20,000,000","13,100,000","7,300,000","16,300,000","17,700,000","-232,300,000","82,100,000","100,100,000","97,200,000","-194,100,000","70,600,000","84,100,000","82,400,000","-178,200,000","66,600,000","75,200,000","71,800,000","-156,400,000","55,500,000","70,500,000","54,800,000"
NetNonOperatingInterestIncomeExpense,"-81,057,000","-20,813,000","-20,009,000","-19,956,000","-20,279,000","-19,996,000","-20,492,000","-21,078,000","-21,128,000","-22,680,000","-24,912,000","-26,969,000","-26,257,000","-25,449,000","-23,127,000","-23,502,000","-22,561,000","-26,005,000","-25,099,000","-25,879,000","-26,714,000","-22,170,000","-21,812,000","-21,638,000","-22,232,000","-21,121,000","-21,260,000","-21,096,000","-25,691,000","-17,806,000","-17,803,000","-18,011,000","-18,274,000","-17,960,000","-19,168,000","-19,222,000","-20,267,000","-18,327,000","-18,303,000","-16,135,000","-18,433,000","-17,897,000","-17,909,000","-17,806,000","-16,415,000","-16,502,000","-16,468,000","-15,018,000","-11,967,000","-15,802,000","-14,672,000","-12,797,000","-12,960,000","-13,520,000",,,,,,,,,,,,,,,,,,,,,,,,,,,,,,,,,,,,,,,,,,,,,,,,,,,,,,,,,,,,,,,,,,,,,,,,,,,,,,,,,,,,,,,,,,,,,,
	InterestIncomeNonOperating,"4,495,000","1,203,000","993,000","1,153,000","1,146,000","968,000","774,000","667,000","1,245,000","1,292,000","1,429,000","1,348,000","2,077,000","1,076,000",,"904,000","1,358,000","1,454,000","1,297,000","894,000","788,000","1,599,000","1,093,000","1,140,000","1,373,000","2,019,000","1,218,000","1,364,000","1,612,000","3,687,000","1,601,000","1,404,000","1,403,000","1,780,000","1,641,000","1,503,000","775,000","2,179,000","1,565,000","2,295,000",,,,,,,,"1,024,000",,,,,,,,,,,,,,,,,,,,,,,,,,,,,,,,,,,,,,,,,,,,,,,,,,,,,,,,,,,,,,,,,,,,,,,,,,,,,,,,,,,,,,,,,,,,,,,,,,,,
	InterestExpenseNonOperating,"85,552,000","22,016,000","21,002,000","21,109,000","21,425,000","20,964,000","21,266,000","21,745,000","22,373,000","23,972,000","26,341,000","28,317,000","28,334,000","26,525,000","23,127,000","24,406,000","23,919,000","27,459,000","26,396,000","26,773,000","27,502,000","23,769,000","22,905,000","22,778,000","23,605,000","23,140,000","22,478,000","22,460,000","27,303,000","21,493,000","19,404,000","19,415,000","19,677,000","19,740,000","20,809,000","20,725,000","21,042,000","20,506,000","19,868,000","18,430,000","18,433,000","17,897,000","17,909,000","17,806,000","16,415,000","16,502,000","16,468,000","16,042,000","16,002,000","15,802,000","14,672,000","12,797,000","12,960,000","13,520,000",,,,,,,,,,,,,,,,,,,,,,,,,,,,,,,,,,,,,,,,,,,,,,,,,,,,,,,,,,,,,,,,,,,,,,,,,,,,,,,,,,,,,,,,,,,,,,
OtherIncomeExpense,"39,205,000","-3,707,000","38,258,000","6,926,000","-2,389,000","6,101,000","694,000","4,745,000","-23,110,000","-13,893,000","624,000","-4,370,000","-11,712,000","-5,356,000","-18,169,000","-18,860,000","-12,087,000","4,182,000","2,864,000","3,564,000","2,949,000","-3,374,000","-187,232,000","2,156,000","-1,248,000","978,000","181,000","3,193,000","753,000","4,666,000","4,499,000","4,221,000","1,467,000","7,324,000","1,855,000","2,825,000","-29,501,000","-69,422,000","-9,895,000","-34,744,000","2,157,000","3,589,000","6,932,000","24,000","4,493,000","5,649,000","4,309,000","953,000","-10,785,000","1,833,000","2,057,000","1,094,000",,,,,,,,,"0",,"15,000,000",,"-335,000,000","-15,000,000","-15,000,000","-15,000,000","-16,000,000","-15,000,000","-47,000,000",,,,,,,,,,,,,,,,,,"-6,970,000",,,"-45,000,000",,,,,,,,,,,,,,,,,,,,,,,,,,,"100,000","-200,000","-2,000,000","100,000",,"1,200,000","200,000","1,700,000","500,000","600,000","-2,000,000","400,000","700,000","400,000",,,,,,,,,,,,,,,,
	GainOnSaleOfSecurity,"4,799,000","-5,558,000","-3,809,000","4,597,000","9,569,000","10,486,000","8,745,000","12,096,000","-1,860,000","-5,128,000","7,376,000","4,037,000","-1,473,000","3,650,000","-7,033,000","1,529,000","5,421,000","4,017,000","2,442,000","3,559,000","3,315,000","2,045,000","1,540,000","2,884,000","1,414,000","1,729,000","2,354,000","2,704,000","433,000","4,006,000","3,457,000","2,399,000","662,000","5,971,000","475,000","2,442,000","4,419,000","4,182,000","-598,000","-3,391,000","927,000",,,"24,000","4,493,000",,"4,309,000","716,000","-2,824,000","1,833,000","2,057,000",,,,,,,,,,,,,,,,,,,,,,,,,,,,,,,,,,,,,,,,,,,,,,,,,,,,,,,,,,,,,,,,,,,,,,,,,,,,,,,,,,,,,,,,,,,,,,,,,
	EarningsFromEquityInterest,,,,,"-113,000","145,000","297,000","187,000","40,000","150,000","65,000","-91,000","33,000","133,000",,"118,000","172,000","313,000","244,000","273,000","234,000","242,000","324,000","214,000","8,456,000","645,000","473,000","479,000","224,000","530,000","664,000","605,000","434,000","920,000","782,000","752,000","-4,384,000","525,000","-9,280,000","-31,533,000",,,,,,,,,,,,,,,,,,,,,,,,,,,,,,,,,,,,,,,,,,,,,,,,,,,,,,,,,,,,,,,,,,,,,,,,,,,,,,,,,,,,,,,,,,,,,,,,,,,,,,,,,,,,
	SpecialIncomeCharges,"31,537,000","-891,000","39,147,000","-1,010,000","-5,826,000","-3,129,000","-4,918,000","-4,233,000","-14,342,000","-7,466,000","-5,627,000","-6,622,000","-10,021,000","-8,679,000","-7,724,000","-20,076,000","-17,514,000","0","0","0","0","-4,917,000","-188,515,000","-186,000","-9,799,000","-839,000","-2,472,000",,"-22,000","0","0",,"0",,"-111,000","-51,000","-33,743,000","-6,131,000","-450,000","-114,000","-11,628,000","3,589,000","6,932,000","24,000",,"5,649,000","4,309,000","237,000",,,,"1,094,000",,,,,,,,,"0",,"15,000,000",,"-335,000,000","-15,000,000","-15,000,000","-15,000,000","-16,000,000","-15,000,000","-47,000,000",,,,,,,,,,,,,,,,,,"-6,970,000",,,"-45,000,000",,,,,,,,,,,,,,,,,,,,,,,,,,,"100,000","-200,000","-2,000,000","100,000",,"1,200,000","200,000","1,700,000","500,000","600,000","-2,000,000","400,000","700,000","400,000",,,,,,,,,,,,,,,,
		RestructuringAndMergernAcquisition,"10,954,000","1,140,000","2,977,000","1,010,000","5,826,000","3,129,000","4,918,000","4,233,000","14,342,000","7,343,000","4,801,000","6,622,000","5,831,000","8,679,000","7,724,000","20,076,000","17,514,000",,,,,,,,,,,,,,,,,,,,,,,,,,,,,,,,,,,,,,,,,,,,,,,,,,,,,,,,,,,,,,,,,,,,,,,,,,,,,,,,,,,,,,,,,,,,,,,,,,,,,,,,,,,,,,,,,,,,,,,,,,,,,,,,,,,
		ImpairmentOfCapitalAssets,,,,,,,,,"0",,,,"2,201,000",,,,"0","0","0",,"0","4,900,000","188,298,000",,,,,,,,,,,,,,,,,,,,,,,,,,,,,,,,,,,,,,,,,,,,,,,,,,,,,,,,,,,,,,,,,,,,,,,,,,,,,,,,,,,,,,,,,,,,,,,,,,,,,,,,,,,,,,,,,,,,,,,,,,,,,
		WriteOff,,,,,,,,,,,,,,,,,,"0",,"0","0","17,000","217,000","186,000","499,000","839,000","2,472,000",,"22,000","0","0",,"0",,"111,000","51,000","13,671,000","44,000","450,000","114,000",,,,,,,,,,,,,,,,,,,,,,,,,,,,,,,,,,,,,,,,,,,,,,,,,,,,,,,,,,,,,,,,,,,,,,,,,,,,,,,,,,,,,,,,,,,,,,,,,,,,,,,,,,,,
		OtherSpecialCharges,,,,,,,,,,,,,"0",,,,,,,,,,,,,,,,,,,,,,,,"0","6,087,000",,,,,,,,,,,,,,,,,,,,,,,,,,,,,,,,,,,,,,,,,,,,,,,,,,,,,,,,,,,,,,,,,,,,,,,,,,,,,,,,,,,,,,,,,,,,,,,,,,,,,,,,,,,,,,
		GainOnSaleOfBusiness,,,,,"0","0",,,"0","-123,000","-826,000",,,,,,,,,,,,,,,,,,,,,,,,,,,,,,,,,,,,,,,,,,,,,,,,,,,,,,,,,,,,,,,,,,,,,,,,,,,,,,,,,,,,,,,,,,,,,,,,,,,,,,,,,,,,,,,,,,,,,,,,,,,,,,,,,,,,,,,,,
		GainOnSaleOfPPE,,"249,000","42,124,000",,,,,,,,,,,,,,,,,,,,,,,,,,,,,,,,,,,,,,,,,,,,,,,,,,,,,,,,,,,,,,,,,,,,,,,,,,,,,,,,,,,,,,,,,,,,,,,,,,,,,,,,,,,,,,,,,,,,,,,,,,,,,,,,,,,,,,,,,,,,,,,,,
	OtherNonOperatingIncomeExpenses,"2,353,000","2,742,000","2,920,000","3,339,000","-6,019,000","-1,401,000","-3,430,000","-3,305,000","-6,948,000","-1,449,000","-1,190,000","-1,694,000","-251,000","-460,000","-3,412,000","-431,000","-166,000","-148,000","178,000","-268,000","-600,000","-744,000","-581,000","-756,000","-1,319,000","-557,000","-174,000","10,000","118,000","130,000","378,000","1,217,000","371,000","433,000","709,000","-318,000","4,207,000","-67,998,000","433,000","294,000","1,230,000",,,,,,,,,,,,,,,,,,,,,,,,,,,,,,,,,,,,,,,,,,,,,,,,,,,,,,,,,,,,,,,,,,,,,,,,,,,,,,,,,,,,,,,,,,,,,,,,,,,,,,,,,,,
PretaxIncome,"589,375,000","40,497,000","163,154,000","181,471,000","204,253,000","55,860,000","166,956,000","241,369,000","146,855,000","16,308,000","101,753,000","142,849,000","176,850,000","4,464,000","66,593,000","91,938,000","117,885,000","34,698,000","109,181,000","155,284,000","185,718,000","16,997,000","-106,857,000","148,475,000","199,098,000","21,906,000","120,261,000","142,201,000","178,998,000","20,427,000","105,750,000","148,078,000","154,502,000","25,185,000","97,584,000","147,216,000","96,610,000","-62,823,000","71,042,000","72,062,000","121,979,000","11,436,000","76,170,000","118,704,000","107,856,000","1,989,000","77,268,000","107,940,000","90,631,000","-11,349,000","80,244,000","108,928,000","64,685,000","-44,480,000","60,350,000","100,313,000","-157,631,000","15,623,000","80,913,000","100,149,000","121,834,000","11,375,000","80,041,000","94,285,000","-222,477,000","-5,279,000","27,597,000","77,684,000","74,270,000","-7,756,000","12,739,000","84,475,000","79,766,000","9,331,000","54,609,000","73,910,000","-73,217,000","7,512,000","45,665,000","67,893,000","56,649,000","4,951,000","36,533,000","55,991,000","39,067,000","-11,319,000","27,206,000","46,533,000","18,609,000","6,324,000","35,100,000","12,300,000","59,700,000","10,400,000","36,200,000","53,400,000","53,500,000","9,600,000","37,300,000","49,000,000","48,700,000","13,100,000","32,200,000","41,700,000","43,300,000","13,900,000","27,400,000","34,300,000","35,600,000","12,700,000","26,600,000","32,000,000","25,800,000","9,600,000","24,200,000","24,200,000","20,200,000","7,800,000","17,900,000","20,200,000","16,300,000","7,200,000","16,800,000","17,000,000","11,500,000","5,500,000","16,300,000","17,700,000","9,000,000","4,800,000","14,800,000","16,200,000",,,,,,,,,,,,,,,,
TaxProvision,"139,851,000","7,248,000","38,038,000","46,676,000","47,889,000","17,394,000","39,072,000","60,584,000","37,680,000","4,218,000","24,431,000","36,353,000","43,018,000","-10,032,000","17,420,000","21,752,000","31,977,000","-5,890,000","13,323,000","38,381,000","56,869,000","4,313,000","-36,601,000","35,081,000","45,444,000","2,613,000","36,112,000","41,839,000","50,413,000","99,379,000","31,894,000","43,239,000","40,732,000","8,274,000","29,170,000","40,327,000","28,521,000","-20,631,000","24,955,000","34,195,000","33,399,000","3,512,000","22,251,000","35,364,000","34,378,000","796,000","23,765,000","32,946,000","29,022,000","-1,949,000","24,351,000","35,903,000","25,379,000","-13,547,000","18,624,000","30,796,000","-70,067,000","3,473,000","26,058,000","31,881,000","37,879,000","1,323,000","27,100,000","32,943,000","-80,471,000","-2,592,000","9,070,000","27,723,000","28,064,000","-2,984,000","3,627,000","29,989,000","26,793,000","3,313,000","19,386,000","26,238,000","-29,848,000","2,629,000","16,025,000","23,720,000","19,428,000","1,677,000","12,043,000","19,422,000","14,806,000","-4,301,000","10,338,000","17,683,000","8,976,000","2,593,000","14,400,000","5,000,000","24,200,000","4,300,000","14,500,000","22,200,000","20,900,000","4,100,000","15,900,000","20,800,000","20,400,000","5,600,000","13,700,000","17,700,000","18,700,000","5,900,000","11,600,000","14,700,000","15,500,000","5,400,000","11,300,000","13,600,000","9,000,000","3,000,000","10,300,000","10,300,000","8,200,000","3,100,000","7,200,000","8,200,000","6,400,000","2,900,000","6,700,000","6,800,000","3,800,000","2,200,000","6,500,000","7,100,000","2,700,000","1,900,000","6,000,000","6,600,000",,,,,,,,,,,,,,,,
NetIncomeCommonStockholders,"444,605,000","33,019,000","123,772,000","133,440,000","154,869,000","38,057,000","126,529,000","179,043,000","108,556,000","11,853,000","77,030,000","105,565,000","132,862,000","14,081,000","48,764,000","69,153,000","85,179,000","39,697,000","94,150,000","114,666,000","126,104,000","11,696,000","-70,926,000","110,950,000","150,500,000","18,266,000","81,862,000","98,238,000","125,380,000","-57,348,000","68,164,000","96,900,000","106,310,000","15,922,000","62,183,000","100,813,000","63,889,000","-42,356,000","40,739,000","33,271,000","78,545,000","6,625,000","49,931,000","76,811,000","70,174,000","1,097,000","48,791,000","68,996,000","60,519,000","-9,400,000","55,893,000","73,025,000","39,306,000","-30,933,000","41,726,000","69,517,000","-87,564,000","12,150,000","54,855,000","68,268,000","83,955,000","10,052,000","52,941,000","61,342,000","-142,006,000","-2,687,000","18,527,000","49,961,000","46,206,000","-4,772,000","9,112,000","54,486,000","52,973,000","6,018,000","35,223,000","47,672,000","-43,369,000","4,883,000","29,640,000","44,173,000","37,221,000","3,274,000","24,490,000","36,569,000","24,261,000","-7,018,000","16,868,000","28,850,000","9,633,000","3,731,000","20,700,000","7,300,000","35,500,000","6,100,000","21,700,000","31,200,000","32,600,000","5,500,000","21,400,000","28,200,000","28,300,000","7,500,000","18,500,000","24,000,000","24,600,000","8,000,000","15,800,000","19,600,000","20,100,000","7,300,000","15,300,000","18,400,000","16,800,000","6,600,000","13,900,000","13,900,000","12,000,000","4,700,000","10,700,000","12,000,000","9,900,000","4,300,000","10,100,000","10,200,000","7,700,000","3,300,000","9,800,000","10,600,000","6,300,000","2,900,000","8,800,000","9,600,000",,,,,,,,,,,,,,,,
	NetIncome,"448,623,000","33,019,000","124,875,000","134,582,000","156,147,000","38,242,000","127,659,000","180,595,000","109,313,000","11,853,000","77,030,000","106,188,000","133,380,000","14,190,000","49,224,000","69,764,000","85,664,000","40,227,000","95,463,000","116,416,000","128,052,000","11,928,000","-70,926,000","112,769,000","152,895,000","18,582,000","83,433,000","99,815,000","127,987,000","-57,348,000","69,766,000","99,079,000","108,779,000","16,221,000","63,562,000","103,098,000","65,378,000","-42,356,000","41,668,000","33,913,000","82,569,000","6,625,000","49,931,000","76,811,000","70,174,000","1,097,000","48,791,000","68,996,000","60,519,000","-9,400,000","55,893,000","73,025,000","39,306,000","-30,933,000","41,726,000","69,517,000","-87,564,000","12,150,000","54,855,000","68,268,000","83,955,000","10,052,000","52,941,000","61,342,000","-142,006,000","-2,687,000","18,527,000","49,961,000","46,206,000","-4,772,000","9,112,000","54,486,000","52,973,000","6,018,000","35,223,000","47,672,000","-43,369,000","4,883,000","29,640,000","44,173,000","37,221,000","3,274,000","24,490,000","36,569,000","24,261,000","-7,018,000","16,868,000","28,850,000","9,633,000","3,731,000","20,700,000","7,300,000","35,500,000","6,100,000","21,700,000","31,200,000","32,600,000","5,500,000","21,400,000","28,200,000","28,300,000","7,500,000","18,500,000","24,000,000","24,600,000","8,000,000","15,800,000","19,600,000","20,100,000","7,300,000","15,300,000","18,400,000","16,800,000","6,600,000","13,900,000","13,900,000","12,000,000","4,700,000","10,700,000","12,000,000","9,900,000","4,300,000","10,100,000","10,200,000","7,700,000","3,300,000","9,800,000","10,600,000","6,300,000","2,900,000","8,800,000","9,600,000",,,,,,,,,,,,,,,,
		NetIncomeIncludingNoncontrollingInterests,"449,524,000","33,249,000","125,116,000","134,795,000","156,364,000","38,466,000","127,884,000","180,785,000","109,175,000","12,090,000","77,322,000","106,496,000","133,832,000","14,496,000","49,173,000","70,186,000","85,908,000","40,588,000","95,858,000","116,903,000","128,849,000","12,684,000","-70,256,000","113,394,000","153,654,000","19,293,000","84,149,000","100,362,000","128,585,000","-78,952,000","73,856,000","104,839,000","113,770,000","16,911,000","68,414,000","106,889,000","68,089,000","-42,192,000","46,087,000","37,867,000","88,580,000","7,924,000","53,919,000","83,340,000","73,478,000","1,193,000","53,503,000","74,994,000","61,609,000","-9,400,000","55,893,000","73,025,000","39,306,000","-30,933,000","41,726,000","69,517,000","-87,564,000","12,150,000","54,855,000","68,268,000","83,955,000","10,052,000","52,941,000","61,342,000","-142,006,000","-2,687,000","18,527,000","49,961,000","46,206,000","-4,772,000","9,112,000","54,486,000","52,973,000","6,018,000","35,223,000","47,672,000","-43,369,000","4,883,000","29,640,000","44,173,000","37,221,000","3,274,000","24,490,000","36,569,000","24,261,000","-7,018,000","16,868,000","28,850,000","9,633,000","3,731,000","20,700,000","7,300,000","35,500,000","6,100,000","21,700,000","31,200,000","32,600,000","5,500,000","21,400,000","28,200,000","28,300,000","7,500,000","18,500,000","24,000,000","24,600,000","8,000,000","15,800,000","19,600,000","20,100,000","7,300,000","15,300,000","18,400,000","16,800,000","6,600,000","13,900,000","13,900,000","12,000,000","4,700,000","10,700,000","12,000,000","9,900,000","4,300,000","10,100,000","10,200,000","7,700,000","3,300,000","9,800,000","10,600,000","6,400,000","2,900,000","8,800,000","9,700,000","5,200,000","2,400,000","7,900,000","8,700,000","6,300,000","1,800,000","6,000,000","7,300,000","3,700,000","1,500,000","4,800,000","5,900,000","3,200,000","1,200,000","3,800,000","4,400,000"
			NetIncomeContinuousOperations,"449,524,000","33,249,000","125,116,000","134,795,000","156,364,000","38,466,000","127,884,000","180,785,000","109,175,000","12,090,000","77,322,000","106,496,000","133,832,000","14,496,000","49,173,000","70,186,000","85,908,000","40,588,000","95,858,000","116,903,000","128,849,000","12,684,000","-70,256,000","113,394,000","153,654,000","19,293,000","84,149,000","100,362,000","128,585,000","-78,952,000","73,856,000","104,839,000","113,770,000","16,911,000","68,414,000","106,889,000","68,089,000","-42,192,000","46,087,000","37,867,000","88,580,000","7,924,000","53,919,000","83,340,000","73,478,000","1,193,000","53,503,000","74,994,000","61,609,000","-9,400,000","55,893,000","73,025,000","39,306,000","-30,933,000","41,726,000","69,517,000","-87,564,000","12,150,000","54,855,000","68,268,000","83,955,000","10,052,000","52,941,000","61,342,000","-142,006,000","-2,687,000","18,527,000","49,961,000","46,206,000","-4,772,000","9,112,000","54,486,000","52,973,000","6,018,000","35,223,000","47,672,000","-43,369,000","4,883,000","29,640,000","44,173,000","37,221,000","3,274,000","24,490,000","36,569,000","24,261,000","-7,018,000","16,868,000","28,850,000","9,633,000","3,731,000","20,700,000","7,300,000","35,500,000","6,100,000","21,700,000","31,200,000","32,600,000","5,500,000","21,400,000","28,200,000","28,300,000","7,500,000","18,500,000","24,000,000","24,600,000","8,000,000","15,800,000","19,600,000","20,100,000","7,300,000","15,300,000","18,400,000","16,800,000","6,600,000","13,900,000","13,900,000","12,000,000","4,700,000","10,700,000","12,000,000","9,900,000","4,300,000","10,100,000","10,200,000","7,700,000","3,300,000","9,800,000","10,600,000","6,300,000","2,900,000","8,800,000","9,600,000","5,200,000","2,400,000","7,900,000","8,700,000","6,300,000","1,800,000","6,000,000","7,300,000","3,700,000","1,500,000","4,800,000","5,900,000","3,200,000","1,200,000","3,800,000","4,400,000"
		MinorityInterests,"-901,000","-230,000","-241,000","-213,000","-217,000","-224,000","-225,000","-190,000","138,000","-237,000","-292,000","-308,000","-452,000","-306,000","51,000","-422,000","-244,000","-361,000","-395,000","-487,000","-797,000","-756,000","-670,000","-625,000","-759,000","-711,000","-716,000","-547,000","-598,000","21,604,000","-4,090,000","-5,760,000","-4,991,000","-690,000","-4,852,000","-3,791,000","-2,711,000","-164,000","-4,419,000","-3,954,000","-6,011,000","-1,299,000","-3,988,000","-6,529,000","-3,304,000","-96,000","-4,712,000","-5,998,000",,,,,,,,,,,,,,,,,,,,,,,,,,,,,,,,,,,,,,,,,,,,,,,,,,,,,,,,,,,,,,,,,,,,,,,,,,,,,,,,,,,,"-100,000",,,,,,,,,,,,,,,,
	OtherunderPreferredStockDividend,,,"1,103,000","1,142,000","1,278,000","185,000","1,130,000","1,552,000","757,000","0",,"623,000","518,000","109,000","460,000","611,000","485,000","530,000","1,313,000","1,750,000","1,948,000","232,000",,"1,819,000","2,395,000","316,000","1,571,000","1,577,000","2,607,000",,"1,602,000","2,179,000","2,469,000","299,000","1,379,000","2,285,000","1,489,000",,"929,000","642,000",,,,,,,,,,,,,,,,,,,,,,,,,,,,,,,,,,,,,,,,,,,,,,,,,,,,,,,,,,,,,,,,,,,,,,,,,,,,,,,,,,,,,,,,,,,,,,,,,,,,,,,,,,,,
AverageDilutionEarnings,,,"2,000","4,000","4,000","185,000","4,000","4,000","1,954,000","0",,"2,000","4,173,000","109,000",,"1,481,000","5,173,000","0","1,382,000","1,382,000",,,,"1,369,000","3,758,000",,"2,925,000","2,933,000","1,364,000",,"1,346,000","1,351,000","1,305,000",,"6,000","12,000","5,000",,"2,000","1,000",,,,,,,,,,,,,,,,,,,,,,,,,,,,,,,,,,,,,,,,,,,,,,,,,,,,,,,,,,,,,,,,,,,,,,,,,,,,,,,,,,,,,,,,,,,,,,,,,,,,,,,,,,,,
DilutedNIAvailtoComStockholders,"444,618,000","33,019,000","123,774,000","133,444,000","154,873,000","38,242,000","126,533,000","179,047,000","110,510,000","11,853,000","77,030,000","105,567,000","137,035,000","14,190,000","48,764,000","70,634,000","90,352,000","39,697,000","95,532,000","116,048,000","131,563,000","11,696,000","-70,926,000","112,319,000","154,258,000","18,266,000","84,787,000","101,171,000","126,744,000","-57,348,000","69,510,000","98,251,000","107,615,000","15,922,000","62,189,000","100,825,000","63,894,000","-42,356,000","40,741,000","33,272,000","78,554,000","6,625,000","49,931,000","76,811,000","70,174,000","1,097,000","48,791,000","68,996,000","60,519,000","-9,400,000","55,893,000","73,025,000","39,306,000","-30,933,000","41,726,000","69,517,000","-87,564,000","12,150,000","54,855,000","68,268,000","83,955,000","10,052,000","52,941,000","61,342,000","-142,006,000","-2,687,000","18,527,000","49,961,000","46,206,000","-4,772,000","9,112,000","54,486,000","52,973,000","6,018,000","35,223,000","47,672,000","-43,369,000","4,883,000","29,640,000","44,173,000","37,221,000","3,274,000","24,490,000","36,569,000","24,261,000","-7,018,000","16,868,000","28,850,000","9,633,000","3,731,000","20,700,000","7,300,000","35,500,000","6,100,000","21,700,000","31,200,000","32,600,000","5,500,000","21,400,000","28,200,000","28,300,000","7,500,000","18,500,000","24,000,000","24,600,000","8,000,000","15,800,000","19,600,000","20,100,000","7,300,000","15,300,000","18,400,000","16,800,000","6,600,000","13,900,000","13,900,000","12,000,000","4,700,000","10,700,000","12,000,000","9,900,000","4,300,000","10,100,000","10,200,000","7,700,000","3,300,000","9,800,000","10,600,000","6,300,000","2,900,000","8,800,000","9,600,000",,,,,,,,,,,,,,,,
BasicEPS,,"0.26","0.97","1.04","1.21","0.3","0.98","1.39","0.85","0.09","0.6","0.82","1.03","0.11","0.37","0.52","0.65","0.3","0.72","0.87","0.96","0.09","-0.54","0.85","1.16","0.14","0.63","0.76",,"0.2","0.52","0.74","0.82","0.12","0.48","0.78",,"-0.33","0.32","0.26","0.63","0.05","0.38","0.59",,"0.01","0.38","0.53",,"-0.07","0.44","0.57",,"-0.24","0.33","0.56",,"0.1","0.46","0.57",,"0.08","0.45","0.52",,"-0.02","0.16","0.43",,"-0.04","0.08","0.47",,"0.05","0.3","0.41",,"0.04","0.26","0.38",,"0.03","0.24","0.36",,"-0.07","0.17","0.28",,"0.04","0.19","0.07",,"0.06","0.2","0.3",,"0.06","0.22","0.29",,"0.08","0.19","0.25",,"0.09","0.18","0.22",,"0.08","0.18","0.21",,"0.08","0.16","0.18",,"0.06","0.14","0.16",,"0.06","0.14","0.14",,"0.05","0.14","0.15",,"0.05","0.14","0.14",,"0.04","0.12","0.14",,"0.03","0.1","0.12",,"0.02","0.08","0.1",,"0.02","0.08","0.1"
DilutedEPS,,"0.25","0.96","1.04","1.2","0.29","0.98","1.39","0.84","0.09","0.59","0.82","1.02","0.11","0.37","0.52","0.63","0.3","0.7","0.86","0.94","0.09","-0.54","0.83","1.13","0.14","0.62","0.74",,"0.2","0.52","0.73","0.8","0.12","0.48","0.77",,"-0.33","0.31","0.26","0.63","0.05","0.38","0.59",,"0.01","0.38","0.53",,"-0.07","0.43","0.57",,"-0.24","0.33","0.54",,"0.1","0.43","0.53",,"0.08","0.42","0.49",,"-0.02","0.15","0.4",,"-0.04","0.08","0.465",,"0.05","0.3","0.41",,"0.04","0.255","0.38",,"0.03","0.24","0.36",,"-0.07","0.17","0.28",,"0.04","0.19","0.07",,"0.06","0.2","0.29",,"0.06","0.21","0.27",,"0.08","0.18","0.23",,"0.09","0.17","0.21",,"0.08","0.16","0.19",,"0.08","0.14","0.16",,"0.06","0.14","0.15",,"0.06","0.14","0.14",,"0.05","0.14","0.14",,"0.05","0.13","0.14",,"0.04","0.11","0.13",,"0.03","0.1","0.12",,"0.02","0.08","0.1",,"0.02","0.08","0.1"
BasicAverageShares,,"127,943,000","128,022,000","128,083,000","127,977,000","128,447,000","128,500,000","128,418,000","128,155,000","128,426,000","128,393,000","128,882,000","129,167,000","130,105,000","131,058,000","131,861,000","131,186,000","131,178,000","131,163,000","131,236,000","130,676,000","130,677,000","130,695,000","130,600,000","129,017,000","129,068,000","129,398,000","130,045,000",,"129,795,000","130,028,000","130,094,000","129,532,000","129,453,000","129,426,000","129,344,000",,"129,013,000","128,885,000","128,805,000","128,301,000","128,121,000","127,986,000","128,094,000",,"127,166,000","127,012,000","127,787,000",,"127,500,000","127,373,000","126,774,000",,"126,575,000","127,090,000","124,935,000",,"120,091,000","120,057,000","119,677,000",,"118,430,000","117,600,000","117,467,000",,"116,881,000","116,710,000","116,542,000",,"117,284,000","116,659,000","116,163,000",,"115,835,000","115,670,000","115,557,000",,"115,583,000","115,240,000","114,765,000",,"102,508,000","102,041,667","101,580,556",,"100,257,143","99,223,529","103,035,714",,"93,275,000","108,947,368","109,465,000",,"101,666,667","108,500,000","104,000,000",,"91,666,667","97,272,727","97,241,379",,"93,750,000","97,368,421","96,000,000",,"88,888,889","87,777,778","89,090,909",,"91,250,000","85,000,000","87,619,048",,"82,500,000","86,875,000","77,222,222",,"78,333,333","76,428,571","75,000,000",,"71,666,667","72,142,857","72,857,143",,"66,000,000","70,000,000","70,666,667",,"58,000,000","62,857,143","68,571,429",,"65,850,000","65,850,000","65,658,000",,"60,581,000","60,581,000","60,581,000",,"60,276,000","60,276,000","60,276,000",,"56,330,000","54,875,000","45,664,000"
DilutedAverageShares,,"129,702,000","128,494,000","128,570,000","129,728,000","129,949,000","129,090,000","128,783,000","129,623,000","130,028,000","129,079,000","129,504,000","131,175,000","131,889,000","131,667,000","136,430,000","137,158,000","131,178,000","135,592,000","135,720,000","135,162,000","130,677,000","130,695,000","135,241,000","136,408,000","129,068,000","136,734,000","137,307,000",,"129,795,000","134,966,000","135,032,000","134,423,000","129,453,000","130,418,000","130,294,000",,"129,013,000","129,700,000","129,570,000","129,005,000","130,377,000","128,432,000","128,628,000",,"129,442,000","127,670,000","128,254,000",,"127,500,000","129,164,000","127,098,000",,"126,575,000","128,137,000","130,188,000",,"130,223,000","130,608,000","130,026,000",,"129,001,000","128,674,000","128,192,000",,"116,881,000","127,542,000","127,262,000",,"119,152,000","118,284,000","117,078,000",,"117,351,000","116,443,000","116,233,000",,"116,121,000","116,201,000","115,760,000",,"103,720,000","102,041,667","101,580,556",,"100,257,143","99,223,529","103,035,714",,"93,275,000","108,947,368","109,849,000",,"101,666,667","108,500,000","107,586,207",,"91,666,667","101,904,762","104,444,444",,"93,750,000","102,777,778","104,347,826",,"88,888,889","92,941,176","93,333,333",,"91,250,000","95,625,000","96,842,105",,"82,500,000","99,285,714","86,875,000",,"78,333,333","76,428,571","80,000,000",,"71,666,667","72,142,857","72,857,143",,"66,000,000","70,000,000","75,714,286",,"58,000,000","67,692,308","68,571,429",,"65,850,000","65,850,000","65,658,000",,"60,581,000","60,581,000","60,581,000",,"60,276,000","60,276,000","60,276,000",,"56,330,000","54,875,000","45,664,000"
TotalExpenses,"5,836,918,000","1,368,862,000","1,494,633,000","1,455,919,000","1,517,386,000","1,199,640,000","1,299,161,000","1,348,968,000","1,267,868,000","1,121,095,000","1,275,251,000","1,298,576,000","1,386,582,000","1,105,361,000","1,254,642,000","1,325,689,000","1,405,623,000","1,046,156,000","1,184,000,000","1,167,795,000","1,283,363,000","979,955,000","1,088,583,000","1,084,106,000","1,204,006,000","946,506,000","1,014,644,000","1,082,422,000","1,169,223,000","912,800,000","952,074,000","1,042,028,000","1,105,473,000","827,589,000","956,590,000","1,001,061,000","1,024,401,000","818,810,000","918,186,000","923,774,000","963,515,000","747,899,000","828,938,000","849,432,000","861,990,000","666,078,000","736,916,000","772,805,000","858,128,000","663,974,000","765,799,000","795,322,000","758,440,000","666,356,000","812,221,000","874,566,000","932,825,000","706,688,000","812,688,000","817,472,000","872,520,000","656,973,000","733,030,000","736,673,000","783,686,000","592,792,000","686,899,000","646,093,000","654,253,000","500,493,000","554,815,000","569,068,000","592,928,000","463,671,000","528,514,000","509,898,000","516,341,000","419,948,000","465,319,000","467,316,000","492,403,000","394,927,000","439,988,000","464,220,000","500,089,000","397,531,000","453,745,000","489,707,000","505,360,000","392,623,000","451,600,000","428,400,000","409,700,000","354,300,000","370,800,000","385,000,000","390,800,000","331,300,000","350,800,000","356,200,000","351,000,000","275,300,000","276,000,000","279,900,000","267,300,000","234,500,000","242,900,000","238,800,000","237,900,000","211,200,000","220,900,000","216,700,000","188,400,000","172,300,000","174,400,000","156,800,000","144,100,000","127,500,000","132,200,000","142,500,000","135,100,000","114,300,000","119,300,000","111,600,000","119,200,000","96,400,000","112,200,000","111,500,000","112,900,000","94,000,000","93,700,000","89,800,000",,,,,,,,,,,,,,,,
NetIncomeFromContinuingAndDiscontinuedOperation,"448,623,000","33,019,000","124,875,000","134,582,000","156,147,000","38,242,000","127,659,000","180,595,000","109,313,000","11,853,000","77,030,000","106,188,000","133,380,000","14,190,000","49,224,000","69,764,000","85,664,000","40,227,000","95,463,000","116,416,000","128,052,000","11,928,000","-70,926,000","112,769,000","152,895,000","18,582,000","83,433,000","99,815,000","127,987,000","-57,348,000","69,766,000","99,079,000","108,779,000","16,221,000","63,562,000","103,098,000","65,378,000","-42,356,000","41,668,000","33,913,000","82,569,000","6,625,000","49,931,000","76,811,000","70,174,000","1,097,000","48,791,000","68,996,000","60,519,000","-9,400,000","55,893,000","73,025,000","39,306,000","-30,933,000","41,726,000","69,517,000","-87,564,000","12,150,000","54,855,000","68,268,000","83,955,000","10,052,000","52,941,000","61,342,000","-142,006,000","-2,687,000","18,527,000","49,961,000","46,206,000","-4,772,000","9,112,000","54,486,000","52,973,000","6,018,000","35,223,000","47,672,000","-43,369,000","4,883,000","29,640,000","44,173,000","37,221,000","3,274,000","24,490,000","36,569,000","24,261,000","-7,018,000","16,868,000","28,850,000","9,633,000","3,731,000","20,700,000","7,300,000","35,500,000","6,100,000","21,700,000","31,200,000","32,600,000","5,500,000","21,400,000","28,200,000","28,300,000","7,500,000","18,500,000","24,000,000","24,600,000","8,000,000","15,800,000","19,600,000","20,100,000","7,300,000","15,300,000","18,400,000","16,800,000","6,600,000","13,900,000","13,900,000","12,000,000","4,700,000","10,700,000","12,000,000","9,900,000","4,300,000","10,100,000","10,200,000","7,700,000","3,300,000","9,800,000","10,600,000","6,300,000","2,900,000","8,800,000","9,600,000",,,,,,,,,,,,,,,,
NormalizedIncome,"420,909,058.852","38,313,629","97,770,754","131,916,859","153,281,580.878","33,173,027","124,727,518","174,705,613","121,357,897.007","21,185,154","75,700,760","108,113,825","142,078,134.057","17,861,170","60,114,666","83,915,361","94,476,702.583","37,294,590","93,318,924","113,736,073","125,752,091.348","14,070,512","51,916,575","110,707,728","159,366,128.741","17,798,161.326","83,515,600","97,905,976","127,691,754.048","-59,751,600","67,353,014","97,380,508","108,291,525.793","12,214,459","63,306,836","101,362,134","86,045,030.701","-40,987,802","42,352,344","36,191,250","87,973,310.25","4,137,823","45,023,995.825","76,794,150.02","67,113,097.927","-2,292,400","45,807,301.354","68,333,879.544","67,850,410.5","-10,918,213.058","54,460,221.213","72,291,585.726","39,306,000","-30,933,000","41,726,000","69,517,000","-87,564,000","12,150,000","54,855,000","68,268,000","83,955,000","10,052,000","43,019,647.193","61,342,000","71,822,890.177","6,313,000","28,597,116.317","59,607,967.2","56,160,167.228","4,456,984.012","42,730,337.389","54,486,000","52,973,000","6,018,000","35,223,000","47,672,000","-43,369,000","4,883,000","29,640,000","44,173,000","37,221,000","3,274,000","24,490,000","36,569,000","24,261,000","-7,018,000","16,868,000","28,850,000","13,815,000","3,731,000","20,700,000","34,300,000","35,500,000","6,100,000","21,700,000","31,200,000","32,600,000","5,500,000","21,400,000","28,200,000","28,300,000","7,500,000","18,500,000","24,000,000","24,600,000","8,000,000","15,800,000","19,600,000","20,100,000","7,300,000","15,300,000","18,400,000","16,800,000","6,600,000","13,900,000","13,900,000","12,000,000","4,700,000","10,640,000","12,120,000","11,114,723.926","4,240,000","10,100,000","9,480,000","7,566,086.957","2,280,000","9,499,386.503","10,240,000","7,700,000","2,658,333.333","8,380,000","9,360,000",,,,,,,,,,,,,,,,
InterestIncome,"4,495,000","1,203,000","993,000","1,153,000","1,146,000","968,000","774,000","667,000","1,245,000","1,292,000","1,429,000","1,348,000","2,077,000","1,076,000",,"904,000","1,358,000","1,454,000","1,297,000","894,000","788,000","1,599,000","1,093,000","1,140,000","1,373,000","2,019,000","1,218,000","1,364,000","1,612,000","3,687,000","1,601,000","1,404,000","1,403,000","1,780,000","1,641,000","1,503,000","775,000","2,179,000","1,565,000","2,295,000",,,,,,,,"1,024,000",,,,,,,,,,,,,,,,,,,,,,,,,,,,,,,,,,,,,,,,,,,,,,,,,,,,,,,,,,,,,,,,,,,,,,,,,,,,,,,,,,,,,,,,,,,,,,,,,,,,
InterestExpense,"85,552,000","22,016,000","21,002,000","21,109,000","21,425,000","20,964,000","21,266,000","21,745,000","22,373,000","23,972,000","26,341,000","28,317,000","28,334,000","26,525,000","23,127,000","24,406,000","23,919,000","27,459,000","26,396,000","26,773,000","27,502,000","23,769,000","22,905,000","22,778,000","23,605,000","23,140,000","22,478,000","22,460,000","27,303,000","21,493,000","19,404,000","19,415,000","19,677,000","19,740,000","20,809,000","20,725,000","21,042,000","20,506,000","19,868,000","18,430,000","18,433,000","17,897,000","17,909,000","17,806,000","16,415,000","16,502,000","16,468,000","16,042,000","16,002,000","15,802,000","14,672,000","12,797,000","12,960,000","13,520,000",,,,,,,,,,,,,,,,,,,,,,,,,,,,,,,,,,,,,,,,,,,,,,,,,,,,,,,,,,,,,,,,,,,,,,,,,,,,,,,,,,,,,,,,,,,,,,
NetInterestIncome,"-81,057,000","-20,813,000","-20,009,000","-19,956,000","-20,279,000","-19,996,000","-20,492,000","-21,078,000","-21,128,000","-22,680,000","-24,912,000","-26,969,000","-26,257,000","-25,449,000","-23,127,000","-23,502,000","-22,561,000","-26,005,000","-25,099,000","-25,879,000","-26,714,000","-22,170,000","-21,812,000","-21,638,000","-22,232,000","-21,121,000","-21,260,000","-21,096,000","-25,691,000","-17,806,000","-17,803,000","-18,011,000","-18,274,000","-17,960,000","-19,168,000","-19,222,000","-20,267,000","-18,327,000","-18,303,000","-16,135,000","-18,433,000","-17,897,000","-17,909,000","-17,806,000","-16,415,000","-16,502,000","-16,468,000","-15,018,000","-11,967,000","-15,802,000","-14,672,000","-12,797,000","-12,960,000","-13,520,000",,,,,,,,,,,,,,,,,,,,,,,,,,,,,,,,,,,,,,,,,,,,,,,,,,,,,,,,,,,,,,,,,,,,,,,,,,,,,,,,,,,,,,,,,,,,,,
EBIT,"674,927,000","62,513,000","184,156,000","202,580,000","225,678,000","76,824,000","188,222,000","263,114,000","169,228,000","40,280,000","128,094,000","171,166,000","205,184,000","30,989,000","89,720,000","116,344,000","141,804,000","62,157,000","135,577,000","182,057,000","213,220,000","40,766,000","-83,952,000","171,253,000","222,703,000","45,046,000","142,739,000","164,661,000","206,301,000","41,920,000","125,154,000","167,493,000","174,179,000","44,925,000","118,393,000","167,941,000","117,652,000","-42,317,000","90,910,000","90,492,000","140,412,000","29,333,000","94,079,000","136,510,000","124,271,000","18,491,000","93,736,000","123,982,000","106,633,000","4,453,000","94,916,000","121,725,000","77,645,000","-30,960,000","77,744,000","110,899,000","143,146,000","25,085,000","93,020,000","112,867,000","133,203,000","22,521,000","76,356,000","107,488,000","125,475,000","19,683,000","52,451,000","101,259,000","100,163,000","15,844,000","68,654,000","92,445,000","87,950,000","17,098,000","61,320,000","80,193,000","73,205,000","13,614,000","52,649,000","75,097,000","65,030,000","12,611,000","47,892,000","69,055,000","53,114,000","6,134,000","44,333,000","63,109,000","41,414,000","18,775,000","48,800,000","67,100,000","65,600,000","18,700,000","44,900,000","63,100,000","61,200,000","19,200,000","47,000,000","58,900,000","57,000,000","21,900,000","40,100,000","49,300,000","49,600,000","20,700,000","34,000,000","40,300,000","42,600,000","18,600,000","32,300,000","36,800,000","29,000,000","14,300,000","27,800,000","27,000,000","23,400,000","11,100,000","21,200,000","23,700,000","22,000,000","11,200,000","20,000,000","18,600,000","13,600,000","6,100,000","18,100,000","20,000,000","13,100,000","7,300,000","16,300,000","17,700,000","-232,300,000","82,100,000","100,100,000","97,200,000","-194,100,000","70,600,000","84,100,000","82,400,000","-178,200,000","66,600,000","75,200,000","71,800,000","-156,400,000","55,500,000","70,500,000","54,800,000"
EBITDA,"826,960,000"
ReconciledCostOfRevenue,"4,080,203,000","935,293,000","1,056,924,000","1,037,069,000","1,050,916,000","797,454,000","899,743,000","953,015,000","905,006,000","739,229,000","871,894,000","898,010,000","917,645,000","694,490,000","824,562,000","865,947,000","939,460,000","663,184,000","764,401,000","773,386,000","829,454,000","593,923,000","669,089,000","700,021,000","779,390,000","575,593,000","662,050,000","709,568,000","773,864,000","566,629,000","617,185,000","695,503,000","716,057,000","505,384,000","613,542,000","665,602,000","670,505,000","500,172,000","592,425,000","612,834,000","641,354,000","470,443,000","547,064,000","576,292,000","565,342,000","409,402,000","486,846,000","519,384,000","553,009,000","406,762,000","495,447,000","522,123,000","499,225,000","400,738,000","533,239,000","581,876,000","620,319,000","440,528,000","537,970,000","546,437,000","579,900,000","416,009,000","483,315,000","499,088,000","517,311,000","368,135,000","440,091,000","431,233,000","424,557,000","305,220,000","352,781,000","366,626,000","368,251,000","270,175,000","323,966,000","313,980,000","315,298,000","246,610,000","283,820,000","283,209,000","296,495,000","228,902,000","265,912,000","282,601,000","303,451,000","237,863,000","280,802,000","305,671,000","285,784,000","216,783,000","266,200,000","251,700,000","230,100,000","192,200,000","213,200,000","229,400,000","216,800,000","190,400,000","209,800,000","217,900,000","197,100,000","158,900,000","170,900,000","174,400,000","161,600,000","138,700,000","150,300,000","151,100,000","117,200,000","134,500,000","146,100,000","146,500,000","102,000,000","111,100,000","117,500,000","107,000,000","72,000,000","83,800,000","89,500,000","98,200,000","72,200,000","75,400,000","80,400,000","74,200,000","60,000,000","63,400,000","76,500,000","75,700,000","65,000,000","62,400,000","64,400,000","61,000,000",,,,,,,,,,,,,,,,
ReconciledDepreciation,"152,033,000","38,320,000","38,031,000","37,944,000","37,738,000","36,613,000","37,189,000","35,317,000","43,322,000","35,948,000","41,733,000","35,839,000","34,196,000","34,521,000","37,485,000","35,540,000","32,298,000","32,570,000","32,255,000","31,376,000","29,933,000","29,161,000","28,879,000","28,800,000","27,908,000","27,478,000","27,786,000","27,867,000","27,345,000","25,684,000","22,853,000","23,294,000","22,747,000","22,418,000","22,591,000","22,313,000","21,202,000","21,616,000","21,568,000","19,358,000","18,995,000","17,785,000","18,799,000","18,119,000","18,222,000","17,837,000","18,490,000","18,204,000","21,031,000","20,987,000","21,229,000","21,006,000","21,002,000","20,713,000","21,220,000","22,209,000","22,964,000","20,627,000","20,897,000","20,878,000","22,561,000","21,235,000","18,638,000","19,173,000","21,083,000","18,173,000","18,284,000","16,759,000","17,062,000","16,194,000","16,461,000","16,275,000","16,493,000","15,859,000","15,798,000","15,127,000","16,389,000","14,204,000","13,998,000","14,083,000","15,074,000","12,967,000","14,269,000","14,549,000","22,556,000","20,257,000","19,399,000","19,282,000","21,018,000","20,332,000","19,900,000","17,900,000","17,000,000","16,200,000","14,600,000","14,300,000","16,600,000","13,700,000","13,600,000","13,100,000","15,400,000","12,500,000","11,100,000","12,100,000","10,700,000","11,500,000","10,700,000","9,700,000",,,,,,,,,,,,,"17,000,000","1,000,000","700,000","700,000","12,700,000","600,000","500,000","600,000","10,900,000","500,000","400,000","400,000",,,,,,,,,,,,,,,,
NetIncomeFromContinuingOperationNetMinorityInterest,"448,623,000","33,019,000","124,875,000","134,582,000","156,147,000","38,242,000","127,659,000","180,595,000","109,313,000","11,853,000","77,030,000","106,188,000","133,380,000","14,190,000","49,224,000","69,764,000","85,664,000","40,227,000","95,463,000","116,416,000","128,052,000","11,928,000","-70,926,000","112,769,000","152,895,000","18,582,000","83,433,000","99,815,000","127,987,000","-57,348,000","69,766,000","99,079,000","108,779,000","16,221,000","63,562,000","103,098,000","65,378,000","-42,356,000","41,668,000","33,913,000","82,569,000","6,625,000","49,931,000","76,811,000","70,174,000","1,097,000","48,791,000","68,996,000","60,519,000","-9,400,000","55,893,000","73,025,000","39,306,000","-30,933,000","41,726,000","69,517,000","-87,564,000","12,150,000","54,855,000","68,268,000","83,955,000","10,052,000","52,941,000","61,342,000","-142,006,000","-2,687,000","18,527,000","49,961,000","46,206,000","-4,772,000","9,112,000","54,486,000","52,973,000","6,018,000","35,223,000","47,672,000","-43,369,000","4,883,000","29,640,000","44,173,000","37,221,000","3,274,000","24,490,000","36,569,000","24,261,000","-7,018,000","16,868,000","28,850,000","9,633,000","3,731,000","20,700,000","7,300,000","35,500,000","6,100,000","21,700,000","31,200,000","32,600,000","5,500,000","21,400,000","28,200,000","28,300,000","7,500,000","18,500,000","24,000,000","24,600,000","8,000,000","15,800,000","19,600,000","20,100,000","7,300,000","15,300,000","18,400,000","16,800,000","6,600,000","13,900,000","13,900,000","12,000,000","4,700,000","10,700,000","12,000,000","9,900,000","4,300,000","10,100,000","10,200,000","7,700,000","3,300,000","9,800,000","10,600,000","6,300,000","2,900,000","8,800,000","9,600,000",,,,,,,,,,,,,,,,
TotalUnusualItemsExcludingGoodwill,"36,336,000","-6,449,000","35,338,000","3,587,000","3,743,000","7,357,000","3,827,000","7,863,000","-16,202,000","-12,594,000","1,749,000","-2,585,000","-11,494,000","-5,029,000","-14,757,000","-18,547,000","-12,093,000","4,017,000","2,442,000","3,559,000","3,315,000","-2,872,000","-186,975,000","2,698,000","-8,385,000","890,000","-118,000","2,704,000","411,000","4,006,000","3,457,000","2,399,000","662,000","5,971,000","364,000","2,391,000","-29,324,000","-1,949,000","-1,048,000","-3,505,000","-7,442,000","3,589,000","6,932,000","24,000","4,493,000","5,649,000","4,309,000","953,000","-10,785,000","1,833,000","2,057,000","1,094,000",,,,,,,,,"0",,"15,000,000",,"-335,000,000","-15,000,000","-15,000,000","-15,000,000","-16,000,000","-15,000,000","-47,000,000",,,,,,,,,,,,,,,,,,"-6,970,000",,,"-45,000,000",,,,,,,,,,,,,,,,,,,,,,,,,,,"100,000","-200,000","-2,000,000","100,000",,"1,200,000","200,000","1,700,000","500,000","600,000","-2,000,000","400,000","700,000","400,000",,,,,,,,,,,,,,,,
TotalUnusualItems,"36,336,000","-6,449,000","35,338,000","3,587,000","3,743,000","7,357,000","3,827,000","7,863,000","-16,202,000","-12,594,000","1,749,000","-2,585,000","-11,494,000","-5,029,000","-14,757,000","-18,547,000","-12,093,000","4,017,000","2,442,000","3,559,000","3,315,000","-2,872,000","-186,975,000","2,698,000","-8,385,000","890,000","-118,000","2,704,000","411,000","4,006,000","3,457,000","2,399,000","662,000","5,971,000","364,000","2,391,000","-29,324,000","-1,949,000","-1,048,000","-3,505,000","-7,442,000","3,589,000","6,932,000","24,000","4,493,000","5,649,000","4,309,000","953,000","-10,785,000","1,833,000","2,057,000","1,094,000",,,,,,,,,"0",,"15,000,000",,"-335,000,000","-15,000,000","-15,000,000","-15,000,000","-16,000,000","-15,000,000","-47,000,000",,,,,,,,,,,,,,,,,,"-6,970,000",,,"-45,000,000",,,,,,,,,,,,,,,,,,,,,,,,,,,"100,000","-200,000","-2,000,000","100,000",,"1,200,000","200,000","1,700,000","500,000","600,000","-2,000,000","400,000","700,000","400,000",,,,,,,,,,,,,,,,
NormalizedEBITDA,"790,624,000","107,282,000","186,849,000","236,937,000","259,673,000","106,080,000","221,584,000","290,568,000","228,752,000","88,822,000","168,078,000","209,590,000","250,874,000","70,539,000","141,962,000","170,431,000","186,195,000","90,710,000","165,390,000","209,874,000","239,838,000","72,799,000","131,902,000","197,355,000","258,996,000","71,634,000","170,643,000","189,824,000","233,235,000","63,598,000","144,550,000","188,388,000","196,264,000","61,372,000","140,620,000","187,863,000","168,178,000","-18,752,000","113,526,000","113,355,000","166,849,000","43,529,000","105,946,000","154,605,000","138,000,000","30,679,000","107,917,000","141,233,000","138,449,000","23,607,000","114,088,000","141,637,000","98,647,000","-10,247,000","98,964,000","133,108,000","166,110,000","45,712,000","113,917,000","133,745,000","155,764,000","43,756,000","79,994,000","126,661,000","481,558,000","52,856,000","85,735,000","133,018,000","133,225,000","47,038,000","132,115,000","108,720,000","104,443,000","32,957,000","77,118,000","95,320,000","89,594,000","27,818,000","66,647,000","89,180,000","80,104,000","25,578,000","62,161,000","83,604,000","75,670,000","26,391,000","63,732,000","82,391,000","69,402,000","39,107,000","68,700,000","130,000,000","82,600,000","34,900,000","59,500,000","77,400,000","77,800,000","32,900,000","60,600,000","72,000,000","72,400,000","34,400,000","51,200,000","61,400,000","60,300,000","32,200,000","44,700,000","50,000,000","42,600,000","18,600,000","32,300,000","36,800,000","29,000,000","14,300,000","27,800,000","27,000,000","23,400,000","11,100,000","21,100,000","23,900,000","41,000,000","12,100,000","20,700,000","18,100,000","26,100,000","5,000,000","18,200,000","20,000,000","26,000,000","7,400,000","16,000,000","17,700,000","-232,300,000","82,100,000","100,100,000","97,200,000","-194,100,000","70,600,000","84,100,000","82,400,000","-178,200,000","66,600,000","75,200,000","71,800,000","-156,400,000","55,500,000","70,500,000","54,800,000"
TaxRateForCalcs,"0.237","0.179","0.233","0.257","0.234","0.311","0.234","0.251","0.257","0.259","0.24","0.255","0.243","0.27","0.262","0.237","0.271","0.27","0.122","0.247","0.306","0.254","0.343","0.236","0.228","0.119","0.3","0.294","0.282","0.4","0.302","0.292","0.264","0.329","0.299","0.274","0.295","0.298","0.347","0.35","0.274","0.307","0.292","0.298","0.319","0.4","0.308","0.305","0.32","0.172","0.303","0.33","0.392","0.305","0.309","0.307","0.35","0.222","0.322","0.318","0.311","0.116","0.339","0.349","0.362","0.4","0.329","0.357","0.378","0.385","0.285","0.355","0.336","0.355","0.355","0.355","0.4","0.35","0.351","0.349","0.343","0.339","0.33","0.347","0.379","0.38","0.38","0.38","0.4","0.4","0.4","0.4","0.4","0.4","0.4","0.4","0.391","0.4","0.4","0.4","0.4","0.4","0.4","0.4","0.4","0.4","0.4","0.4","0.4","0.4","0.4","0.4","0.349","0.313","0.4","0.4","0.4","0.397","0.4","0.4","0.393","0.4","0.399","0.4","0.33","0.4","0.399","0.4","0.3","0.396","0.4","0.4",,,,,,,,,,,,,,,,
TaxEffectOfUnusualItems,"8,622,058.852","-1,154,371","8,233,754","921,859","877,580.878","2,288,027","895,518","1,973,613","-4,157,102.993","-3,261,846","419,760","-659,175","-2,795,865.943","-1,357,830","-3,866,334","-4,395,639","-3,280,297.417","1,084,590","297,924","879,073","1,015,091.348","-729,488","-64,132,425","636,728","-1,913,871.259","106,161.326","-35,400","794,976","115,754.048","1,602,400","1,044,014","700,508","174,525.793","1,964,459","108,836","655,134","-8,656,969.299","-580,802","-363,656","-1,226,750","-2,037,689.75","1,101,823","2,024,995.825","7,150.02","1,432,097.927","2,259,600","1,325,301.354","290,879.544","-3,453,589.5","314,786.942","624,221.213","360,585.726","0","0","0","0","0","0","0","0","0","0","5,078,647.193","0","-121,171,109.823","-6,000,000","-4,929,883.683","-5,353,032.8","-6,045,832.772","-5,771,015.988","-13,381,662.611","0","0","0","0","0","0","0","0","0","0","0","0","0","0","0","0","0","-2,788,000","0","0","-18,000,000","0","0","0","0","0","0","0","0","0","0","0","0","0","0","0","0","0","0","0","0","0","0","0","0","0","0","40,000","-80,000","-785,276.074","40,000","0","480,000","66,086.957","680,000","199,386.503","240,000","-600,000","158,333.333","280,000","160,000",,,,,,,,,,,,,,,,