name,ttm,03/31/2022,12/31/2021,09/30/2021,06/30/2021,03/31/2021,12/31/2020,09/30/2020,06/30/2020,03/31/2020,12/31/2019,09/30/2019,06/30/2019,03/31/2019,12/31/2018,09/30/2018,06/30/2018,03/31/2018,12/31/2017,09/30/2017,06/30/2017,03/31/2017,12/31/2016,09/30/2016,06/30/2016,03/31/2016,12/31/2015,09/30/2015,06/30/2015,03/31/2015,12/31/2014,09/30/2014,06/30/2014,03/31/2014,12/31/2013,09/30/2013,06/30/2013,03/31/2013,12/31/2012,09/30/2012,06/30/2012,03/31/2012,12/31/2011,09/30/2011,06/30/2011,03/31/2011,12/31/2010,09/30/2010,06/30/2010,03/31/2010,12/31/2009,09/30/2009,06/30/2009,03/31/2009,12/31/2008,09/30/2008,06/30/2008,03/31/2008,12/31/2007,09/30/2007,06/30/2007,03/31/2007,12/31/2006,09/30/2006,06/30/2006,03/31/2006,12/31/2005,09/30/2005,06/30/2005,03/31/2005,12/31/2004,09/30/2004,06/30/2004,03/31/2004,12/31/2003,09/30/2003,06/30/2003,03/31/2003,12/31/2002,09/30/2002,06/30/2002,03/31/2002,12/31/2001,09/30/2001,06/30/2001,03/31/2001,12/31/2000,09/30/2000,06/30/2000,03/31/2000,12/31/1999,09/30/1999,06/30/1999,03/31/1999,12/31/1998,09/30/1998,06/30/1998,03/31/1998,12/31/1997,09/30/1997,06/30/1997,03/31/1997,12/31/1996,09/30/1996,06/30/1996,03/31/1996,12/31/1995,09/30/1995,06/30/1995,03/31/1995,12/31/1994,09/30/1994,06/30/1994,03/31/1994,12/31/1993,09/30/1993,06/30/1993,03/31/1993,12/31/1992,09/30/1992,06/30/1992,03/31/1992,12/31/1991,09/30/1991,06/30/1991,03/31/1991,12/31/1990,09/30/1990,06/30/1990,03/31/1990,12/31/1989,09/30/1989,06/30/1989,03/31/1989,12/31/1988,09/30/1988,06/30/1988,03/31/1988
TotalRevenue,"219,484,000","56,089,000","55,996,000","55,175,000","52,224,000","50,093,000","47,722,000","46,487,000","44,627,000","52,876,000","58,098,000","58,921,000","57,361,000","59,708,000","63,720,000","64,217,000","69,967,000","62,718,000","64,263,000","65,931,000","67,062,000","67,825,000","64,456,000","64,079,000","65,883,000","66,512,000","68,578,000","64,060,000","59,735,000","59,417,000","63,157,000","55,143,000","49,930,000","50,133,000","47,229,000","45,659,000","43,236,000","34,517,000","34,143,000","32,695,000","30,972,000","31,326,000","28,876,000","32,017,000","29,963,000","30,982,000","30,559,000","27,361,000","30,371,000","30,821,000","24,557,000","32,608,000","33,629,000","33,761,000","35,197,000","34,645,000","35,972,000","36,618,000","38,152,000","37,752,000","37,248,000","40,103,000","39,441,000","38,815,000","38,417,000","36,575,000","35,356,000","34,529,000","37,925,000","38,304,000","36,442,000","34,018,000","30,262,000","31,173,000","28,938,000","27,628,000","25,339,000","26,495,000","25,010,000","23,044,000","21,430,000","21,739,000","23,310,000","22,653,000","21,809,000","28,550,000","24,287,000","21,634,000","24,578,000","21,828,000","21,873,000","21,100,000","20,800,000","21,600,000","21,055,000","19,000,000","18,200,000","18,400,000","17,244,000","14,300,000","14,000,000","13,700,000","14,013,000","12,600,000","9,500,000","4,200,000","4,216,960","4,300,000","4,100,000","4,200,000","3,606,761","15,200,000","3,600,000","4,100,000","10,200,000","7,500,000","4,700,000","4,200,000","4,500,000","6,100,000","10,200,000","8,900,000","8,900,000","6,000,000","6,300,000","6,600,000","11,800,000","6,300,000","11,300,000","7,300,000","7,700,000","6,500,000","7,000,000","8,700,000","8,600,000","8,600,000","8,600,000","8,500,000"
	OperatingRevenue,"219,484,000","56,089,000","55,996,000","55,175,000","52,224,000","50,093,000","47,722,000","46,487,000","44,627,000","52,876,000","58,098,000","58,921,000","57,361,000","59,708,000","63,720,000","64,217,000","69,967,000","62,718,000","64,263,000","65,931,000","67,062,000","67,825,000","64,456,000","64,079,000","65,883,000","66,512,000","68,578,000","64,060,000","59,735,000","59,417,000","63,157,000","55,143,000","49,930,000","50,133,000","47,229,000","45,659,000","43,236,000","34,517,000","34,143,000","32,695,000","30,972,000","31,326,000","28,876,000","32,017,000","29,963,000","30,982,000","30,559,000","27,361,000","30,371,000","30,821,000","24,557,000","32,608,000","33,629,000","33,761,000","35,197,000","34,645,000","35,972,000","36,618,000","38,152,000","38,333,000","37,248,000","40,103,000","34,148,000","38,815,000","39,197,000","36,575,000","36,725,000","35,769,000","38,571,000","38,585,000","36,250,000","34,587,000","29,996,000","31,242,000","29,422,000","27,783,000","24,870,000","26,577,000","25,800,000","23,044,000","21,607,000","21,908,000","23,310,000","22,973,000","22,148,000","28,625,000","24,370,000","21,665,000","24,656,000","21,834,000","21,900,000","21,100,000","20,800,000","21,600,000","21,100,000","19,000,000","18,200,000","18,400,000","17,300,000","14,300,000","14,000,000","13,700,000","13,800,000","12,600,000","9,500,000","4,200,000","4,100,000","4,300,000","4,100,000","4,200,000","3,600,000","15,200,000","3,600,000","4,100,000","10,200,000","7,500,000","4,700,000","4,200,000","4,500,000","6,100,000","10,200,000","8,900,000","8,900,000","6,000,000","6,300,000","6,600,000","11,800,000","6,300,000","11,300,000","7,300,000","7,700,000","6,500,000","7,000,000","8,700,000","8,600,000","8,600,000","8,600,000","8,500,000"
CostOfRevenue,"69,047,000","18,009,000","17,598,000","16,759,000","16,681,000","17,239,000","16,407,000","15,753,000","15,396,000","16,407,000","17,976,000","17,766,000","16,774,000","18,993,000","18,777,000","18,696,000","17,854,000","17,964,000","18,200,000","18,433,000","18,403,000","19,749,000","19,398,000","17,347,000","18,368,000","19,782,000","21,655,000","18,005,000","16,966,000","16,986,000","19,531,000","14,599,000","13,921,000","14,375,000","13,705,000","11,880,000","11,358,000","9,615,000","9,715,000","8,731,000","8,568,000","9,074,000","9,575,000","8,796,000","8,656,000","9,516,000","10,070,000","7,709,000","9,057,000","9,554,000","3,877,000","11,301,000","10,911,000","12,017,000","-34,870,000","11,074,000","11,318,000",,,,,,,,,,,,,,,,,,,,,,,,,,,,,,,,,,,,,,,,,,,,,,,,,,,,,,,,,,,,,,,,,,,,,,,,,,,,,,,,,
GrossProfit,"150,437,000","38,080,000","38,398,000","38,416,000","35,543,000","32,854,000","31,315,000","30,734,000","29,231,000","36,469,000","40,122,000","41,155,000","40,587,000","40,715,000","44,943,000","45,521,000","52,113,000","44,754,000","46,063,000","47,498,000","48,659,000","48,076,000","45,058,000","46,732,000","47,515,000","46,730,000","46,923,000","46,055,000","42,769,000","42,431,000","43,626,000","40,544,000","36,009,000","35,758,000","33,524,000","33,779,000","31,878,000","24,902,000","24,428,000","23,964,000","22,404,000","22,252,000","19,301,000","23,221,000","21,307,000","21,466,000","20,489,000","19,652,000","21,314,000","21,267,000","20,680,000","21,307,000","22,718,000","21,744,000","70,067,000","23,571,000","24,654,000",,,,,,,,,,,,,,,,,,,,,,,,,,,,,,,,,,,,,,,,,,,,,,,,,,,,,,,,,,,,,,,,,,,,,,,,,,,,,,,,,
OperatingExpense,"107,392,000","28,559,000","28,821,000","25,817,000","24,195,000","25,749,000","27,032,000","24,357,000","24,555,000","27,130,000","29,847,000","26,267,000","27,158,000","25,285,000","28,073,000","29,281,000","36,835,000","26,999,000","29,437,000","29,082,000","29,707,000","29,268,000","26,953,000","29,032,000","28,397,000","29,452,000","30,751,000","26,934,000","26,594,000","25,237,000","26,180,000","24,573,000","29,277,000","23,355,000","21,432,000","20,528,000","20,331,000","16,412,000","15,188,000","15,604,000","14,633,000","13,589,000","13,430,000","14,163,000","14,543,000","13,914,000","-14,481,000","11,831,000","12,171,000","11,770,000","8,265,000","10,946,000","13,240,000","11,878,000","59,352,000","11,166,000","12,700,000","24,384,000","28,677,000","23,985,000","23,605,000","23,533,000","23,979,000","23,721,000","22,613,000","36,252,000","32,942,000","31,395,000","22,878,000","22,494,000","34,338,000","23,477,000","25,872,000","25,843,000","25,844,000","23,153,000","25,489,000","22,634,000","23,271,000","19,984,000","18,855,000","18,639,000","20,457,000","19,173,000","18,408,000","19,632,000","21,559,000","18,114,000","17,640,000","17,250,000","96,015,000","-9,300,000","-8,800,000","-9,600,000","88,342,000","-8,300,000","-7,900,000","-7,900,000","65,788,000","-6,800,000","-6,400,000","-6,400,000","57,346,000","-6,000,000","-11,000,000","-2,600,000","19,378,941","-1,100,000","-1,500,000","-1,000,000","13,264,885","-1,300,000","-700,000","-700,000","-900,000","-700,000","-700,000","-600,000","-800,000","-500,000","-500,000","-400,000","-800,000","-100,000","-600,000","0","-4,700,000","0","0","0","-200,000","-100,000","-100,000","-100,000",,,,
	SellingGeneralAndAdministration,"33,306,000","8,348,000","10,030,000","7,330,000","7,598,000","7,370,000","6,822,000","6,062,000","6,695,000","6,282,000","11,065,000","6,249,000","6,530,000","6,066,000","6,465,000","8,131,000","13,378,000","5,887,000","7,384,000","5,952,000","6,372,000","6,451,000","4,966,000","5,787,000","5,683,000","5,605,000","5,709,000","4,020,000","5,474,000","4,874,000","5,575,000","5,395,000","5,619,000","5,614,000","5,776,000","5,363,000","5,634,000","5,500,000","4,699,000","4,990,000","4,878,000","4,879,000","4,382,000","5,346,000","4,866,000","5,057,000","5,180,000","4,512,000","4,615,000","3,983,000","696,000","3,263,000","5,364,000","4,085,000","3,838,000","3,342,000","4,820,000","3,805,000","3,341,000","4,043,000","3,874,000","3,033,000","2,276,000","3,328,000","3,295,000","4,101,000","2,930,000","2,991,000","3,869,000","3,719,000","2,746,000","3,287,000","2,736,000","2,376,000","1,985,000","2,154,000","2,155,000","2,221,000","2,888,000","1,786,000","2,108,000","2,051,000","2,069,000","2,022,000","1,751,000","2,495,000","1,487,000","1,129,000","1,491,000","1,339,000","764,000","1,700,000","1,900,000","1,600,000","1,531,000","1,400,000","1,300,000","1,600,000","1,153,000","1,100,000","1,300,000","1,200,000","1,283,000","1,000,000","1,200,000","1,100,000","-444,626","900,000","600,000","1,000,000","-713,682","900,000","800,000","900,000","500,000","1,000,000","1,000,000","900,000","700,000","1,100,000","1,100,000","1,000,000","900,000","900,000","500,000","900,000","1,100,000","1,000,000","1,000,000","1,000,000","1,100,000","700,000","600,000","600,000",,,,
		GeneralAndAdministrativeExpense,"33,306,000","8,348,000","10,030,000","7,330,000","7,598,000","7,370,000","6,822,000","6,062,000","6,695,000","6,282,000","11,065,000","6,249,000","6,530,000","6,066,000","6,465,000","8,131,000","13,378,000","5,887,000","7,384,000","5,952,000","6,372,000","6,451,000","4,966,000","5,787,000","5,683,000","5,605,000","5,709,000","4,020,000","5,474,000","4,874,000","5,575,000","5,395,000","5,619,000","5,614,000","5,776,000","5,363,000","5,634,000","5,500,000","4,699,000",,,,,,,,,,,,,,,,,,,"3,805,000","3,341,000","4,043,000","3,874,000","3,033,000","2,276,000","3,328,000","3,295,000","4,101,000","2,930,000","2,991,000","3,869,000","3,719,000","2,746,000","3,287,000","2,736,000","2,376,000","1,985,000","2,154,000","2,155,000","2,221,000","2,888,000","1,786,000","2,108,000","2,051,000","2,069,000","2,022,000","1,751,000","2,495,000","1,487,000","1,129,000","1,491,000","1,339,000","764,000","1,700,000","1,900,000","1,600,000","1,531,000","1,400,000","1,300,000","1,600,000","1,153,000","1,100,000","1,300,000","1,200,000","1,283,000","1,000,000","1,200,000","1,100,000","-444,626","900,000","600,000","1,000,000","-713,682","900,000","800,000","900,000","500,000","1,000,000","1,000,000","900,000","700,000","1,100,000","1,100,000","1,000,000","900,000","900,000","500,000","900,000","1,100,000","1,000,000","1,000,000","1,000,000","1,100,000","700,000","600,000","600,000",,,,
			SalariesAndWages,,,,,,,,,,,,,,,,,,,,,,,,,,,,,,,,,,,,,,,,,,,,,,,,,,,,,,,,,,"3,805,000","3,341,000","4,043,000","3,874,000","3,033,000","2,276,000","3,328,000","3,295,000","4,101,000","2,930,000","2,991,000","3,869,000","3,719,000","2,746,000","3,287,000","2,736,000","2,376,000","1,985,000","2,154,000","2,155,000","2,221,000","2,888,000","1,786,000","2,108,000","2,051,000","2,069,000","2,022,000","1,751,000","2,495,000","1,487,000","1,129,000","1,491,000","1,339,000","800,000","1,700,000","1,900,000","1,600,000","1,500,000","1,400,000","1,300,000","1,600,000","1,200,000","1,100,000","1,300,000","1,200,000","1,300,000","1,000,000","1,200,000","1,100,000","1,300,000","900,000","600,000","1,000,000","1,100,000","900,000","800,000","900,000","500,000","1,000,000","1,000,000","900,000","700,000","1,100,000","1,100,000","1,000,000","900,000","900,000","500,000","900,000","1,100,000","1,000,000","1,000,000","1,000,000","1,100,000","700,000","600,000","600,000",,,,
			InsuranceAndClaims,,,,,,"0",,"-1,092,000",,"60,000","2,276,000",,,,,,,,,,,,,,,,,,,,,,,,,,,,,,,,,,,,,,,,,,,,,,,,,,,,,,,,,,,,,,,,,,,,,,,,,,,,,,,,,,,,,,,,,,,,,,,,,,,,,,,,,,,,,,,,,,,,,,,,,,,,,,,
			OtherGandA,"33,306,000","8,348,000","10,030,000","7,330,000","7,598,000","7,370,000","6,822,000","6,062,000","6,695,000","6,222,000","8,789,000","6,249,000","6,530,000","6,066,000","6,465,000","8,131,000","13,378,000","5,887,000","7,384,000","5,952,000","6,372,000","6,451,000","4,966,000","5,787,000","5,683,000","5,605,000","5,709,000","4,020,000","5,474,000","4,874,000","5,575,000","5,395,000","5,619,000","5,614,000","5,776,000","5,363,000","5,634,000","5,500,000","4,699,000",,,,,,,,,,,,,,,,,,,,,,,,,,,,,,,,,,,,,,,,,,,,,,,,,,,,,,,,,,,,,,,,,,,,,,,,,,,,,,,,,,,,,,,,,,,,,,,,,,,
	DepreciationAmortizationDepletionIncomeStatement,"74,086,000","20,211,000","18,791,000","18,487,000","16,597,000","18,379,000","20,210,000","18,295,000","17,860,000","20,848,000","18,782,000","20,018,000","20,628,000","19,219,000","21,608,000","21,150,000","23,457,000","21,112,000","22,053,000","23,130,000","23,335,000","22,817,000","21,987,000","23,245,000","22,714,000","23,847,000","25,042,000","22,914,000","21,120,000","20,363,000","20,605,000","19,178,000","23,658,000","17,741,000","15,656,000","15,165,000","14,697,000","10,912,000","10,489,000","10,614,000","9,755,000","8,710,000","9,048,000","8,817,000","9,677,000","8,857,000","9,126,000","7,319,000","7,556,000","7,787,000","7,569,000","7,683,000","7,876,000","7,793,000","8,462,000","7,824,000","7,880,000","8,056,000","12,376,000","8,132,000","8,331,000","8,137,000","8,617,000","8,105,000","7,876,000","8,077,000","7,423,000","7,290,000","8,800,000","7,695,000","7,455,000","7,146,000","6,521,000","6,369,000","6,453,000","5,757,000","5,596,000","5,102,000","4,838,000","4,475,000","4,339,000","4,010,000","4,960,000","4,049,000","4,096,000","3,978,000","4,270,000","3,774,000","3,735,000","3,495,000",,,,,,,,,,,,,,,,,,,,,,,,,,,,,,,,,,,,,,,,,,,,,,,,
		DepreciationAndAmortizationInIncomeStatement,"74,086,000","20,211,000","18,791,000","18,487,000","16,597,000","18,379,000","20,210,000","18,295,000","17,860,000","20,848,000","18,782,000","20,018,000","20,628,000","19,219,000","21,608,000","21,150,000","23,457,000","21,112,000","22,053,000","23,130,000","23,335,000","22,817,000","21,987,000","23,245,000","22,714,000","23,847,000","25,042,000","22,914,000","21,120,000","20,363,000","20,605,000","19,178,000","23,658,000","17,741,000","15,656,000","15,165,000","14,697,000","10,912,000","10,489,000","10,614,000","9,755,000","8,710,000","9,048,000","8,817,000","9,677,000","8,857,000","9,126,000","7,319,000","7,556,000","7,787,000","7,569,000","7,683,000","7,876,000","7,793,000","8,462,000","7,824,000","7,880,000","8,056,000","12,376,000","8,132,000","8,331,000","8,137,000","8,617,000","8,105,000","7,876,000","8,077,000","7,423,000","7,290,000","8,800,000","7,695,000","7,455,000","7,146,000","6,521,000","6,369,000","6,453,000","5,757,000","5,596,000","5,102,000","4,838,000","4,475,000","4,339,000","4,010,000","4,960,000","4,049,000","4,096,000","3,978,000","4,270,000","3,774,000","3,735,000","3,495,000",,,,,,,,,,,,,,,,,,,,,,,,,,,,,,,,,,,,,,,,,,,,,,,,
	ProvisionForDoubtfulAccounts,,,,,,,,,,,,,,,,,,,,,,,,,,,,,,,,,,,,,,,,,,,,,,,,,,,,,,,,,,,,,,,,,,,,,,,,,,,,,,,,,,,,,,,,,,,,,,,,,,,,,,,,,,,,,,"3,000,000",,,,,"0","15,000,000",,,"12,500,000",,,"500,000",,,,,,,,,,,,,,,,
	OtherTaxes,,,,,,,,,,,,,,,,,,,,,,,,,,,,,,,,,,,,,,,,,,,,,,,,"3,816,000",,"4,528,000",,,"4,697,000",,,"4,481",,,,"-23,985,000",,,,,"-22,613,000",,"-22,372,000","-20,678,000","-22,878,000","-22,494,000","-21,707,000","-19,746,000","-17,831,000","-18,088,000","-18,016,000","-15,744,000","-18,371,000","-15,294,000","-15,876,000","-13,316,000","-12,799,000","-12,329,000",,"-12,670,000","-11,972,000","-12,675,000","-13,928,000","-11,116,000","-10,939,000","-10,824,000","-10,200,000","-11,000,000","-10,700,000","-11,200,000","-10,700,000","-9,700,000","-9,200,000","-9,500,000","-8,900,000","-7,900,000","-7,700,000","-7,600,000","-8,200,000","-7,000,000","-12,200,000","-3,700,000","-3,900,000","-2,000,000","-2,100,000","-5,000,000","-4,900,000","-2,200,000","-1,500,000","-1,600,000","-1,400,000","-16,700,000","-1,700,000","-1,500,000","-14,000,000","-1,600,000","-1,600,000","-1,900,000","-8,900,000","-1,000,000","-1,100,000","-900,000","-7,500,000","-1,000,000","-1,000,000","-1,000,000","-1,300,000","-800,000","-700,000","-700,000",,,,
	OtherOperatingExpenses,,,,,,,,,,,"2,630,000","2,463,000","2,709,000","2,490,000","1,338,000","1,358,000","1,111,000","1,001,000","1,233,000","825,000","1,242,000","1,148,000","1,015,000","603,000","564,000","1,394,000","1,463,000","1,101,000","994,000","713,000","1,007,000","942,000","835,000","849,000","856,000","660,000","741,000","750,000","882,000",,,,,,,,,,,"5,026,000",,"6,648,000","6,214,000",,,"6,593",,"12,523,000","12,960,000","35,795,000","11,400,000","12,363,000","-56,607,000","12,288,000","34,055,000","24,074,000","44,961,000","41,792,000","33,087,000","33,574,000","45,844,000","32,790,000","34,446,000","35,186,000","35,422,000","30,986,000","36,109,000","30,605,000","31,421,000","27,039,000","25,207,000","24,907,000","13,428,000","25,772,000","24,533,000","25,834,000","29,730,000","24,327,000","23,353,000","23,240,000",,,,,,,,,,,,,,,,,,,,,,,,,,,,,,,,,,,,,,,,,,,,,,,,
OperatingIncome,"43,045,000","9,521,000","9,577,000","12,599,000","11,348,000","7,105,000","4,283,000","6,377,000","4,676,000","9,339,000","10,275,000","14,888,000","13,429,000","15,430,000","16,870,000","16,240,000","15,278,000","17,755,000","16,626,000","18,416,000","18,952,000","18,808,000","18,105,000","17,700,000","19,118,000","17,278,000","16,172,000","19,121,000","16,175,000","17,194,000","17,446,000","15,971,000","6,732,000","12,403,000","12,092,000","13,251,000","11,547,000","8,490,000","9,240,000","8,360,000","7,771,000","8,663,000","5,871,000","9,058,000","6,764,000","7,552,000","34,970,000","7,821,000","9,143,000","9,497,000","12,415,000","10,361,000","9,478,000","9,866,000","10,715,000","12,405,000","11,954,000","12,234,000","9,475,000","13,767,000","13,643,000","16,570,000","15,462,000","15,094,000","15,804,000","323,000","2,414,000","3,134,000","15,047,000","15,810,000","2,104,000","10,541,000","4,390,000","5,330,000","3,094,000","4,475,000","-150,000","3,861,000","1,739,000","3,060,000","2,575,000","3,100,000","2,853,000","3,480,000","3,401,000","8,918,000","2,728,000","3,520,000","6,938,000","4,578,000","-74,142,000","30,400,000","29,600,000","31,200,000","-67,287,000","27,300,000","26,100,000","26,300,000","-48,544,000","21,100,000","20,400,000","20,100,000","-43,333,000","18,600,000","20,500,000","6,800,000","-15,161,981","5,400,000","5,600,000","5,200,000","-9,658,124","16,500,000","4,300,000","4,800,000","11,100,000","8,200,000","5,400,000","4,800,000","5,300,000","6,600,000","10,700,000","9,300,000","9,700,000","6,100,000","6,900,000","6,600,000","16,500,000","6,300,000","11,300,000","7,300,000","7,900,000","6,600,000","7,100,000","8,800,000","48,300,000","8,600,000","8,600,000","8,500,000"
NetNonOperatingInterestIncomeExpense,"-35,931,000","-8,312,000","-9,017,000","-9,297,000","-9,305,000","-9,406,000","-9,826,000","-9,913,000","-10,177,000","-9,401,000","-9,707,000","-9,917,000","-10,084,000","-10,349,000","-11,085,000","-11,045,000","-10,708,000","-10,601,000","-10,995,000","-11,586,000","-11,486,000","-10,799,000","-10,696,000","-11,140,000","-11,376,000","-11,302,000","-11,040,000","-10,480,000","-10,388,000","-10,303,000","-10,197,000","-8,987,000","-8,002,000","-8,002,000","-8,169,000","-8,297,000","-7,642,000","-6,414,000","-7,835,000","-6,430,000","-6,453,000","-6,749,000","-6,300,000","-6,740,000","-6,967,000","-8,759,000","-9,155,000","-7,657,000","-8,892,000","-8,734,000","-7,323,000","-7,757,000","-7,904,000","-8,104,000","-9,161,000","-8,685,000","-8,893,000",,,,,,,,,,,,,,,,,,,,,,,,,,,,,,,,,,,,,,,,,,,,,,,,,,,,,,,,,,,,,,,,,,,,,,,,,,,,,,,,,
	InterestExpenseNonOperating,"35,931,000","8,312,000","9,017,000","9,297,000","9,305,000","9,406,000","9,826,000","9,913,000","10,177,000","9,401,000","9,707,000","9,917,000","10,084,000","10,349,000","11,085,000","11,045,000","10,708,000","10,601,000","10,995,000","11,586,000","11,486,000","10,799,000","10,352,000","10,795,000","11,002,000","10,922,000","10,660,000","10,091,000","10,058,000","9,969,000","9,866,000","8,645,000","7,632,000","7,599,000","7,791,000","7,915,000","7,296,000","6,073,000","6,386,000","6,430,000","6,453,000","6,749,000","6,300,000","6,740,000","6,967,000","8,759,000","9,155,000","7,657,000","8,892,000","8,734,000","7,323,000","7,757,000","7,904,000","8,104,000","9,161,000","8,685,000","8,893,000",,,,,,,,,,,,,,,,,,,,,,,,,,,,,,,,,,,,,,,,,,,,,,,,,,,,,,,,,,,,,,,,,,,,,,,,,,,,,,,,,
	TotalOtherFinanceCost,,,,,,,,,,,,,,,,,,,,,,,"344,000","345,000","374,000","380,000","380,000","389,000","330,000","334,000","331,000","342,000","370,000","403,000","378,000","382,000","346,000","341,000","341,000",,,,,,,,,,,,,,,,,,,,,,,,,,,,,,,,,,,,,,,,,,,,,,,,,,,,,,,,,,,,,,,,,,,,,,,,,,,,,,,,,,,,,,,,,,,,,,,,,,,
OtherIncomeExpense,"51,593,000","4,718,000","-11,173,000","22,838,000","35,210,000","19,697,000","-312,000","1,456,000","2,564,000","435,000","73,986,000","614,000","-348,000","5,648,000","-9,925,000","5,265,000","-134,000","324,000","15,817,000","22,864,000","-1,189,000","5,433,000","-263,000","7,441,000","20,317,000","6,228,000","9,957,000","25,994,000","1,757,000","3,075,000","-19,769,000","-719,000","2,389,000","-1,623,000","-9,612,000","-26,000","412,000","3,054,000","177,000","1,259,000","434,000","-2,532,000","-41,492,000","3,551,000","267,000","907,000","11,843,000","-29,500,000","29,000","-2,116,000","-4,401,000","5,102,000","53,000","868,000","-4,485,000","9,530,000","872,000",,"1,374,000","-214,000",,,"20,451,000",,"50,000","1,708,000","510,000","630,000","-1,000","-3,000","1,946,000","-3,745,000","512,000","224,000","3,605,000","91,000","-527,000",,,,,,,"117,000","343,000","5,006,000",,,,,,,,,,,,,,,,,,,,,,,,,,,,,,,,,,,,,,,,,,,,,,,,,,,,
	GainOnSaleOfSecurity,"73,459,000","3,547,000","13,500,000","22,196,000","34,216,000","19,003,000","318,000",,,,"75,783,000",,"371,000","5,702,000","3,813,000",,"181,000",,"16,844,000","24,545,000",,"11,375,000","97,000","9,359,000","19,799,000","6,525,000","9,565,000","4,536,000","273,000","3,196,000","7,927,000","258,000","2,672,000",,"378,000","-13,000","332,000","3,582,000",,,,,,,,,,,,,,,,,,,,,,"-107,000",,,,,"25,000",,"510,000","630,000","-1,000","-3,000",,"515,000","-284,000",,,"91,000","-527,000",,,,,,,"117,000","343,000","5,006,000",,,,,,,,,,,,,,,,,,,,,,,,,,,,,,,,,,,,,,,,,,,,,,,,,,,,
	EarningsFromEquityInterest,"4,295,000","1,101,000","1,048,000","1,074,000","1,072,000","801,000","76,000","456,000","802,000","256,000","128,000","610,000","26,000","54,000","19,000","5,505,000","202,000","71,000","50,000","81,000","55,000","86,000","117,000","119,000","324,000","109,000","724,000","21,869,000","335,000","2,660,000","411,000","455,000","816,000","-1,607,000","268,000","387,000","260,000","-5,674,000","1,164,000","1,008,000","580,000","496,000","-3,667,000","3,703,000","672,000","961,000","441,000","-1,362,000","-167,000","867,000","-21,000","492,000","337,000","520,000","557,000","283,000","769,000",,,,,,,,,,,,,,,,,,,,,,,,,,,,,,,,,,,,,,,,,,,,,,,,,,,,,,,,,,,,,,,,,,,,,,,,,,,,,,,,,
	SpecialIncomeCharges,"-26,216,000","-114,000","-25,708,000","-394,000","0","0","-598,000","1,092,000","1,701,000","-174,000","-1,949,000","0","-622,000",,"-13,568,000","0","-449,000","0","-981,000","-1,885,000","-820,000","-5,717,000","-607,000","-1,879,000","-4,000","-59,000","-70,000","-240,000","1,122,000","-2,563,000","-28,033,000","-1,189,000","-860,000","117,000","-10,009,000","0","0","5,282,000","-990,000","251,000","-146,000","-3,028,000","-37,825,000","-152,000","-405,000","-54,000","9,306,000","-28,138,000","196,000","-2,983,000","-4,380,000","4,610,000","53,000","348,000","-5,042,000","9,247,000","103,000",,"1,374,000","-107,000",,,,,"25,000","1,708,000",,,,,"2,177,000","-4,260,000","796,000","224,000",,,,,,,,,,,,,,,,,,,,,,,,,,,,,,,,,,,,,,,,,,,,,,,,,,,,,,,,,,,,,,,,
		RestructuringAndMergernAcquisition,"721,000","114,000","218,000","389,000","0","0","0","0","12,000","174,000","0","0","0",,"0","0","233,000",,,"0","0","0","198,000","55,000","4,000","59,000","70,000","267,000","265,000","42,000","168,000","1,189,000","0","-117,000","0","0","0","-5,282,000","0",,,,,,,,,"0","0","0",,,,,,,,,,,,,,,,,,,,,,,,,,,,,,,,,,,,,,,,,,,,,,,,,,,,,,,,,,,,,,,,,,,,,,,,,,,,,,,,,,,,,,,,
		ImpairmentOfCapitalAssets,,,"17,196,000","5,000",,,"598,000",,,,"0","0","0",,"13,434,000","0","216,000","0","981,000","1,885,000","820,000","5,717,000","0","977,000","0","0","0","0","0","2,521,000","27,865,000",,,,"9,669,000",,,,"1,472,000","294,000",,"2,536,000","37,411,000","0","0","0","28,787,000","28,787,000","0","2,653,000",,,,,,,,,,,,,,,,,,,,,,,,,,,,,,,,,,,,,,,,,,,,,,,,,,,,,,,,,,,,,,,,,,,,,,,,,,,,,,,,,,,,,,,,
		WriteOff,,,,,,,,,,,,,,,,,,,,,,,,,,,,,,,,,,,"0","0",,"0","92,000",,,,,,,,,,,,,,,,,,,,,,,,,,,,,,,,,,,,,,,,,,,,,,,,,,,,,,,,,,,,,,,,,,,,,,,,,,,,,,,,,,,,,,,,,,,,,,,,,,,
		OtherSpecialCharges,,,"8,294,000",,,,"0","-1,092,000","-1,713,000",,"1,949,000",,"622,000",,"134,000",,,,,,,,"409,000","847,000",,,"0","-27,000","-1,387,000",,"0",,"860,000",,"340,000",,,,,"-545,000","146,000","492,000","414,000","197,000","2,645,000","210,000","-40,225,000","984,000","303,000","330,000",,,,,,,,,,,,,,,,,,,,,"-2,408,000","4,775,000",,,,,,,,,,,,,,,,,,,,,,,,,,,,,,,,,,,,,,,,,,,,,,,,,,,,,,,,,,,,,,,,,,
		GainOnSaleOfPPE,,,,,,,,,,,,,,,,,,,,,,,,,,,,,,,,,,,,,,,,"0","0","69,000","0","45,000","2,240,000","156,000",,"1,633,000","499,000","0","-1,000","4,610,000","53,000","348,000","61,000","9,247,000","103,000",,"1,374,000","-107,000",,,,,"25,000","1,708,000",,,,,"-231,000","515,000",,,,,,,,,,,,,,,,,,,,,,,,,,,,,,,,,,,,,,,,,,,,,,,,,,,,,,,,,,,,,,,,,,
	OtherNonOperatingIncomeExpenses,"55,000","184,000","-13,000","-38,000","-78,000","-107,000","-108,000","-92,000","61,000","353,000","24,000","4,000","-123,000","-108,000","-189,000","-240,000","-68,000","253,000","-96,000","123,000","-424,000","-311,000","130,000","-158,000","198,000","-347,000","-262,000","-171,000","27,000","-218,000","-74,000","-243,000","-239,000","-133,000","-249,000","-400,000","-180,000","-136,000","-237,000",,,,,,,,,,,,,,,,,,,,,,,,,,,,,,,,,,,,,,,,,,,,,,,,,,,,,,,,,,,,,,,,,,,,,,,,,,,,,,,,,,,,,,,,,,,,,,,,,,,
PretaxIncome,"58,707,000","5,927,000","-10,613,000","26,140,000","37,253,000","17,396,000","-5,855,000","-2,080,000","-2,937,000","373,000","74,554,000","5,585,000","2,997,000","10,729,000","-4,140,000","10,460,000","4,436,000","7,478,000","21,448,000","29,694,000","6,277,000","13,442,000","7,146,000","14,001,000","28,059,000","12,204,000","15,089,000","34,635,000","7,544,000","9,966,000","-12,520,000","6,265,000","1,119,000","2,778,000","-5,689,000","4,928,000","4,317,000","5,130,000","1,582,000","3,189,000","1,752,000","-549,000","-41,921,000","5,869,000","64,000","-300,000",,"-29,336,000",,,,,,,,,,,,,,,,,,,,,,,,,,,,,,,,,,,,,,,,,,,,,,,,,,,,,,,,,,,,,,,,,,,,,,,,,,,,,,,,,,,,,,,,,,
TaxProvision,"-141,000","35,000","-41,000","-157,000","22,000","88,000","12,000","-87,000","19,000","31,000","97,000","11,000","35,000","36,000","51,000","96,000","33,000","18,000","24,000","65,000","25,000","28,000","65,000","133,000","39,000","62,000","33,000","29,000","255,000","22,000","36,000","2,000","-1,000","17,000","63,000","-29,000","-13,000","43,000","-16,000","-19,000","-23,000","25,000","-190,000","95,000","831,000","59,000",,"40,000",,,,,,,,,,,,,,,,,,,,,,,,,,,,,,,,,,,,,,,,,,,,,,,,,,,,,,,,,,,,,,,,,,,,,,,,,,,,,,,,,,,,,,,,,,
NetIncomeCommonStockholders,"50,804,000","4,101,000","-12,029,000","24,026,000","34,519,000","15,127,000","-7,543,000","-3,623,000","-4,563,000","-1,341,000","70,885,000","3,654,000","1,102,000","8,636,000","-5,910,000","8,366,000","2,499,000","5,503,000","19,129,000","27,123,000","4,352,000","11,329,000","5,173,000","11,777,000","25,566,000","10,170,000","12,924,000","30,630,000","4,855,000","7,795,000","-14,035,000","4,205,000","-771,000","810,000","-6,951,000","3,656,000","3,717,000","3,207,000","-204,000","1,350,000","166,000","-1,330,000","-38,909,000","3,600,000","3,539,000","-232,000","8,318,000","-26,741,000","-1,041,000","-683,000","583,000","9,324,000","1,563,000","2,250,000","-2,513,000","11,585,000","2,984,000","11,445,000","-1,036,000","2,691,000","10,404,000","22,202,000","19,099,000","2,835,000","3,113,000","3,921,000","2,975,000","3,141,000","2,475,000","3,247,000","4,046,000","-357,000","2,602,000","4,015,000","4,021,000","3,252,000","-1,112,000","2,557,000","1,303,000","2,621,000","6,747,000","1,609,000","1,372,000","1,827,000","1,796,000","5,508,000","1,294,000","1,840,000","4,137,000","2,389,000","2,932,000","1,800,000","1,700,000","2,000,000","1,844,000","1,700,000","1,800,000","1,700,000","2,298,000","2,300,000","2,300,000","2,300,000","2,192,000","2,300,000","-4,700,000","500,000","38,019","2,300,000","1,900,000","-700,000","-1,258,124","12,700,000","1,900,000","2,300,000","8,400,000","-9,800,000","2,300,000","2,200,000","-9,800,000","4,100,000","8,200,000","6,300,000","-1,000,000","4,300,000","4,500,000","5,000,000","3,900,000","4,600,000","9,600,000","5,600,000","5,600,000","5,100,000","5,600,000","7,400,000","-1,400,000","-1,400,000","-1,300,000","-1,300,000"
	NetIncome,"57,505,000","5,776,000","-10,354,000","25,702,000","36,381,000","16,910,000","-5,732,000","-1,947,000","-2,888,000","334,000","72,730,000","5,445,000","2,893,000","10,443,000","-4,094,000","10,125,000","4,302,000","7,286,000","20,923,000","28,933,000","6,105,000","13,098,000","6,915,000","13,542,000","27,361,000","11,845,000","14,686,000","33,666,000","7,090,000","9,667,000","-12,205,000","6,083,000","1,086,000","2,672,000","-5,140,000","5,514,000","5,574,000","5,049,000","1,580,000","3,163,000","1,979,000","482,000","-37,097,000","5,413,000","5,158,000","-232,000","8,318,000","-26,741,000","-1,041,000","-683,000","583,000","9,324,000","1,563,000","2,250,000","-2,513,000","11,585,000","2,984,000","11,445,000","481,000","3,284,000","11,045,000","23,865,000","20,763,000","4,499,000","4,777,000","5,585,000","4,639,000","4,804,000","4,139,000","4,911,000","5,710,000","1,307,000","3,494,000","4,609,000","4,614,000","3,846,000","-518,000","3,151,000","1,626,000","2,621,000","4,322,000","2,437,000","2,219,000","2,674,000","2,634,000","6,336,000","2,139,000","2,685,000","4,972,000","3,224,000","3,839,000","2,700,000","2,500,000","2,800,000","2,558,000","2,000,000","2,100,000","2,000,000","2,298,000","2,300,000","2,300,000","2,300,000","2,192,000","2,300,000","-4,700,000","500,000","38,019","2,300,000","1,900,000","-700,000","-1,258,124","12,700,000","1,900,000","2,300,000","8,400,000","-9,800,000","2,300,000","2,200,000","-9,800,000","4,100,000","8,200,000","6,300,000","-1,000,000","4,300,000","4,500,000","5,000,000","3,900,000","4,600,000","9,600,000","5,600,000","5,600,000","5,100,000","5,600,000","7,400,000","-1,400,000","-1,400,000","-1,300,000","-1,300,000"
		NetIncomeIncludingNoncontrollingInterests,"58,848,000","5,892,000","-10,572,000","26,297,000","37,231,000","17,308,000","-5,867,000","-1,993,000","-2,956,000","342,000","74,457,000","5,574,000","2,962,000","10,693,000","-4,191,000","10,364,000","4,403,000","7,460,000","21,424,000","29,629,000","6,252,000","13,414,000","7,081,000","13,868,000","28,020,000","12,142,000","15,056,000","34,606,000","7,289,000","9,944,000","-12,556,000","6,263,000","1,120,000","2,761,000","-5,309,000","5,715,000","5,782,000","5,274,000","1,659,000","3,321,000","2,164,000","-52,000","-39,578,000","5,802,000","5,529,000","-253,000","8,873,000","-29,442,000","-1,802,000","-1,353,000","691,000","10,651,000","1,964,000","2,630,000","-6,898,000","13,250,000","3,626,000","13,536,000","579,000","4,461,000","12,552,000","28,393,000","24,455,000","5,376,000","5,662,000","6,371,000","5,249,000","5,503,000","4,890,000","5,760,000","6,728,000","1,560,000","4,124,000","5,414,000","5,215,000","4,630,000","-619,000","3,943,000","6,446,000","1,992,000","3,732,000","3,483,000","12,911,000","1,548,000","3,740,000","8,993,000","2,811,000","3,551,000","7,016,000","4,584,000","12,054,000","1,600,000","1,500,000","1,600,000","8,409,000","1,200,000","1,300,000","1,200,000","8,142,000","1,500,000","1,500,000","1,500,000","5,751,000","1,400,000","-5,100,000","500,000","38,019","2,300,000","1,900,000","-700,000","-1,258,124","12,700,000","1,900,000","2,300,000","8,400,000","-9,800,000","2,300,000","2,200,000","-9,800,000","4,100,000","8,200,000","6,300,000","-1,000,000","4,300,000","4,500,000","5,000,000","3,900,000","4,600,000","9,600,000","5,600,000","5,600,000","5,100,000","5,600,000","7,400,000","-1,400,000","-1,400,000","-1,300,000","-1,300,000"
			NetIncomeContinuousOperations,"58,848,000","5,892,000","-10,572,000","26,297,000","37,231,000","17,308,000","-5,867,000","-1,993,000","-2,956,000","342,000","74,457,000","5,574,000","2,962,000","10,693,000","-4,191,000","10,364,000","4,403,000","7,460,000","21,424,000","29,629,000","6,252,000","13,414,000","7,081,000","13,868,000","28,020,000","12,142,000","15,056,000","34,606,000","7,289,000","9,944,000","-12,556,000","6,263,000","1,120,000","2,761,000","-5,752,000","4,957,000","4,330,000","5,087,000","1,598,000","3,208,000","1,775,000","-574,000","-41,731,000","5,774,000","-767,000","-359,000","8,871,000","-29,376,000","280,000","-1,353,000","691,000","7,706,000","1,964,000","2,630,000","-2,512,000","11,585,000","3,291,000","11,445,000","481,000","3,284,000","11,045,000","23,865,000","20,784,000","4,518,000","4,710,000","4,305,000","3,173,000","3,675,000","4,139,000","4,911,000","5,710,000","1,307,000","3,494,000","4,594,000","3,503,000","3,846,000","-518,000","3,151,000","1,577,000","2,621,000","2,162,000","2,223,000","2,219,000","2,674,000","2,634,000","5,508,000","2,139,000","2,685,000","4,972,000","2,389,000","432,000","2,700,000","2,500,000","2,800,000","944,000","2,000,000","2,100,000","2,000,000","2,298,000","2,300,000","2,300,000","2,300,000","2,192,000","2,300,000","-4,700,000","500,000","38,019","2,300,000","1,900,000","-700,000","-1,258,124","12,700,000","1,900,000","2,300,000","8,400,000","-9,800,000","2,300,000","2,200,000","-10,800,000","4,100,000","8,200,000","6,300,000","-1,000,000","4,300,000","4,500,000","5,000,000","3,900,000","4,600,000","9,600,000","5,600,000","5,600,000","5,100,000","5,600,000","7,400,000","-1,400,000","-1,400,000","-1,300,000","-1,300,000"
			NetIncomeDiscontinuousOperations,,,,,,,,,,,,,,,,,,,,,,,,,,,,,,,"0","0","0","0","443,000","758,000","1,452,000","187,000","61,000","113,000","389,000","522,000","2,153,000","28,000","6,296,000","106,000","2,000","-66,000","-2,082,000","0","0","2,945,000","0","0","-1,000","0","-307,000",,"0","0","0","0","-1,349,000","-47,000","67,000","1,280,000","1,466,000","1,129,000","0","0","0","0","0","15,000","1,111,000","0","0","0","49,000","0","2,160,000","214,000",,,,,,,,,,,,,,,,,,,,,,,,,,,,,,,,,,,,,,,,,,,,,,,,,,,,,,,,
			NetIncomeExtraordinary,,,,,,,,,,,,,,,,,,,,,,,,,,,,,,,,,,,,,,,,,,,,,,,,,,,,,,,,,,,,,,,,,,,,,,,,,,,,,,,,,,,"0","0","0",,"0","0","0",,,,,,,,,,,,,,,,,,,,,,,,,,,,,,,,,,,,,,,,,,,,,,,,,
			NetIncomeFromTaxLossCarryforward,,,,,,,,,,,,,,,,,,,,,,,,,,,,,,,,,,,,,,,,,,,,,,,,,,,,,,,,,,,,,,,,,,,,,,,,,,,,,,,,,"2,425,000",,,,,,,,,,,,,,,,,,,,,,,,,,,,,,,,,,,,,,,,,,,,,,,,,,,,,,,,,
		MinorityInterests,"-1,343,000","-116,000","218,000","-595,000","-850,000","-398,000","135,000","46,000","68,000","-8,000","-1,727,000","-129,000","-69,000","-250,000","97,000","-239,000","-101,000","-174,000","-501,000","-696,000","-147,000","-316,000","-166,000","-326,000","-659,000","-297,000","-370,000","-940,000","-199,000","-277,000","351,000","-180,000","-34,000","-89,000","169,000","-201,000","-208,000","-225,000","-79,000","-158,000","-185,000","534,000","2,481,000","-389,000","-371,000","21,000","-555,000","2,701,000","761,000","670,000","-108,000","-1,327,000","-401,000","-380,000","419,000","-1,665,000","-642,000","-2,091,000","-98,000","-1,177,000","-1,507,000","-4,528,000","-3,692,000","-877,000","-885,000","-786,000","-610,000","-699,000","-751,000","-849,000","-1,018,000","-253,000","-630,000","-805,000","-601,000","-784,000","101,000","-792,000","-4,820,000","629,000","590,000","-1,046,000","-10,692,000","1,126,000","-1,106,000","-2,657,000","-672,000","-866,000","-2,044,000","-1,360,000","-8,215,000","1,100,000","1,000,000","1,200,000","-5,851,000","800,000","800,000","800,000","-5,844,000","800,000","800,000","800,000","-3,559,000","900,000","400,000",,,,,,,,,,,,,,,,,,,,,,,,,,,,,,,,,
	PreferredStockDividends,"6,701,000","1,675,000","1,675,000","1,676,000","1,675,000","1,675,000","1,675,000","1,676,000","1,675,000","1,675,000","1,675,000","1,676,000","1,675,000","1,675,000","1,675,000","1,676,000","1,675,000","1,675,000","1,675,000","1,675,000","1,675,000","1,675,000","1,675,000","1,675,000","1,675,000","1,675,000","1,676,000","1,675,000","1,675,000","1,812,000","1,812,000","1,813,000","1,813,000","1,812,000","1,812,000","1,813,000","1,813,000","1,812,000","1,812,000","1,813,000","1,813,000","1,812,000","1,812,000","1,813,000","1,619,000",,,,,,,,,,,,,,"283,000","593,000","606,000","1,663,000","1,664,000","1,664,000","1,664,000","1,664,000","1,664,000","1,663,000","1,664,000","1,664,000","1,664,000","1,664,000","892,000","594,000","593,000","594,000","594,000","594,000","1,979,000",,,"828,000","847,000","847,000","838,000","828,000","845,000","845,000","835,000","835,000","907,000","900,000","800,000","800,000","714,000","300,000","300,000","300,000",,,,,,,,,,,,,,,,,,,,,,,,,,,,,,,,,,,,,,,,
	OtherunderPreferredStockDividend,,,,,"187,000","108,000",,,,,"170,000","115,000","116,000","132,000","141,000","83,000","128,000","108,000","119,000","135,000","78,000","94,000","67,000","90,000","120,000","0","86,000","1,361,000","560,000","60,000","18,000","65,000","44,000","50,000","-1,000","45,000","44,000","30,000",,,,,,,,,,,,,,,,,,,,,"1,234,000",,"35,000",,,,,,,,,,,,,,,,,,"-1,656,000",,"-2,425,000",,,,,,,,,,,,,,,,,,,,,,,,,,,,,,,,,,,,,,,,,,,,,,,,,,,,,,,,,
AverageDilutionEarnings,,,,,,,,,,,,,,,,"0",,,,"1,675,000","0",,,,"1,675,000",,"0","1,675,000",,,"0","0","0","0","19,000","0","6,000","-2,000",,,,,,,,,,,,,,,,,,,,,,,,,,,,,,,,,,,,,,,,,,,,,,,,,,,,,,,,,,,,,,,,,,,,,,,,,,,,,,,,,,,,,,,,,,,,,,,,,,,,
DilutedNIAvailtoComStockholders,"50,804,000","4,101,000","-12,029,000","24,026,000","34,519,000","15,127,000","-7,543,000","-3,623,000","-4,563,000","-1,341,000","77,586,000","3,654,000","1,102,000","8,636,000","-5,910,000","8,366,000","2,499,000","5,503,000","19,129,000","28,798,000","4,352,000","11,329,000","5,173,000","11,777,000","27,241,000","10,170,000","12,924,000","32,305,000","4,855,000","7,795,000","-14,035,000","4,205,000","-771,000","810,000","-6,932,000","3,656,000","3,723,000","3,205,000","-239,000","1,350,000","166,000","-1,330,000","-38,909,000","3,600,000","3,539,000","-232,000","8,318,000","-26,741,000","-1,041,000","-683,000","583,000","9,324,000","1,563,000","2,250,000","-2,513,000","11,585,000","2,984,000","11,445,000","-1,036,000","2,691,000","10,404,000","22,202,000","19,099,000","2,835,000","3,113,000","3,921,000","2,975,000","3,141,000","2,475,000","3,247,000","4,046,000","-357,000","2,602,000","4,015,000","4,021,000","3,252,000","-1,112,000","2,557,000","1,303,000","2,621,000","6,747,000","1,609,000","1,372,000","1,827,000","1,796,000","5,508,000","1,294,000","1,840,000","4,137,000","2,389,000","2,932,000","1,800,000","1,700,000","2,000,000","1,844,000","1,700,000","1,800,000","1,700,000","2,298,000","2,300,000","2,300,000","2,300,000","2,192,000","2,300,000","-4,700,000","500,000","38,019","2,300,000","1,900,000","-700,000","-1,258,124","12,700,000","1,900,000","2,300,000","8,400,000","-9,800,000","2,300,000","2,200,000","-9,800,000","4,100,000","8,200,000","6,300,000","-1,000,000","4,300,000","4,500,000","5,000,000","3,900,000","4,600,000","9,600,000","5,600,000","5,600,000","5,100,000","5,600,000","7,400,000","-1,400,000","-1,400,000","-1,300,000","-1,300,000"
BasicEPS,,"0.05","-0.15","0.3","0.43","0.19","-0.09","-0.05","-0.06","-0.02","0.89","0.05","0.01","0.11","-0.07","0.1","0.03","0.07","0.24","0.34","0.05","0.14","0.07","0.15","0.32","0.13","0.16","0.39","0.06","0.1","-0.18","0.06","-0.01","0.01","-0.11","0.06","0.06","0.06","-0.01","0.03","0","-0.03","-1","0.09","0.09","-0.01",,"-0.7","-0.027","-0.02",,"0.53","0.52","0.12",,"0.63","0.16","0.62",,"0.15","0.58","1.34",,"0.17","0.18","0.23",,"0.19","0.15","0.19",,"-0.02","0.15","0.24",,"0.22","-0.09","0.21",,"0.21","0.65","0.23",,"0.26","0.25","0.77",,"0.26","0.57","0.33",,"0.25","0.23","-0.27",,"0.23","0.25","0.24",,"0.32","0.32","0.33",,"0.32","-0.66","0.08",,"0.32","0.32","-0.16",,"1.76","0.32","0.64",,"-1.44","0.32","0.32",,"0.64","1.12","0.96",,"0.64","0.64","0.64",,"0.64","1.28","0.8",,"0.64","0.8","1.12",,"-0.16","-0.16","-0.16"
DilutedEPS,,"0.05","-0.15","0.29","0.41","0.19","-0.09","-0.05","-0.06","-0.02","0.83","0.05","0.01","0.11","-0.07","0.1","0.03","0.07","0.24","0.33","0.05","0.14","0.07","0.15","0.32","0.13","0.16","0.38","0.06","0.1","-0.18","0.06","-0.01","0.01","-0.11","0.06","0.06","0.06","-0.01","0.03","0","-0.03","-1","0.09","0.09","-0.01",,"-0.7","-0.027","-0.02",,"0.53","0.52","0.12",,"0.63","0.16","0.62",,"0.15","0.56","1.25",,"0.17","0.18","0.23",,"0.19","0.15","0.19",,"-0.02","0.15","0.24",,"0.22","-0.09","0.21",,"0.21","0.56","0.23",,"0.26","0.25","0.69",,"0.26","0.54","0.33",,"0.25","0.23","-0.27",,"0.23","0.25","0.24",,"0.32","0.32","0.33",,"0.32","-0.66","0.08",,"0.32","0.32","-0.16",,"1.76","0.32","0.64",,"-1.44","0.32","0.32",,"0.64","1.12","0.96",,"0.64","0.64","0.64",,"0.64","1.28","0.8",,"0.64","0.8","1.12",,"-0.16","-0.16","-0.16"
BasicAverageShares,,"83,975,000","83,618,000","80,418,000","80,162,000","80,102,000","80,055,000","80,051,000","79,976,000","79,909,000","79,850,000","79,848,000","79,764,000","79,744,000","79,725,000","79,712,000","79,519,000","79,423,000","79,366,000","79,381,000","79,344,000","79,299,000","79,268,000","79,249,000","79,233,000","79,194,000","79,162,000","79,162,000","79,124,000","77,925,000","77,573,000","74,840,000","68,853,000","67,070,000","64,412,000","61,102,000","59,911,000","51,780,000","47,873,000","46,911,000","42,662,000","38,884,000","38,735,000","38,596,000","38,523,000","37,927,000",,"38,020,000","31,020,000","31,020,000",,"23,467,000","21,617,000","18,609,000",,"18,471,000","18,473,000","18,500,000",,"18,469,000","17,847,000","16,590,000",,"16,565,000","16,679,000","16,847,000",,"16,838,000","16,836,000","16,831,000",,"16,822,000","16,821,000","16,798,000",,"14,470,000","12,709,000","12,277,000",,"12,251,000","10,435,000","7,089,000",,"7,105,000","7,102,000","7,121,000",,"7,179,000","7,195,000","7,218,000",,"7,200,000","7,391,304","7,218,000",,"7,391,304","7,200,000","7,083,333",,"7,187,500","7,187,500","6,969,697",,"7,187,500","7,121,212","6,250,000",,"7,187,500","5,937,500","7,123,000",,"7,215,909","5,937,500","7,123,000",,"6,805,556","7,187,500","6,875,000",,"6,406,250","7,321,429","6,562,500",,"6,718,750","7,031,250","7,812,500",,"7,187,500","7,500,000","7,000,000",,"7,968,750","7,000,000","6,607,143",,"8,750,000","8,125,000","8,125,000"
DilutedAverageShares,,"85,582,000","83,618,000","88,851,000","88,599,000","81,123,000","80,055,000","80,051,000","79,976,000","79,909,000","87,825,000","80,540,000","80,156,000","79,931,000","79,725,000","80,450,000","79,621,000","79,570,000","79,550,000","86,259,000","79,529,000","79,481,000","79,461,000","79,437,000","86,027,000","79,372,000","79,339,000","85,881,000","79,319,000","78,128,000","77,573,000","75,080,000","69,097,000","67,314,000","64,412,000","61,572,000","60,319,000","52,212,000","47,873,000","47,197,000","42,662,000","38,884,000","38,735,000","38,739,000","38,523,000","38,226,000",,"38,020,000","31,020,000","31,020,000",,"23,467,000","21,617,000","18,609,000",,"18,487,000","18,490,000","18,512,000",,"18,520,000","21,483,000","18,553,000",,"16,621,000","16,714,000","16,889,000",,"16,887,000","16,880,000","16,877,000",,"17,026,000","16,999,000","17,030,000",,"14,670,000","12,889,000","12,410,000",,"12,369,000","14,674,000","7,146,000",,"7,158,000","7,120,000","9,121,000",,"7,188,000","9,195,000","7,218,000",,"7,200,000","7,391,304","7,218,000",,"7,391,304","7,200,000","7,083,333",,"7,187,500","7,187,500","6,969,697",,"7,187,500","7,121,212","6,250,000",,"7,187,500","5,937,500","7,123,000",,"7,215,909","5,937,500","7,123,000",,"6,805,556","7,187,500","6,875,000",,"6,406,250","7,321,429","6,562,500",,"6,718,750","7,031,250","7,812,500",,"7,187,500","7,500,000","7,000,000",,"7,968,750","7,000,000","6,607,143",,"8,750,000","8,125,000","8,125,000"
TotalOperatingIncomeAsReported,"98,582,000","12,954,000","5,663,000","34,401,000","11,348,000","7,105,000","3,685,000","7,469,000","6,377,000","9,165,000","10,275,000","14,888,000","13,429,000","15,430,000","3,436,000","16,240,000","14,829,000","17,755,000","15,645,000","16,531,000","18,132,000","13,091,000","17,907,000","16,668,000","19,114,000","17,219,000","16,102,000","18,854,000","15,910,000","14,631,000","-10,587,000","14,782,000","6,732,000","12,403,000",,"13,251,000","11,547,000",,,"8,360,000","7,771,000","8,663,000","5,871,000","9,058,000","6,764,000","7,552,000","6,183,000","7,821,000","9,143,000","9,497,000","713,000","2,604,000","1,574,000","1,762,000","-3,549,000","3,720,000","3,061,000","12,234,000","9,475,000","13,767,000","13,643,000","16,570,000","-29,947,000","15,094,000","15,804,000","323,000","2,414,000","3,134,000","15,047,000","15,810,000","4,512,000","5,766,000","4,390,000","5,330,000","3,357,000","4,475,000","-150,000","3,861,000","1,739,000","3,060,000","2,575,000","3,100,000","2,853,000","3,480,000","3,401,000","8,918,000","2,728,000","3,520,000","6,938,000","4,578,000",,,,,,,,,,,,,,,,,,,,,,,,,,,,,,,,,,,,,,,,,,,,,,,,
TotalExpenses,"176,439,000","46,568,000","46,419,000","42,576,000","40,876,000","42,988,000","43,439,000","40,110,000","39,951,000","43,537,000","47,823,000","44,033,000","43,932,000","44,278,000","46,850,000","47,977,000","54,689,000","44,963,000","47,637,000","47,515,000","48,110,000","49,017,000","46,351,000","46,379,000","46,765,000","49,234,000","52,406,000","44,939,000","43,560,000","42,223,000","45,711,000","39,172,000","43,198,000","37,730,000","35,137,000","32,408,000","31,689,000","26,027,000","24,903,000","24,335,000","23,201,000","22,663,000","23,005,000","22,959,000","23,199,000","23,430,000","-4,411,000","19,540,000","21,228,000","21,324,000","12,142,000","22,247,000","24,151,000","23,895,000","24,482,000","22,240,000","24,018,000","24,384,000","28,677,000","23,985,000","23,605,000","23,533,000","23,979,000","23,721,000","22,613,000","36,252,000","32,942,000","31,395,000","22,878,000","22,494,000","34,338,000","23,477,000","25,872,000","25,843,000","25,844,000","23,153,000","25,489,000","22,634,000","23,271,000","19,984,000","18,855,000","18,639,000","20,457,000","19,173,000","18,408,000","19,632,000","21,559,000","18,114,000","17,640,000","17,250,000","96,015,000","-9,300,000","-8,800,000","-9,600,000","88,342,000","-8,300,000","-7,900,000","-7,900,000","65,788,000","-6,800,000","-6,400,000","-6,400,000","57,346,000","-6,000,000","-11,000,000","-2,600,000","19,378,941","-1,100,000","-1,500,000","-1,000,000","13,264,885","-1,300,000","-700,000","-700,000","-900,000","-700,000","-700,000","-600,000","-800,000","-500,000","-500,000","-400,000","-800,000","-100,000","-600,000","0","-4,700,000","0","0","0","-200,000","-100,000","-100,000","-100,000",,,,
NetIncomeFromContinuingAndDiscontinuedOperation,"57,505,000","5,776,000","-10,354,000","25,702,000","36,381,000","16,910,000","-5,732,000","-1,947,000","-2,888,000","334,000","72,730,000","5,445,000","2,893,000","10,443,000","-4,094,000","10,125,000","4,302,000","7,286,000","20,923,000","28,933,000","6,105,000","13,098,000","6,915,000","13,542,000","27,361,000","11,845,000","14,686,000","33,666,000","7,090,000","9,667,000","-12,205,000","6,083,000","1,086,000","2,672,000","-5,140,000","5,514,000","5,574,000","5,049,000","1,580,000","3,163,000","1,979,000","482,000","-37,097,000","5,413,000","5,158,000","-232,000","8,318,000","-26,741,000","-1,041,000","-683,000","583,000","9,324,000","1,563,000","2,250,000","-2,513,000","11,585,000","2,984,000","11,445,000","481,000","3,284,000","11,045,000","23,865,000","20,763,000","4,499,000","4,777,000","5,585,000","4,639,000","4,804,000","4,139,000","4,911,000","5,710,000","1,307,000","3,494,000","4,609,000","4,614,000","3,846,000","-518,000","3,151,000","4,051,000","2,621,000","1,897,000","2,437,000","2,219,000","2,674,000","2,634,000","6,336,000","2,139,000","2,685,000","4,972,000","3,224,000","3,839,000","2,700,000","2,500,000","2,800,000","2,558,000","2,000,000","2,100,000","2,000,000","2,298,000","2,300,000","2,300,000","2,300,000","2,192,000","2,300,000","-4,700,000","500,000","38,019","2,300,000","1,900,000","-700,000","-1,258,124","12,700,000","1,900,000","2,300,000","8,400,000","-9,800,000","2,300,000","2,200,000","-10,800,000","4,100,000","8,200,000","6,300,000","-1,000,000","4,300,000","4,500,000","5,000,000","3,900,000","4,600,000","9,600,000","5,600,000","5,600,000","5,100,000","5,600,000","7,400,000","-1,400,000","-1,400,000","-1,300,000","-1,300,000"
NormalizedIncome,"29,159,200","2,363,272.482","1,806,838.217","9,786,540","2,185,206.48","-1,996,870.775","-5,527,600","-2,993,325","-4,129,730","493,538.874","-1,007,936.771","5,445,000","3,141,068.735","4,760,132.445","3,027,150","10,125,000","4,568,006.312","7,286,000","5,077,750.466","6,322,602.613","6,921,734.109","7,451,785.746","7,420,361.041","6,133,054.925","7,593,513.632","5,411,849.23","5,211,765.79","29,373,597.055","5,742,153.367","9,035,397.351","863,900","7,013,702.793","-91,800","2,555,715.983","677,150","4,764,450","3,906,200","-3,927,701.365","2,117,650","2,886,850","1,684,900","1,928,200","-1,596,435.557","5,534,539.615","-874,750","-302,900","904,700","-8,385,300","913,600","1,255,950","3,430,000","3,382,500","1,528,550","2,023,800","765,300","5,574,450","3,224,050","11,445,000","-412,100","3,423,100","11,045,000","23,865,000","9,841,400","4,546,000","4,680,000","3,280,200","2,867,000","3,297,000","4,139,600","4,912,800","4,542,400","3,554,000","3,186,800","4,459,600","1,340,000","3,791,400","-201,800","3,151,000","4,002,000","2,621,000","-263,000","2,223,000","2,219,000","2,603,800","2,428,200","3,332,400","2,139,000","2,685,000","4,972,000","3,224,000","3,839,000","2,700,000","2,500,000","2,800,000","2,558,000","2,000,000","2,100,000","2,000,000","2,298,000","2,300,000","2,300,000","2,300,000","2,192,000","2,300,000","-4,700,000","500,000","38,019","2,300,000","1,900,000","-700,000","-1,258,124","12,700,000","1,900,000","2,300,000","8,400,000","-9,800,000","2,300,000","2,200,000","-10,800,000","4,100,000","8,200,000","6,300,000","-1,000,000","4,300,000","4,500,000","5,000,000","3,900,000","4,600,000","9,600,000","5,600,000","5,600,000","5,100,000","5,600,000","7,400,000","-1,400,000","-1,400,000","-1,300,000","-1,300,000"
InterestExpense,"35,931,000","8,312,000","9,017,000","9,297,000","9,305,000","9,406,000","9,826,000","9,913,000","10,177,000","9,401,000","9,707,000","9,917,000","10,084,000","10,349,000","11,085,000","11,045,000","10,708,000","10,601,000","10,995,000","11,586,000","11,486,000","10,799,000","10,352,000","10,795,000","11,002,000","10,922,000","10,660,000","10,091,000","10,058,000","9,969,000","9,866,000","8,645,000","7,632,000","7,599,000","7,791,000","7,915,000","7,296,000","6,073,000","6,386,000","6,430,000","6,453,000","6,749,000","6,300,000","6,740,000","6,967,000","8,759,000","9,155,000","7,657,000","8,892,000","8,734,000","7,323,000","7,757,000","7,904,000","8,104,000","9,161,000","8,685,000","8,893,000",,,,,,,,,,,,,,,,,,,,,,,,,,,,,,,,,,,,,,,,,,,,,,,,,,,,,,,,,,,,,,,,,,,,,,,,,,,,,,,,,
NetInterestIncome,"-35,931,000","-8,312,000","-9,017,000","-9,297,000","-9,305,000","-9,406,000","-9,826,000","-9,913,000","-10,177,000","-9,401,000","-9,707,000","-9,917,000","-10,084,000","-10,349,000","-11,085,000","-11,045,000","-10,708,000","-10,601,000","-10,995,000","-11,586,000","-11,486,000","-10,799,000","-10,696,000","-11,140,000","-11,376,000","-11,302,000","-11,040,000","-10,480,000","-10,388,000","-10,303,000","-10,197,000","-8,987,000","-8,002,000","-8,002,000","-8,169,000","-8,297,000","-7,642,000","-6,414,000","-7,835,000","-6,430,000","-6,453,000","-6,749,000","-6,300,000","-6,740,000","-6,967,000","-8,759,000","-9,155,000","-7,657,000","-8,892,000","-8,734,000","-7,323,000","-7,757,000","-7,904,000","-8,104,000","-9,161,000","-8,685,000","-8,893,000",,,,,,,,,,,,,,,,,,,,,,,,,,,,,,,,,,,,,,,,,,,,,,,,,,,,,,,,,,,,,,,,,,,,,,,,,,,,,,,,,
EBIT,"94,638,000","14,239,000","-1,596,000","35,437,000","46,558,000","26,802,000","3,971,000","7,833,000","7,240,000","9,774,000","84,261,000","15,502,000","13,081,000","21,078,000","6,945,000","21,505,000","15,144,000","18,079,000","32,443,000","41,280,000","17,763,000","24,241,000","17,498,000","24,796,000","39,061,000","23,126,000","25,749,000","44,726,000","17,602,000","19,935,000","-2,654,000","14,910,000","8,751,000","10,377,000","2,102,000","12,843,000","11,613,000","11,203,000","7,968,000","9,619,000","8,205,000","6,200,000","-35,621,000","12,609,000","7,031,000","8,459,000","34,970,000","-21,679,000","9,143,000","9,497,000","12,415,000","10,361,000","9,478,000","9,866,000","10,715,000","12,405,000","11,954,000","12,234,000","9,475,000","13,767,000","13,643,000","16,570,000","15,462,000","15,094,000","15,804,000","323,000","2,414,000","3,134,000","15,047,000","15,810,000","2,104,000","10,541,000","4,390,000","5,330,000","3,094,000","4,475,000","-150,000","3,861,000","1,739,000","3,060,000","2,575,000","3,100,000","2,853,000","3,480,000","3,401,000","8,918,000","2,728,000","3,520,000","6,938,000","4,578,000","-74,142,000","30,400,000","29,600,000","31,200,000","-67,287,000","27,300,000","26,100,000","26,300,000","-48,544,000","21,100,000","20,400,000","20,100,000","-43,333,000","18,600,000","20,500,000","6,800,000","-15,161,981","5,400,000","5,600,000","5,200,000","-9,658,124","16,500,000","4,300,000","4,800,000","11,100,000","8,200,000","5,400,000","4,800,000","5,300,000","6,600,000","10,700,000","9,300,000","9,700,000","6,100,000","6,900,000","6,600,000","16,500,000","6,300,000","11,300,000","7,300,000","7,900,000","6,600,000","7,100,000","8,800,000","48,300,000","8,600,000","8,600,000","8,500,000"
EBITDA,"168,724,000"
ReconciledCostOfRevenue,"69,047,000","18,009,000","17,598,000","16,759,000","16,681,000","17,239,000","16,407,000","15,753,000","15,396,000","16,407,000","17,976,000","17,766,000","16,774,000","18,993,000","18,777,000","18,696,000","17,854,000","17,964,000","18,200,000","18,433,000","18,403,000","19,749,000","19,398,000","17,347,000","18,368,000","19,782,000","21,655,000","18,005,000","16,966,000","16,986,000","19,531,000","14,598,000","13,922,000","14,375,000","13,429,000","11,820,000","11,353,000","9,545,000","9,714,000","8,732,000","8,476,000","8,912,000","8,804,000","8,796,000","8,800,000","9,516,000","10,070,000","7,482,000","9,082,000","9,554,000","3,877,000","11,356,000","10,911,000","12,017,000","-34,870,000","11,074,000","11,419,000",,,,,,,,,,,,,,,,,,,,,,,,,,,,,,,,,,,,,,,,,,,,,,,,,,,,,,,,,,,,,,,,,,,,,,,,,,,,,,,,,
ReconciledDepreciation,"74,086,000","20,211,000","18,791,000","18,487,000","16,597,000","18,379,000","20,210,000","18,295,000","17,860,000","20,848,000","18,782,000","20,018,000","20,628,000","19,219,000","21,608,000","21,150,000","23,457,000","21,112,000","22,053,000","23,130,000","23,335,000","22,817,000","21,987,000","23,245,000","22,714,000","23,847,000","25,042,000","22,914,000","21,120,000","20,363,000","20,605,000","19,179,000","23,657,000","17,741,000","15,932,000","15,225,000","14,702,000","10,982,000","10,490,000","10,613,000","9,847,000","8,872,000","9,819,000","8,817,000","9,533,000","8,857,000","9,126,000","7,546,000","7,531,000","7,787,000","7,569,000","7,628,000","7,876,000","7,793,000","8,462,000","7,824,000","7,779,000","8,056,000","12,376,000","8,132,000","8,331,000","8,137,000","8,617,000","8,105,000","7,876,000","8,077,000","5,979,000","7,660,000","8,800,000","7,695,000","7,455,000","7,146,000","6,521,000","6,369,000","6,521,000","5,757,000","5,596,000","5,102,000","4,827,000","4,475,000","4,339,000","4,095,000","4,960,000","4,049,000","4,096,000","3,978,000","4,270,000","3,774,000","3,735,000","3,495,000","2,711,000","3,500,000","3,500,000","3,600,000","2,489,000","3,300,000","3,200,000","3,200,000","2,516,000","2,000,000","1,900,000","1,800,000","1,698,000","1,600,000","1,200,000","300,000","216,147","200,000","400,000","200,000","249,404","200,000","100,000","200,000","200,000","100,000","200,000","100,000","300,000","100,000","100,000","100,000",,,,,,,,,,,,,,,,
NetIncomeFromContinuingOperationNetMinorityInterest,"57,505,000","5,776,000","-10,354,000","25,702,000","36,381,000","16,910,000","-5,732,000","-1,947,000","-2,888,000","334,000","72,730,000","5,445,000","2,893,000","10,443,000","-4,094,000","10,125,000","4,302,000","7,286,000","20,923,000","28,933,000","6,105,000","13,098,000","6,915,000","13,542,000","27,361,000","11,845,000","14,686,000","33,666,000","7,090,000","9,667,000","-12,205,000","6,083,000","1,086,000","2,672,000","-5,583,000","4,756,000","4,122,000","4,862,000","1,519,000","3,050,000","1,590,000","-40,000","-39,250,000","5,385,000","-1,138,000","-338,000","8,316,000","-26,675,000","1,041,000","-683,000","583,000","6,379,000","1,563,000","2,250,000","-2,512,000","11,585,000","3,291,000","11,445,000","481,000","3,284,000","11,045,000","23,865,000","22,112,000","4,546,000","4,710,000","4,305,000","3,173,000","3,675,000","4,139,000","4,911,000","5,710,000","1,307,000","3,494,000","4,594,000","3,503,000","3,846,000","-518,000","3,151,000","4,002,000","2,621,000","-263,000","2,223,000","2,219,000","2,674,000","2,634,000","6,336,000","2,139,000","2,685,000","4,972,000","3,224,000","3,839,000","2,700,000","2,500,000","2,800,000","2,558,000","2,000,000","2,100,000","2,000,000","2,298,000","2,300,000","2,300,000","2,300,000","2,192,000","2,300,000","-4,700,000","500,000","38,019","2,300,000","1,900,000","-700,000","-1,258,124","12,700,000","1,900,000","2,300,000","8,400,000","-9,800,000","2,300,000","2,200,000","-10,800,000","4,100,000","8,200,000","6,300,000","-1,000,000","4,300,000","4,500,000","5,000,000","3,900,000","4,600,000","9,600,000","5,600,000","5,600,000","5,100,000","5,600,000","7,400,000","-1,400,000","-1,400,000","-1,300,000","-1,300,000"
TotalUnusualItemsExcludingGoodwill,"47,243,000","3,433,000","-12,208,000","21,802,000","34,216,000","19,003,000","-280,000","1,092,000","1,701,000","-174,000","73,834,000","0","-251,000","5,702,000","-9,755,000","0","-268,000","0","15,863,000","22,660,000","-820,000","5,658,000","-510,000","7,480,000","19,795,000","6,466,000","9,495,000","4,296,000","1,395,000","633,000","-20,106,000","-931,000","1,812,000","117,000","-9,631,000","-13,000","332,000","8,864,000","-921,000","251,000","-146,000","-3,028,000","-37,825,000","-152,000","-405,000","-54,000","11,402,000","-28,138,000","196,000","-2,983,000","-4,380,000","4,610,000","53,000","348,000","-5,042,000","9,247,000","103,000",,"1,374,000","-214,000",,,"20,451,000",,"50,000","1,708,000","510,000","630,000","-1,000","-3,000","1,946,000","-3,745,000","512,000","224,000","3,605,000","91,000","-527,000",,,,,,,"117,000","343,000","5,006,000",,,,,,,,,,,,,,,,,,,,,,,,,,,,,,,,,,,,,,,,,,,,,,,,,,,,
TotalUnusualItems,"47,243,000","3,433,000","-12,208,000","21,802,000","34,216,000","19,003,000","-280,000","1,092,000","1,701,000","-174,000","73,834,000","0","-251,000","5,702,000","-9,755,000","0","-268,000","0","15,863,000","22,660,000","-820,000","5,658,000","-510,000","7,480,000","19,795,000","6,466,000","9,495,000","4,296,000","1,395,000","633,000","-20,106,000","-931,000","1,812,000","117,000","-9,631,000","-13,000","332,000","8,864,000","-921,000","251,000","-146,000","-3,028,000","-37,825,000","-152,000","-405,000","-54,000","11,402,000","-28,138,000","196,000","-2,983,000","-4,380,000","4,610,000","53,000","348,000","-5,042,000","9,247,000","103,000",,"1,374,000","-214,000",,,"20,451,000",,"50,000","1,708,000","510,000","630,000","-1,000","-3,000","1,946,000","-3,745,000","512,000","224,000","3,605,000","91,000","-527,000",,,,,,,"117,000","343,000","5,006,000",,,,,,,,,,,,,,,,,,,,,,,,,,,,,,,,,,,,,,,,,,,,,,,,,,,,
NormalizedEBITDA,"121,481,000","31,017,000","29,403,000","32,122,000","28,939,000","26,178,000","24,461,000","25,036,000","23,399,000","30,796,000","29,209,000","35,520,000","33,960,000","34,595,000","38,308,000","42,655,000","38,869,000","39,191,000","38,633,000","41,750,000","41,918,000","41,400,000","39,995,000","40,561,000","41,980,000","40,507,000","41,296,000","63,344,000","37,327,000","39,665,000","38,057,000","35,020,000","30,597,000","28,001,000","27,665,000","28,081,000","25,983,000","13,321,000","19,379,000","19,982,000","18,198,000","18,100,000","12,023,000","21,578,000","17,113,000","17,370,000","32,694,000","14,005,000","16,503,000","20,267,000","24,364,000","13,434,000","17,301,000","17,311,000","24,219,000","10,982,000","19,731,000","20,290,000","20,477,000","22,113,000","21,974,000","24,707,000","3,628,000","23,199,000","23,630,000","6,692,000","9,327,000","10,164,000","23,848,000","23,508,000","7,613,000","21,432,000","10,399,000","11,475,000","6,010,000","10,141,000","5,973,000","8,963,000","6,577,000","7,535,000","6,914,000","7,195,000","7,813,000","7,412,000","7,154,000","7,890,000","6,998,000","7,294,000","10,673,000","8,073,000","-71,431,000","33,900,000","33,100,000","34,800,000","-64,798,000","30,600,000","29,300,000","29,500,000","-46,028,000","23,100,000","22,300,000","21,900,000","-41,635,000","20,200,000","21,700,000","7,100,000","-14,945,834","5,600,000","6,000,000","5,400,000","-9,408,720","16,700,000","4,400,000","5,000,000","11,300,000","8,300,000","5,600,000","4,900,000","5,600,000","6,700,000","10,800,000","9,400,000","9,700,000","6,100,000","6,900,000","6,600,000","16,500,000","6,300,000","11,300,000","7,300,000","7,900,000","6,600,000","7,100,000","8,800,000","48,300,000","8,600,000","8,600,000","8,500,000"
TaxRateForCalcs,"0.4","0.006","0.004","0.27","0.001","0.005","0.27","0.042","0.27","0.083","0.001","0.002","0.012","0.003","0.27","0.009","0.007","0.002","0.001","0.002","0.004","0.002","0.009","0.009","0.001","0.005","0.002","0.001","0.034","0.002","0.35","0","0.35","0.006","0.35","0.35","0.35","0.008","0.35","0.35","0.35","0.35","0.005","0.016","0.35","0.35","0.35","0.35","0.35","0.35","0.35","0.35","0.35","0.35","0.35","0.35","0.35","0.35","0.35","0.35","0.35","0.35","0.4","0.4","0.4","0.4","0.4","0.4","0.4","0.4","0.4","0.4","0.4","0.4","0.4","0.4","0.4","0.4","0.4","0.4","0.4","0.4","0.4","0.4","0.4","0.4","0.4","0.4","0.4","0.4","0.4","0.4","0.4","0.4","0.4","0.4","0.4","0.4","0.4","0.4","0.4","0.4","0.4","0.4","0.4","0.4","0.4","0.4","0.4","0.4","0.4","0.4","0.4","0.4","0.4","0.4","0.4","0.4","0.4","0.4","0.4","0.4","0.4","0.4","0.4","0.4","0.4","0.4","0.4","0.4","0.4","0.4","0.4","0.4","0.4","0.4","0.4","0.4"
TaxEffectOfUnusualItems,"18,897,200","20,272.482","-47,161.783","5,886,540","20,206.48","96,129.225","-75,600","45,675","459,270","-14,461.126","96,063.229","0","-2,931.265","19,132.445","-2,633,850","0","-1,993.688","0","17,750.466","49,602.613","-3,265.891","11,785.746","-4,638.959","71,054.925","27,513.632","32,849.23","20,765.79","3,597.055","47,153.367","1,397.351","-7,037,100","-297.207","634,200","715.983","-3,370,850","-4,550","116,200","74,298.635","-322,350","87,850","-51,100","-1,059,800","-171,435.557","-2,460.385","-141,750","-18,900","3,990,700","-9,848,300","68,600","-1,044,050","-1,533,000","1,613,500","18,550","121,800","-1,764,700","3,236,450","36,050","0","480,900","-74,900","0","0","8,180,400","0","20,000","683,200","204,000","252,000","-400","-1,200","778,400","-1,498,000","204,800","89,600","1,442,000","36,400","-210,800","0","0","0","0","0","0","46,800","137,200","2,002,400","0","0","0","0","0","0","0","0","0","0","0","0","0","0","0","0","0","0","0","0","0","0","0","0","0","0","0","0","0","0","0","0","0","0","0","0","0","0","0","0","0","0","0","0","0","0","0","0","0","0","0","0"