name,ttm,03/31/2022,12/31/2021,09/30/2021,06/30/2021,03/31/2021,12/31/2020,09/30/2020,06/30/2020,03/31/2020,12/31/2019,09/30/2019,06/30/2019,03/31/2019,12/31/2018,09/30/2018,06/30/2018,03/31/2018,12/31/2017,09/30/2017,06/30/2017,03/31/2017,12/31/2016,09/30/2016,06/30/2016,03/31/2016,12/31/2015,09/30/2015,06/30/2015,03/31/2015,12/31/2014,09/30/2014,06/30/2014,03/31/2014,12/31/2013,09/30/2013,06/30/2013,03/31/2013,12/31/2012,09/30/2012,06/30/2012,03/31/2012,12/31/2011,09/30/2011,06/30/2011,03/31/2011,12/31/2010,09/30/2010,06/30/2010,03/31/2010,12/31/2009,09/30/2009,06/30/2009,03/31/2009,12/31/2008,09/30/2008,06/30/2008,03/31/2008,12/31/2007,09/30/2007,06/30/2007,03/31/2007,12/31/2006,09/30/2006,06/30/2006,03/31/2006,12/31/2005,09/30/2005,06/30/2005,03/31/2005,12/31/2004,09/30/2004,06/30/2004,03/31/2004,12/31/2003,09/30/2003,06/30/2003,03/31/2003,12/31/2002,09/30/2002,06/30/2002,03/31/2002,12/31/2001,09/30/2001,06/30/2001,03/31/2001,12/31/2000,09/30/2000,06/30/2000,03/31/2000,12/31/1999,09/30/1999,06/30/1999,03/31/1999,12/31/1998,09/30/1998,06/30/1998,03/31/1998,12/31/1997,09/30/1997,06/30/1997,03/31/1997,12/31/1996,09/30/1996,06/30/1996,03/31/1996,12/31/1995,09/30/1995,06/30/1995,03/31/1995,12/31/1994,09/30/1994,06/30/1994,03/31/1994,12/31/1993,09/30/1993,06/30/1993,03/31/1993,12/31/1992,09/30/1992,06/30/1992,03/31/1992,12/31/1991,09/30/1991,06/30/1991,03/31/1991,12/31/1990,09/30/1990,06/30/1990,03/31/1990,12/31/1989,09/30/1989,06/30/1989,03/31/1989
TotalRevenue,"4,016,321,000","1,119,793,000","1,257,264,000","954,859,000","684,405,000","683,911,000","513,357,000","424,035,000","382,849,000","460,745,000","587,113,000","547,769,000","656,184,000","809,868,000","971,939,000","845,816,000","759,474,000","756,608,000","654,008,000","570,658,000","561,916,000","611,098,000","503,579,000","348,651,000","264,595,000","244,505,000","284,415,000","277,929,000","279,392,000","339,968,000","456,032,000","474,391,000","507,569,000","604,545,000","484,279,000","476,385,000","452,309,000","419,280,000","429,917,000","335,621,000","293,871,000","307,726,000","424,126,000","272,443,000","253,590,000","228,410,000","238,718,000","185,174,000","224,817,000","348,479,000","246,831,000","203,641,000","180,432,000","276,437,000","344,862,000","622,670,000","150,077,000","308,513,000","241,988,000","214,932,000","222,102,000","218,952,000","184,127,000","228,880,000","177,673,000","189,193,000","165,847,000","142,813,000","119,684,000","107,960,000","101,105,000","86,214,000","68,696,000","65,835,000","79,799,000","56,861,000","56,641,000","56,974,000","48,106,000","50,462,000","50,542,000","46,228,000","43,884,000","51,852,000","59,667,000","64,202,000","57,830,000","44,471,000","39,395,000","42,889,000","46,800,000","39,600,000","39,200,000","37,000,000","45,800,000","34,200,000","33,300,000","35,300,000","41,400,000","33,900,000","29,400,000","37,100,000","23,400,000","21,900,000","22,100,000","20,400,000","17,200,000","11,800,000","11,000,000","10,700,000","8,700,000","8,900,000","9,300,000","7,700,000","5,600,000","4,900,000","4,700,000","4,000,000","3,400,000","3,700,000","3,200,000","3,000,000","2,100,000","2,700,000","2,400,000","2,300,000","1,700,000","1,900,000","1,300,000","1,100,000","1,000,000","1,100,000","1,100,000","1,100,000"
	OperatingRevenue,"4,016,321,000","1,119,793,000","1,257,264,000","954,859,000","684,405,000","683,911,000","513,357,000","424,035,000","382,849,000","460,745,000","587,113,000","547,769,000","656,184,000","809,868,000","971,939,000","845,816,000","759,474,000","756,608,000","654,008,000","570,658,000","561,916,000","611,098,000","503,579,000","348,651,000","264,595,000","244,505,000","284,415,000","277,929,000","279,392,000","339,968,000","456,032,000","474,391,000","507,569,000","604,545,000","484,279,000","476,385,000","452,309,000","419,280,000","429,917,000","335,621,000","293,871,000","307,726,000","424,126,000","272,443,000","253,590,000","228,410,000","246,438,000","185,174,000","207,458,000","238,853,000","238,482,000","204,566,000","190,288,000","276,437,000","344,862,000","622,670,000","150,077,000","308,513,000","241,988,000","214,932,000","222,102,000","217,210,000","177,821,000","173,681,000","158,598,000","189,193,000","157,542,000","142,813,000","119,354,000","107,943,000","98,303,000","85,870,000","67,897,000","65,835,000","62,060,000","56,861,000","56,641,000","55,357,000","48,106,000","50,462,000","50,542,000","46,228,000","46,531,000","51,852,000","57,831,000","62,720,000","57,128,000","44,471,000","39,395,000","42,889,000","46,800,000","39,600,000","39,200,000","37,000,000","45,800,000","34,200,000","33,300,000","35,300,000","41,400,000","33,900,000","29,400,000","37,100,000","23,400,000","21,900,000","22,100,000","20,400,000","17,200,000","11,800,000","11,000,000","10,700,000","8,700,000","8,900,000","9,300,000","7,700,000","5,600,000","4,900,000","4,700,000","4,000,000","3,400,000","3,700,000","3,200,000","3,000,000","2,100,000","2,700,000","2,400,000","2,300,000","1,700,000","1,900,000","1,300,000","1,100,000","1,000,000","1,100,000","1,100,000","1,100,000"
CostOfRevenue,"2,056,985,000","503,392,000","560,095,000","522,849,000","470,649,000","457,323,000","437,005,000","437,863,000","451,613,000","461,429,000","519,667,000","556,682,000","587,711,000","618,215,000","720,302,000","625,261,000","578,911,000","510,536,000","464,027,000","460,048,000","441,340,000","418,205,000","397,537,000","343,979,000","326,879,000","312,323,000","312,142,000","328,352,000","318,146,000","305,343,000","318,335,000","303,835,000","290,724,000","288,445,000","281,120,000","284,779,000","247,195,000","241,403,000","561,038,000","90,047,000","83,571,000","106,476,000","152,593,000","37,145,000","36,059,000","35,596,000","86,895,000","32,438,000","44,248,000","45,675,000","43,456,000","42,213,000","46,196,000","43,798,000","48,163,000","55,681,000","56,690,000","49,543,000","44,185,000","34,236,000","36,541,000","37,124,000","38,122,000","41,296,000","27,306,000","38,622,000","27,597,000","23,850,000","26,543,000","23,834,000","22,026,000","17,333,000","14,606,000","17,812,000","18,899,000","15,331,000","15,899,000","16,099,000","15,142,000","13,138,000","14,288,000","16,247,000","12,073,000","12,184,000","13,917,000","14,896,000","17,953,000","11,393,000","10,390,000","10,958,000","11,700,000","12,500,000","12,400,000","13,400,000","28,700,000","11,800,000","6,900,000","9,600,000","10,000,000","9,300,000","7,900,000","8,600,000","16,600,000","6,100,000","6,400,000","6,000,000","6,200,000","5,200,000","4,900,000","5,100,000","4,100,000","4,200,000","4,400,000","3,900,000","2,900,000","2,700,000","2,400,000","2,200,000","2,100,000","1,900,000",,,,,,,,,,,,,,
GrossProfit,"1,959,336,000","616,401,000","697,169,000","432,010,000","213,756,000","226,588,000","76,352,000","-13,828,000","-68,764,000","-684,000","67,446,000","-8,913,000","68,473,000","191,653,000","251,637,000","220,555,000","180,563,000","246,072,000","189,981,000","110,610,000","120,576,000","192,893,000","106,042,000","4,672,000","-62,284,000","-67,818,000","-27,727,000","-50,423,000","-38,754,000","34,625,000","137,697,000","170,556,000","216,845,000","316,100,000","203,159,000","191,606,000","205,114,000","177,877,000","-131,121,000","245,574,000","210,300,000","201,250,000","271,533,000","235,298,000","217,531,000","192,814,000","151,823,000","152,736,000","180,569,000","302,804,000","203,375,000","161,428,000","134,236,000","232,639,000","296,699,000","566,989,000","93,387,000","258,970,000","197,803,000","180,696,000","185,561,000","181,828,000","146,005,000","187,584,000","150,367,000","150,571,000","138,250,000","118,963,000","93,141,000","84,126,000","79,079,000","68,881,000","54,090,000","48,023,000","60,900,000","41,530,000","40,742,000","40,875,000","32,964,000","37,324,000","36,254,000","29,981,000","31,811,000","39,668,000","45,750,000","49,306,000","39,877,000","33,078,000","29,005,000","31,931,000","35,100,000","27,100,000","26,800,000","23,600,000","17,100,000","22,400,000","26,400,000","25,700,000","31,400,000","24,600,000","21,500,000","28,500,000","6,800,000","15,800,000","15,700,000","14,400,000","11,000,000","6,600,000","6,100,000","5,600,000","4,600,000","4,700,000","4,900,000","3,800,000","2,700,000","2,200,000","2,300,000","1,800,000","1,300,000","1,800,000",,,,,,,,,,,,,,
OperatingExpense,"197,504,000","47,725,000","49,567,000","54,942,000","45,270,000","43,542,000","50,184,000","46,239,000","46,315,000","49,331,000","52,143,000","52,060,000","58,740,000","54,849,000","60,690,000","52,021,000","55,082,000","76,136,000","88,446,000","75,802,000","66,820,000","56,000,000","70,711,000","47,967,000","52,849,000","45,570,000","47,804,000","50,413,000","60,989,000","56,215,000","76,001,000","66,406,000","70,509,000","64,058,000","74,272,000","65,415,000","115,055,000","100,838,000","-288,963,000","202,360,000","177,657,000","152,566,000","173,919,000","155,849,000","123,228,000","163,992,000","105,361,000","116,131,000","134,923,000","127,092,000","263,912,000","151,821,000","126,136,000","135,003,000","190,423,000","83,518,000","124,996,000","123,433,000","98,859,000","94,136,000","89,867,000","83,669,000","81,644,000","65,760,000","56,921,000","51,285,000","59,880,000","68,658,000","48,987,000","40,432,000","49,599,000","41,767,000","36,600,000","31,069,000","31,162,000","27,362,000","26,589,000","25,813,000","24,657,000","22,796,000","24,037,000","22,570,000","22,803,000","22,420,000","22,453,000","22,109,000","17,543,000","20,089,000","20,018,000","20,796,000","200,000","42,300,000","21,900,000","21,300,000","-75,000,000","115,100,000","18,400,000","14,300,000","19,500,000","15,100,000","13,500,000","14,800,000","200,000","10,000,000","10,100,000","9,000,000","7,000,000","4,400,000","3,900,000","3,800,000","3,100,000","3,300,000","3,400,000","2,800,000","1,800,000","1,700,000","1,600,000","1,300,000","1,300,000","1,400,000",,,,,,,,,,,,,,
	SellingGeneralAndAdministration,"174,788,000","43,026,000","42,459,000","49,061,000","40,242,000","38,004,000","40,720,000","38,153,000","38,288,000","42,254,000","42,793,000","41,047,000","50,631,000","46,638,000","50,090,000","43,722,000","47,583,000","68,417,000","80,553,000","53,035,000","52,322,000","47,496,000","57,027,000","41,024,000","46,064,000","40,657,000","43,544,000","46,178,000","55,964,000","48,329,000","52,363,000","54,963,000","56,888,000","49,212,000","60,207,000","44,919,000","101,987,000","84,058,000","25,027,000","64,549,000","53,338,000","30,899,000","51,845,000","44,624,000","33,342,000","64,589,000","48,494,000","31,176,000","35,836,000","28,170,000","32,168,000","30,568,000","29,103,000","37,344,000","35,673,000","-12,865,000","31,477,000","38,023,000","17,844,000","25,819,000","27,172,000","25,925,000","21,092,000","9,532,000","11,419,000","16,718,000","15,194,000","27,301,000","11,517,000","10,670,000","11,504,000","10,130,000","9,355,000","8,821,000","8,725,000","5,493,000","5,313,000","4,846,000","4,957,000","3,080,000","4,733,000","4,470,000","2,197,000","3,090,000","3,455,000","3,470,000","3,009,000","2,665,000","2,387,000","2,265,000","-18,900,000","23,200,000","1,800,000","1,900,000","-95,000,000","100,300,000","5,100,000","1,800,000","1,700,000","1,500,000","1,200,000","2,100,000","-5,500,000","4,500,000","4,300,000","3,700,000","1,900,000","700,000","800,000","800,000","600,000","700,000","700,000","500,000","600,000","500,000","500,000","500,000","500,000","500,000",,,,,,,,,,,,,,
		GeneralAndAdministrativeExpense,"174,788,000","43,026,000","42,459,000","49,061,000","40,242,000","38,004,000","40,720,000","38,153,000","38,288,000","42,254,000","42,793,000","41,047,000","50,631,000","46,638,000","50,090,000","43,722,000","47,583,000","68,417,000","80,553,000","53,035,000","52,322,000","47,496,000","57,027,000","41,024,000","46,064,000","40,657,000","43,544,000","46,178,000","55,964,000","48,329,000","52,363,000","54,963,000","56,888,000","49,212,000","60,207,000","44,919,000","101,987,000","84,058,000","25,027,000","64,549,000","53,338,000","30,899,000","51,845,000","44,624,000","33,342,000","64,589,000",,"31,176,000",,,,"30,568,000",,"37,344,000",,,,,,,,,,,,,,,,,,,,,,,,,,,,,,,,,,,,,,,,,,,,,,,,,,,,,,,,,,,,,,,,,,,,,,,,,,,,,,,,
			SalariesAndWages,,,"11,041,000","9,845,000","9,382,000","9,405,000","8,834,000",,"9,179,000",,"7,500,000",,"9,500,000","8,815,000","5,474,000","5,607,000","8,814,000","23,911,000","39,717,000","9,203,000","14,279,000",,"11,611,000",,,,"11,142,000",,,"11,080,000",,,,,"21,137,000",,,,"13,786,000","20,052,000","9,333,000","-7,830,000","9,640,000","8,717,000","-5,778,000","30,630,000",,"-5,347,000",,,,,,"12,434,000",,,,,,,,,,,,,,,,,,,,,,,,,,,,,,,,,,,,,,,,,,,,,,,,,,,,,,,,,,,,,,,,,,,,,,,,,,,,,,,,
			OtherGandA,"174,788,000","43,026,000","42,459,000","49,061,000","40,242,000","38,004,000","40,720,000","38,153,000","38,288,000","42,254,000","42,793,000","41,047,000","50,631,000","46,638,000","50,090,000","43,722,000","47,583,000","68,417,000","80,553,000","53,035,000","52,322,000","47,496,000","57,027,000","41,024,000","46,064,000","40,657,000","43,544,000","46,178,000","55,964,000","48,329,000","52,363,000","54,963,000","56,888,000","49,212,000","60,207,000","44,919,000","101,987,000","84,058,000","46,582,000","44,497,000","44,005,000","38,729,000","42,205,000","35,907,000","39,120,000","33,959,000",,"36,523,000",,,,,,"24,910,000",,,,,,,,,,,,,,,,,,,,,,,,,,,,,,,,,,,,,,,,,,,,,,,,,,,,,,,,,,,,,,,,,,,,,,,,,,,,,,,,
		SellingAndMarketingExpense,,,,,,,,,"38,161,000","32,624,000","46,532,000","79,938,000","101,117,000","132,305,000","221,626,000","116,080,000","102,747,000","55,594,000","51,131,000","59,773,000","55,857,000","53,550,000","46,471,000","44,622,000","40,925,000","36,558,000","34,942,000","32,331,000","27,031,000","21,562,000","32,370,000","28,706,000","34,775,000","34,129,000","41,692,000","51,117,000","16,662,000","22,315,000","4,994,000",,,,,,,,,,,,,,,,,,,,,,,,,,,,,,,,,,,,,,,,,,,,,,,,,,,,,,,,,,,,,,,,,,,,,,,,,,,,,,,,,,,,,,,,,,,,,,,
	DepreciationAmortizationDepletionIncomeStatement,,,,,,,,,,,,,,,,,,,,"159,749,000",,,,,,,,,,,,,,,"126,958,000",,,,,"123,059,000","108,802,000","100,151,000","97,092,000","93,619,000","78,294,000","72,216,000","92,116,000","69,730,000","90,997,000","88,626,000","104,191,000","97,208,000","88,713,000","84,320,000","69,625,000","81,173,000","77,463,000","71,570,000","71,530,000","57,001,000","51,465,000","47,332,000","52,018,000","46,243,000","36,833,000","34,567,000","34,416,000","32,900,000","30,436,000","29,762,000","31,973,000","26,306,000","22,444,000","22,248,000","22,437,000","21,869,000","21,276,000","20,967,000","19,700,000","19,716,000","19,304,000","18,100,000","20,606,000","19,330,000","18,998,000","18,639,000","14,534,000","17,424,000","17,631,000","18,531,000","19,100,000","19,100,000","20,100,000","19,400,000","20,000,000","14,800,000","13,300,000","12,500,000","17,800,000","13,600,000","12,300,000","12,700,000","5,700,000","5,500,000","5,800,000","5,300,000","5,100,000","3,700,000","3,100,000","3,000,000","2,500,000","2,600,000","2,700,000","2,300,000","1,200,000","1,200,000","1,100,000","800,000","800,000","900,000",,,,,,,,,,,,,,
		DepreciationAndAmortizationInIncomeStatement,,,,,,,,,,,,,,,,,,,,,,,,,,,,,,,,,,,,,,,,,,,,,,,,,,,,,,,"69,625,000","81,173,000","77,463,000","71,570,000","71,530,000","57,001,000","51,465,000","47,332,000","52,018,000","46,243,000","36,833,000","34,567,000","34,416,000","32,900,000","30,436,000","29,762,000","31,973,000","26,306,000","22,444,000","22,248,000","22,437,000","21,869,000","21,276,000","20,967,000","19,700,000","19,716,000","19,304,000","18,100,000","20,606,000","19,330,000","18,998,000","18,639,000","14,534,000","17,424,000","17,631,000","18,531,000","19,100,000","19,100,000","20,100,000","19,400,000","20,000,000","14,800,000","13,300,000","12,500,000","17,800,000","13,600,000","12,300,000","12,700,000","5,700,000","5,500,000","5,800,000","5,300,000","5,100,000","3,700,000","3,100,000","3,000,000","2,500,000","2,600,000","2,700,000","2,300,000","1,200,000","1,200,000","1,100,000","800,000","800,000","900,000",,,,,,,,,,,,,,
	ProvisionForDoubtfulAccounts,,,,,,,,,,,,,,,,,,,,,,,,,,,,,,,,,,,"0",,,,,,,,,,,,,,,,,,,,,,,,,,,,,,,,,,,,,,,,,,,,,,,,,,,,,,,,,,,,,,,,,,,,,,,,,,,,,,,,,,,,,,,,,,,,,,,,,,,
	OtherTaxes,,,,,,,,,"5,557,000","9,019,000","8,963,000","7,805,000","9,889,000","11,310,000","16,656,000","9,427,000","10,140,000","9,926,000","11,757,000","11,993,000","9,969,000","9,163,000","6,790,000","6,717,000","6,049,000","5,887,000","7,354,000","7,336,000","9,242,000","9,928,000","11,923,000","10,110,000","10,844,000","11,678,000","11,290,000","11,454,000","11,113,000","11,383,000","9,380,000",,,,,,,,,"8,873,000","8,090,000","8,070,000","8,748,000","7,600,000","7,564,000",,"10,066,000","15,210,000","16,056,000","13,840,000","9,485,000","11,316,000","11,230,000","10,412,000","8,534,000","9,985,000","8,669,000",,"10,270,000","8,457,000","7,034,000",,"6,122,000","5,331,000","4,801,000",,,,,,,,,,,,,,,,,,,,,,,,,,,,,,,,,,,,,,,,,,,,,,,,,,,,,,,,,,,,,
	OtherOperatingExpenses,"22,716,000","4,699,000","7,108,000","5,881,000","5,028,000","5,538,000","9,464,000","8,086,000","8,027,000","7,077,000","9,350,000","11,013,000","8,109,000","8,211,000","10,600,000","8,299,000","7,499,000","7,719,000","7,893,000","22,767,000","14,498,000","8,504,000","13,684,000","6,943,000","6,785,000","4,913,000","4,260,000","4,235,000","5,025,000","7,886,000","23,638,000","11,443,000","13,621,000","14,846,000","14,065,000","20,496,000","13,068,000","16,780,000","18,022,000","14,752,000","15,517,000","21,516,000","24,982,000","17,606,000","11,592,000","27,187,000","-10,216,000","15,225,000","-14,135,000","2,226,000","118,805,000","16,445,000","756,000","13,339,000",,,,,,,,,,,,,,,,,,,,,,,,,,,,,,,,,,,,,,,,,,,,,,,,,,,,,,,,,,,,,,,,,,,,,,,,,,,,,,,,
OperatingIncome,"1,761,832,000","568,676,000","647,602,000","377,068,000","168,486,000","183,046,000","26,168,000","-60,067,000","-115,079,000","-50,015,000","15,303,000","-60,973,000","9,733,000","136,804,000","190,947,000","168,534,000","125,481,000","169,936,000","101,535,000","34,808,000","53,756,000","136,893,000","35,331,000","-43,295,000","-115,133,000","-113,388,000","-75,531,000","-100,836,000","-99,743,000","-21,590,000","61,696,000","104,150,000","146,336,000","252,042,000","128,887,000","126,191,000","90,059,000","77,039,000","157,842,000","43,214,000","32,643,000","48,684,000","97,614,000","79,449,000","94,303,000","28,822,000","46,462,000","36,605,000","45,646,000","175,712,000","-60,537,000","9,607,000","8,100,000","97,636,000","106,276,000","483,471,000","-31,609,000","135,537,000","98,944,000","86,560,000","95,694,000","98,159,000","64,361,000","121,824,000","93,446,000","99,286,000","78,370,000","50,305,000","44,154,000","43,694,000","29,480,000","27,114,000","17,490,000","16,954,000","29,738,000","14,168,000","14,153,000","15,062,000","8,307,000","14,528,000","12,217,000","7,411,000","9,008,000","17,248,000","23,297,000","27,197,000","22,334,000","12,989,000","8,987,000","11,135,000","34,900,000","-15,200,000","4,900,000","2,300,000","92,100,000","-92,700,000","8,000,000","11,400,000","11,900,000","9,500,000","8,000,000","13,700,000","6,600,000","5,800,000","5,600,000","5,400,000","4,000,000","2,200,000","2,200,000","1,800,000","1,500,000","1,400,000","1,500,000","1,000,000","900,000","500,000","700,000","500,000","0","400,000","3,200,000","3,000,000","-7,200,000","2,700,000","2,400,000","2,300,000","-4,600,000","1,900,000","1,300,000","1,100,000","-3,400,000","1,100,000","1,100,000","1,100,000"
NetNonOperatingInterestIncomeExpense,"-217,633,000","-47,175,000","-56,362,000","-56,809,000","-57,287,000","-56,878,000","-48,526,000","-47,999,000","-48,624,000","-47,518,000","-44,024,000","-46,997,000","-51,727,000","-51,537,000","-49,161,000","-54,801,000","-53,862,000","-52,385,000","-51,473,000","-49,179,000","-47,926,000","-47,101,000","-46,749,000","-45,967,000","-37,758,000","-37,739,000","-40,849,000","-42,904,000","-43,479,000","-39,207,000","-38,900,000","-39,188,000","-45,488,000","-45,401,000","-44,955,000","-44,321,000","-45,071,000","-42,210,000","-44,708,000","-43,997,000","-42,888,000","-37,205,000","-34,709,000","-34,181,000","-31,383,000","-24,779,000","-36,320,000","-23,363,000","-30,779,000","-30,287,000","-30,550,000","-30,633,000","-29,555,000","-26,629,000",,,,,,,,,,,,,,,,,,,,,,,,,,,,,,,,,,,,,,,,,,,,,,,,,,,,,,,,,,,,,,,,,,,,,,,,,,,,,,,,
	InterestExpenseNonOperating,"217,633,000","47,175,000","56,362,000","56,809,000","57,287,000","56,878,000","48,526,000","47,999,000","46,489,000","47,518,000","44,024,000","46,997,000","51,727,000","51,537,000","49,161,000","54,801,000","53,862,000","52,385,000","51,473,000","49,179,000","47,926,000","47,101,000","46,749,000","45,967,000","37,758,000","37,739,000","40,849,000","42,904,000","43,479,000","39,207,000","38,900,000","39,188,000","45,488,000","45,401,000","44,955,000","44,321,000","45,071,000","42,210,000","44,708,000","43,997,000","42,888,000","37,205,000","34,709,000","34,181,000","31,383,000","24,779,000","36,320,000","23,363,000","30,779,000","30,287,000","30,550,000","30,633,000","29,555,000","26,629,000",,,,,,,,,,,,,,,,,,,,,,,,,,,,,,,,,,,,,,,,,,,,,,,,,,,,,,,,,,,,,,,,,,,,,,,,,,,,,,,,
	TotalOtherFinanceCost,,,"2,358,000","2,326,000","2,322,000","2,287,000","2,137,000",,"48,624,000",,"1,981,000",,"1,805,000","1,788,000","-1,076,000","1,738,000","1,725,000",,,,,,,,,,,,,,,,,,,,,,,,,,,,,,,,,,,,,,,,,,,,,,,,,,,,,,,,,,,,,,,,,,,,,,,,,,,,,,,,,,,,,,,,,,,,,,,,,,,,,,,,,,,,,,,,,,,,,
OtherIncomeExpense,"-1,744,893,000","-1,094,390,000","318,639,000","-700,209,000","-268,933,000","-96,328,000","64,984,000","-677,233,000","-26,146,000","292,726,000","-2,275,458,000","33,170,000","197,278,000","-78,160,000","-1,974,992,000","-41,057,000","-179,973,000","-25,637,000","-177,957,000","-185,321,000","121,371,000","192,714,000","-244,872,000","33,586,000","-201,533,000","15,379,000","-369,734,000","-291,989,000","-37,347,000","110,847,000","427,306,000","174,978,000","188,517,000","-155,163,000","-84,084,000","-50,826,000","196,489,000","-157,619,000","-30,208,000","-82,127,000","104,928,000","-81,122,000","-65,519,000","10,458,000","15,559,000","-57,371,000","-504,033,000","-9,805,000","638,000","-13,200,000","-28,959,000","-24,053,000","-41,710,000","-19,572,000",,"0",,"-103,175,000","-18,605,000","27,421,000","21,412,000","-64,369,000","6,306,000","55,199,000","19,075,000",,"19,794,000","-968,000","330,000","17,000","3,922,000","344,000","799,000","-2,302,000","-711,000","19,295,000","-1,923,000","687,000",,"-125,000","-1,235,000","-2,009,000",,,,,"2,285,000",,"3,114,000",,"-60,200,000","41,500,000","2,100,000","900,000","-421,000,000","1,300,000","-100,000","1,700,000","-116,100,000","2,300,000","3,400,000","600,000","2,300,000","400,000","600,000","100,000","200,000","300,000","600,000","200,000","100,000","200,000",,,,"100,000",,,,,,,,,,,,,,,,,,
	GainOnSaleOfSecurity,"-1,531,394,000","-939,057,000","309,566,000","-652,220,000","-249,683,000","-57,879,000","85,529,000","-124,690,000","-6,303,000","233,175,000","18,491,000","74,676,000","195,245,000","-61,731,000","100,698,000","-34,591,000","-103,290,000","-14,009,000","25,024,000","-88,426,000","111,195,000","165,557,000","-250,057,000","64,556,000","-162,798,000","86,908,000","126,312,000","202,004,000","-34,791,000","122,839,000","412,422,000","142,057,000","-24,109,000","-146,850,000","-59,355,000","-40,355,000","137,760,000","-99,875,000","-5,571,000","-40,728,000","148,569,000","-60,833,000","-37,880,000","65,762,000","53,039,000","-40,834,000",,"9,981,000",,,,,,,,,,,,,,,,,,,,,,,,,,,,,,,,,,,,,,,,,,,,,,,,,,,,,,,,,,,,,,,,,,,,,,,,,,,,,,,,,,,,,,
	EarningsFromEquityInterest,,,,,,,,,,,,,,,,,,,,,,,,,,,,,,"0",,,,,"-79,000",,,,"-177,000",,,,,,,,,,,,,,,,,,,,,,,,,,,,,,,,,,,,,,,,,,,,,,,,,,,,,,,,,,,,,,,,,,,,,,,,,,,,,,,,,,,,,,,,,,,,,,,
	SpecialIncomeCharges,"-91,616,000","-81,990,000","-12,127,000","-13,711,000","16,212,000","-18,638,000","-18,291,000","-546,306,000","-7,256,000","51,014,000","-2,292,989,000","-50,377,000","-9,109,000","-12,848,000","-2,093,762,000","-6,243,000","-70,068,000","-19,025,000","-217,058,000","-106,098,000","-4,290,000","13,988,000","-5,828,000","-42,606,000","-12,989,000","-55,473,000","-517,062,000","-537,698,000","-9,838,000","-17,616,000","-21,952,000","-13,277,000","223,145,000","-10,348,000","-2,690,000","-12,696,000","51,851,000","-15,384,000","-17,434,000","-41,399,000","-43,641,000","-20,289,000","-27,639,000","-55,304,000","-37,480,000","-16,537,000","-504,033,000","-19,786,000","638,000","-13,200,000","-28,959,000","-24,053,000","-41,710,000","-19,572,000",,,,"-103,175,000","-18,605,000","27,421,000","21,412,000","-64,369,000","6,306,000","55,199,000","19,075,000",,"19,794,000","-968,000","330,000","17,000","3,922,000","344,000","799,000","-2,302,000","-711,000","19,295,000","-1,923,000","687,000",,"-125,000","-1,235,000","-2,009,000",,,,,,,"3,114,000",,"-60,200,000","41,500,000","2,100,000","900,000","-421,000,000","1,300,000","-100,000","1,700,000","-116,100,000","2,300,000","3,400,000","600,000","2,300,000","400,000","600,000","100,000","200,000","300,000","600,000","200,000","100,000","200,000",,,,"100,000",,,,,,,,,,,,,,,,,,
		RestructuringAndMergernAcquisition,"19,062,000","11,115,000","12,104,000","11,789,000","-15,946,000","13,714,000","13,884,000","521,633,000","10,297,000","1,595,000","6,481,000","819,000","2,206,000","0","0","-336,000","0","-37,000","-279,000","-47,000","-96,000","4,192,000","-9,000","33,927,000","2,626,000","162,000","8,780,000","-77,000","417,000","5,950,000",,,,,,,,,,,,,,"0","0","0",,"0",,,,,,,,,,,,,,,,,,,,,,,,,,,,,,,,,,,,,,,,,,,,,,,,,,,,,,,,,,,,,,,,,,,,,,,,,,,,,,,,,,,,,,
		ImpairmentOfCapitalAssets,,,"0","0","0","0","0","1,955,000","0","77,000,000","1,095,634,000","0","0","0","1,641,197,000","0","15,302,000","7,312,000","0","63,679,000","0","0","0","6,082,000","0","43,040,000","87,941,000","502,233,000","0","11,491,000","3,033,000","0","24,991,000","9,995,000","0","7,012,000","19,156,000","15,218,000","-69,775,000","41,399,000","43,641,000","20,289,000","27,639,000","55,308,000","18,900,000","16,537,000","486,777,000","14,435,000","13,497,000","18,912,000","28,959,000","24,053,000","40,954,000","19,572,000",,,,,,,,,,,,,,,,,,,,,,,,,,,,,,,,,,,,,,,,,,,,,,,,,,,,,,,,,,,,,,,,,,,,,,,,,,,,,,,,
		WriteOff,,,"200,000","0","0","0","0",,"0",,"4,482,000",,"0",,"250,000","250,000","-1,500,000",,"500,000",,"300,000",,"0",,,,"1,700,000",,,"250,000",,,,,"0",,,,"750,000",,,,,,,,,,,,,,,,,,,,,,,,,,,,,,,,,,,,,,,,,,,,,,,,,,,,,,,,,,,,,,,,,,,,,,,,,,,,,,,,,,,,,,,,,,,,,,,
		OtherSpecialCharges,"69,273,000","69,210,000","0","7,818,000","63,000","35,000","25,000","7,821,000","-8,991,000","-12,923,000","-2,430,000","-2,985,000","2,206,000","706,000","0","-336,000","1,155,000","-37,000","-279,000","-47,000","-96,000","4,192,000","-822,000","136,000","5,000","162,000","0","22,495,000","417,000","5,950,000","0",,"24,596,000",,"0",,"12,280,000",,"12,208,000",,,,"0","-4,000","18,580,000",,,"5,351,000","-14,135,000","-5,712,000",,"16,445,000","756,000",,,,,,,,,,,,,,,,,,,,,,,,,,,,,,,,,,,,,,,,,,,,,,,,,,,,,,,,,,,,,,,,,,,,,,,,,,,,,,,,,
		GainOnSaleOfPPE,"-3,281,000","-1,665,000","-23,000","-1,922,000","329,000","-4,889,000","-4,382,000","-14,897,000","-5,950,000","116,686,000","-1,193,304,000","-52,543,000","-6,903,000","-12,848,000","-452,565,000","-6,579,000","-54,766,000","-11,750,000","-217,337,000","-42,466,000","-4,386,000","18,180,000","-5,837,000","-8,679,000","-10,363,000","-12,271,000","-420,341,000","-13,047,000","-9,421,000","-11,666,000","-10,548,000","-13,277,000","272,732,000","-10,348,000","-2,690,000","-5,684,000","64,131,000","-15,384,000","40,606,000",,,,,,,,,,,,,,,,,,,,,,,,,,,,,,,,,,,,,,,,,,,,,,,,,,,,,,,,,,,,,,,,,,,,,,,,,,,,,,,,,,,,,,,,,,,,,,,
	OtherNonOperatingIncomeExpenses,"-121,883,000","-73,343,000","21,200,000","-34,278,000","-35,462,000","-19,811,000","-2,254,000","-6,237,000","-12,587,000","8,537,000","-960,000","8,871,000","11,142,000","-3,581,000","18,072,000","-223,000","-6,615,000","7,397,000","14,077,000","9,203,000","14,466,000","13,169,000","11,013,000","11,636,000","-25,746,000","-16,056,000","21,016,000","43,705,000","7,282,000","5,624,000","36,836,000","46,198,000","-10,519,000","2,035,000","-22,039,000","2,225,000","6,878,000","-42,360,000","14,352,000",,,,,,,,,,,,,,,,,,,,,,,,,,,,,,,,,,,,,,,,,,,,,,,,,,,,,,,,,,,,,,,,,,,,,,,,,,,,,,,,,,,,,,,,,,,,,,,
PretaxIncome,"-200,694,000","-572,889,000","909,879,000","-379,950,000","-157,734,000","29,840,000","42,626,000","-785,299,000","-189,849,000","195,193,000","-2,304,179,000","-74,800,000","155,284,000","7,107,000","-1,833,206,000","72,676,000","-108,354,000","91,914,000","-127,895,000","-199,692,000","127,201,000","282,506,000","-256,290,000","-55,676,000","-354,424,000","-135,748,000","-486,114,000","-435,729,000","-180,569,000","50,050,000","450,102,000","239,940,000","289,365,000","51,478,000","-152,000","31,044,000","241,477,000","-122,790,000","82,926,000","-82,910,000","94,683,000","-69,643,000","-2,614,000","55,726,000","78,479,000","-53,328,000","-493,891,000","3,437,000","15,505,000","126,513,000","-2,679,000","-45,079,000","-62,409,000","51,435,000","130,731,000","458,098,000","-55,451,000","9,216,000","58,958,000","94,046,000","99,533,000","13,200,000","46,234,000","104,928,000","81,443,000","88,735,000","68,235,000","39,427,000","34,607,000","35,110,000","23,000,000","20,201,000","13,068,000","10,507,000","7,547,000","25,758,000","7,055,000","9,053,000","5,999,000","8,558,000","4,708,000","45,000","-56,508,000","9,800,000","15,321,000","18,080,000","13,514,000","3,703,000","660,000",,"-9,400,000","14,100,000","-4,400,000","-8,900,000","-129,900,000","-102,800,000","-1,400,000","4,500,000","-54,000,000","4,500,000","4,100,000","10,500,000","6,900,000","4,200,000","4,300,000","4,000,000","2,600,000","1,100,000","1,600,000","900,000","700,000","800,000","800,000",,"400,000",,,,"300,000","300,000",,,,,,,,,,,,,,
TaxProvision,"-128,513,000","-116,081,000","18,513,000","-29,683,000","-1,262,000","2,689,000","72,761,000","-105,251,000","-43,280,000","50,218,000","-498,859,000","-47,219,000","40,099,000","5,688,000","-68,784,000","24,137,000","-28,518,000","42,676,000","-349,080,000","-71,992,000","57,651,000","112,395,000","-93,519,000","-13,705,000","-129,488,000","-44,038,000","-164,287,000","-134,781,000","-61,975,000","22,366,000","166,048,000","93,522,000","117,976,000","18,957,000","-28,323,000","11,866,000","97,494,000","-47,180,000","29,964,000","-29,074,000","39,007,000","-27,843,000","211,000","22,540,000","32,703,000","-19,897,000","-176,172,000","784,000","6,453,000","48,934,000","14,098,000","-15,261,000","-22,526,000","18,827,000","37,055,000","172,774,000","-20,869,000","7,476,000","24,647,000","34,935,000","34,348,000","4,831,000","20,414,000","39,514,000","30,738,000","33,060,000","25,553,000","14,762,000","12,946,000","13,107,000","8,457,000","7,322,000","4,879,000","3,887,000","2,914,000","9,021,000","2,464,000","4,090,000","1,118,000","23,000","-1,757,000","-3,111,000","-5,313,000","3,430,000","1,477,000",,"-688,000","208,000","-1,093,000",,"0","1,400,000","100,000","100,000","-19,800,000","-35,900,000","-500,000","1,700,000","-19,000,000","1,700,000","1,700,000","3,900,000","2,400,000","1,500,000","1,500,000","1,400,000","900,000","200,000","600,000","100,000","0","100,000","100,000",,"0",,,,"100,000","100,000",,,,,,,,,,,,,,
NetIncomeCommonStockholders,"-82,303,000","-456,808,000","880,571,000","-350,267,000","-156,472,000","26,478,000","-30,135,000","-680,048,000","-146,569,000","143,120,000","-1,804,466,000","-27,648,000","113,593,000","1,405,000","-1,764,443,000","47,949,000","-79,905,000","48,670,000","222,436,000","-127,758,000","68,799,000","168,229,000","-162,827,000","-42,027,000","-224,992,000","-91,766,000","-321,939,000","-301,062,000","-118,705,000","27,221,000","279,269,000","143,939,000","168,521,000","31,961,000","26,196,000","19,178,000","141,648,000","-75,719,000","52,502,000","-53,836,000","55,676,000","-41,800,000","-4,026,000","34,755,000","51,293,000","-25,033,000","-317,719,000","-8,168,000","9,052,000","77,579,000","-16,777,000","-29,818,000","-39,883,000","32,608,000","93,676,000","285,324,000","-34,582,000","1,740,000","34,311,000","58,915,000","64,206,000","73,137,000","427,000","51,330,000","51,270,000","55,396,000","42,682,000","24,665,000","21,661,000","22,003,000","11,592,000","12,142,000","7,452,000","6,620,000","3,895,000","16,672,000","4,591,000","9,454,000","4,893,000","9,222,000","7,310,000","4,341,000","-22,279,000","6,688,000","14,739,000","18,512,000","15,745,000","7,756,000","8,735,000","4,281,000","-9,400,000","12,700,000","-2,100,000","-9,000,000","-110,100,000","-66,900,000","-900,000","2,800,000","-35,000,000","2,800,000","2,400,000","6,600,000","2,700,000","2,700,000","2,800,000","1,900,000","1,700,000","900,000","1,000,000","800,000","600,000","600,000","700,000","400,000","400,000","400,000","400,000","200,000","-100,000","200,000","200,000","100,000",,,,,,,,,,,,
	NetIncome,"-72,181,000","-456,808,000","891,366,000","-350,267,000","-156,472,000","27,151,000","-30,135,000","-680,048,000","-146,569,000","144,975,000","-1,805,320,000","-27,581,000","115,185,000","1,419,000","-1,764,422,000","48,539,000","-79,836,000","49,238,000","221,185,000","-127,700,000","69,550,000","170,111,000","-162,771,000","-41,971,000","-224,936,000","-91,710,000","-321,827,000","-300,948,000","-118,594,000","27,684,000","284,054,000","146,418,000","171,389,000","32,521,000","28,171,000","19,178,000","143,983,000","-75,610,000","52,962,000","-53,836,000","55,676,000","-41,800,000","-2,989,000","34,755,000","51,293,000","-25,033,000","-317,719,000","-8,168,000","9,052,000","77,579,000","-16,777,000","-29,818,000","-39,883,000","32,608,000","93,676,000","285,324,000","-34,582,000","1,740,000","34,311,000","58,915,000","64,206,000","73,137,000","427,000","51,330,000","51,270,000","55,396,000","42,682,000","24,665,000","21,661,000","22,003,000","14,543,000","12,879,000","8,189,000","6,620,000","4,633,000","16,737,000","4,591,000","9,454,000","4,893,000","9,222,000","7,310,000","4,341,000","-22,278,000","6,689,000","14,739,000","18,512,000","17,189,000","7,756,000","8,735,000","4,281,000","-9,400,000","12,700,000","-2,100,000","-9,000,000","-110,100,000","-66,900,000","-900,000","2,800,000","-35,000,000","2,800,000","2,400,000","6,600,000","4,500,000","2,700,000","2,800,000","2,600,000","1,700,000","900,000","1,000,000","800,000","700,000","700,000","700,000","400,000","400,000","400,000","400,000","200,000","200,000","200,000","200,000","100,000",,,,,,,,,,,,
		NetIncomeIncludingNoncontrollingInterests,"-72,181,000","-456,808,000","891,366,000","-350,267,000","-156,472,000","27,151,000","-30,135,000","-680,048,000","-146,569,000","144,975,000","-1,805,320,000","-27,581,000","115,185,000","1,419,000","-1,764,422,000","48,539,000","-79,836,000","49,238,000","221,185,000","-127,700,000","69,550,000","170,111,000","-162,771,000","-41,971,000","-224,936,000","-91,710,000","-321,827,000","-300,948,000","-118,594,000","27,684,000","284,054,000","146,418,000","171,389,000","32,521,000","28,171,000","19,178,000","143,983,000","-75,610,000","52,962,000","-53,836,000","55,676,000","-41,800,000","-2,989,000","34,755,000","51,293,000","-25,033,000","-317,719,000","-8,168,000","9,052,000","77,579,000","-16,777,000","-29,818,000","-39,883,000","32,608,000","93,676,000","285,324,000","-34,582,000","1,740,000","34,311,000","58,915,000","64,206,000","73,137,000","427,000","51,330,000","51,270,000","55,396,000","42,682,000","24,665,000","21,661,000","22,003,000","14,543,000","12,879,000","8,189,000","6,620,000","4,633,000","16,737,000","4,591,000","9,454,000","4,893,000","9,222,000","7,310,000","4,341,000","-22,278,000","6,689,000","14,739,000","18,512,000","17,189,000","7,756,000","8,735,000","4,281,000","-9,400,000","12,700,000","-2,100,000","-9,000,000","-110,100,000","-66,900,000","-900,000","2,800,000","-35,000,000","2,800,000","2,400,000","6,600,000","4,500,000","2,700,000","2,800,000","2,600,000","1,700,000","900,000","1,000,000","800,000","700,000","700,000","700,000","400,000","400,000","400,000","400,000","200,000","200,000","200,000","200,000","100,000","0","100,000","100,000","100,000","200,000","100,000","100,000",,,,,
			NetIncomeContinuousOperations,"-72,181,000","-456,808,000","891,366,000","-350,267,000","-156,472,000","27,151,000","-30,135,000","-680,048,000","-146,569,000","144,975,000","-1,805,320,000","-27,581,000","115,185,000","1,419,000","-1,764,422,000","48,539,000","-79,836,000","49,238,000","221,185,000","-127,700,000","69,550,000","170,111,000","-162,771,000","-41,971,000","-224,936,000","-91,710,000","-321,827,000","-300,948,000","-118,594,000","27,684,000","284,054,000","146,418,000","171,389,000","32,521,000","28,171,000","19,178,000","143,983,000","-75,610,000","52,962,000","-53,836,000","55,676,000","-41,800,000","-2,825,000","33,186,000","45,776,000","-33,431,000","-317,719,000","2,653,000","9,052,000","77,579,000","-16,777,000","-29,818,000","-39,883,000","32,608,000","93,676,000","285,324,000","-34,582,000","1,740,000","34,311,000","59,111,000","65,185,000","8,369,000","25,820,000","65,414,000","50,705,000","55,675,000","42,682,000","24,665,000","21,661,000","22,003,000","14,543,000","12,879,000","8,189,000","6,620,000","4,633,000","16,737,000","4,591,000","4,963,000","4,881,000","8,535,000","6,465,000","3,156,000","-24,583,000","6,370,000","13,844,000","18,080,000","14,202,000","3,495,000","1,753,000","748,000","-9,400,000","12,700,000","-4,500,000","-9,000,000","-110,100,000","-66,900,000","-900,000","2,800,000","-35,000,000","2,800,000","2,400,000","6,600,000","4,500,000","2,700,000","2,800,000","2,600,000","1,700,000","900,000","1,000,000","800,000","700,000","700,000","700,000","400,000","400,000","400,000","400,000","200,000","200,000","200,000","200,000","100,000","100,000","100,000","100,000","100,000","200,000","100,000","100,000",,,,,
			NetIncomeDiscontinuousOperations,,,,,,,,,,,,,,,,,,,,,,,,,,,,,,,,,,,,,,,"0","0","0","0","-164,000","1,569,000","5,517,000","8,398,000",,"-10,821,000",,,,,,,,,,,"0","-196,000","-979,000","64,768,000","-25,393,000","-14,084,000","565,000",,,,,,,,,,,,,,,,,,,,,,,,,,,,,,,,,,,,,,,,,,,,,,,,,,,,,,,,,,,,,,,,,,,,,
			NetIncomeExtraordinary,,,,,,,,,,,,,,,,,,,,,,,,,,,,,,,,,,,,,,,,,,,,,,,,,,,,,,,,,,,,,,,,,,"-279,000",,,,,,,,,"0",,,"4,491,000",,,,,,,,,,,,,,,,,,,,,,,,,,,,,,,,,,,,,,,,,,,,,,,,,,,,,,,,
			NetIncomeFromTaxLossCarryforward,,,,,,,,,,,,,,,,,,,,,,,,,,,,,,,,,,,,,,,,,,,,,,,,,,,,,,,,,,,,,,,,,,,,,,,,,,,,,,,"12,000","687,000","845,000","1,185,000","2,305,000","319,000","895,000","432,000","2,987,000","4,261,000","6,982,000","3,533,000","0",,"2,400,000",,,,,,,,,,,,,,,,,,,,,,,,,,,,,,,,,,,,,,,,,
	PreferredStockDividends,,,,,,,,,,,,,,,,,,,,"58,000",,,,,,,,,,,,,,,,,,,,,,,,,,,,,,,,,,,,,,,,,,,,,,,,,,,"2,951,000","737,000","737,000",,"738,000","65,000",,,,,,,"1,000","1,000",,,,,,,,,,,,,,,,,,,"1,800,000",,,"700,000",,,,,"100,000","100,000",,,,,,,,,,,,,,,,,,,,,,
	OtherunderPreferredStockDividend,"10,122,000","0","10,795,000","0","0","673,000",,,,"1,855,000","-854,000","67,000","1,592,000","14,000","21,000","590,000","69,000","568,000",,"58,000","751,000","1,882,000","56,000","56,000","56,000","56,000","112,000","114,000","111,000","463,000","4,785,000","2,479,000","2,868,000","560,000",,,"2,335,000","109,000",,,,,,,,,,,,,,,,,,,,,,,,,,,,,,,,,,,,,,,,,,,,,,,,,,,,,,,,,,,,,,,,,,,,,,,,,,,,,,,,,,,,,,,,,,,,,,,,
AverageDilutionEarnings,"258,000","0","272,000","0","0","14,000",,,,,"-3,000",,"4,000",,"0","2,000","0","2,000",,"0","0","1,000",,,"0","0",,,,"0","20,000","9,000","15,000","3,000",,,"12,000","0",,,,,,,,,,,,,,,,,,,,,,,,,,,,,,,,,,,,,,,,,,,,,,,,,,,,,,,,,,,,,,,,,,,,,,,,,,,,,,,,,,,,,,,,,,,,,,,,
DilutedNIAvailtoComStockholders,"-82,045,000","-456,808,000","880,843,000","-350,267,000","-156,472,000","26,492,000","-30,135,000","-680,048,000","-146,569,000","143,120,000","-1,804,469,000","-27,648,000","113,597,000","1,405,000","-1,764,443,000","47,951,000","-79,905,000","48,672,000","222,435,000","-127,758,000","68,799,000","168,230,000","-162,827,000","-42,027,000","-224,992,000","-91,766,000","-321,939,000","-301,062,000","-118,705,000","27,221,000","279,289,000","143,948,000","168,536,000","31,964,000","26,205,000","19,178,000","141,660,000","-75,719,000","52,502,000","-53,836,000","55,676,000","-41,800,000","-4,031,000","34,755,000","51,293,000","-25,033,000","-317,719,000","-8,168,000","9,052,000","77,579,000","-16,777,000","-29,818,000","-39,883,000","32,608,000","93,676,000","285,324,000","-34,582,000","1,740,000","34,311,000","58,915,000","64,206,000","73,137,000","427,000","51,330,000","51,270,000","55,396,000","42,682,000","24,665,000","21,661,000","22,003,000","11,592,000","12,142,000","7,452,000","6,620,000","3,895,000","16,672,000","4,591,000","9,454,000","4,893,000","9,222,000","7,310,000","4,341,000","-22,279,000","6,688,000","14,739,000","18,512,000","15,745,000","7,756,000","8,735,000","4,281,000","-9,400,000","12,700,000","-2,100,000","-9,000,000","-110,100,000","-66,900,000","-900,000","2,800,000","-35,000,000","2,800,000","2,400,000","6,600,000","2,700,000","2,700,000","2,800,000","1,900,000","1,700,000","900,000","1,000,000","800,000","600,000","600,000","700,000","400,000","400,000","400,000","400,000","200,000","-100,000","200,000","200,000","100,000",,,,,,,,,,,,
BasicEPS,,"-1.86","3.57","-1.44","-0.65","0.11","0.16","-2.83","-0.61","0.58","-7.27","-0.11","0.46","0.01","-7.15","0.19","-0.32","0.2","0.89","-0.52","0.28","0.69","-0.66","-0.23","-1.35","-0.55","-1.93","-1.81","-0.71","0.16",,"0.87","1.04","0.2","0.17","0.12","0.88","-0.47","0.33","-0.34","0.34","-0.26",,"0.22","0.32","-0.16",,"-0.05","0.06","0.5",,"-0.19","-0.26","0.21",,"1.87","-0.23","0.01",,"0.4","0.44","0.53",,"0.37","0.39","0.43",,"0.193","0.18","0.187",,"0.12","0.087","0.073",,"0.207","0.053","0.12",,"0.113","0.1","0.053",,"0.087","0.193","0.253",,"0.127","0.153","0.08",,"0.22","-0.047","-0.173",,"-1.714","-0.047","0.067",,"0.073","0.06","0.233",,"0.1","0.1","0.093",,"0.047","0.053","0.047",,"0.047","0.047","0.027",,"0.033","0.033","0.02",,"0.031","0.029","0.015",,,,,,,,,,,,
DilutedEPS,,"-1.86","3.47","-1.44","-0.65","0.11","0.15","-2.83","-0.61","0.58","-7.27","-0.11","0.46","0.01","-7.15","0.19","-0.32","0.2","0.89","-0.52","0.28","0.69","-0.66","-0.23","-1.35","-0.55","-1.93","-1.81","-0.71","0.16",,"0.86","1.04","0.2","0.17","0.12","0.88","-0.47","0.32","-0.34","0.34","-0.26",,"0.21","0.32","-0.16",,"-0.05","0.06","0.48",,"-0.19","-0.26","0.21",,"1.81","-0.23","0.01",,"0.39","0.43","0.51",,"0.36","0.38","0.41",,"0.187","0.173","0.173",,"0.113","0.08","0.067",,"0.193","0.053","0.113",,"0.113","0.1","0.053",,"0.087","0.193","0.253",,"0.127","0.153","0.08",,"0.22","-0.047","-0.173",,"-1.714","-0.047","0.067",,"0.073","0.06","0.213",,"0.093","0.1","0.093",,"0.047","0.053","0.047",,"0.047","0.047","0.027",,"0.033","0.033","0.02",,"0.031","0.029","0.015",,,,,,,,,,,,
BasicAverageShares,,"245,350,000","243,369,000","243,311,000","242,592,000","242,159,000","240,174,000","239,895,000","239,472,000","246,218,000","248,277,000","248,082,000","247,770,000","247,776,000","246,631,000","246,451,000","245,880,000","245,709,000","245,281,000","245,244,000","245,177,000","244,652,000","244,362,000","180,683,000","167,126,000","166,803,000","166,573,000","166,517,000","166,421,000","166,039,000",,"165,841,000","161,909,000","160,794,000","160,555,000","160,500,000","160,565,000","160,125,000","159,832,000","159,563,000","159,412,000","158,913,000",,"158,154,000","157,997,000","157,545,000",,"157,109,000","156,820,000","156,393,000",,"154,653,000","154,389,000","153,719,000",,"152,765,000","150,356,522","174,000,000",,"147,182,000","145,922,727","137,994,340",,"138,729,730","131,461,538","128,827,907",,"127,577,586","120,338,889","117,873,214",,"101,183,333","85,984,615","90,272,727",,"80,670,968","86,081,250","78,783,333",,"81,370,588","73,100,000","81,393,750",,"77,169,231","76,236,207","73,073,684",,"61,231,579","56,967,391","53,512,500",,"57,698,424","44,977,511","51,897,128",,"39,027,179","31,739,130","31,641,679",,"38,162,737","28,271,578","28,271,578",,"26,986,507","27,986,007","20,346,969",,"19,276,076","18,740,630","17,134,290",,"12,850,717","14,992,504","14,992,504",,"9,995,002","9,076,462","7,298,351",,"6,443,778","6,884,558","6,884,558",,"4,872,564","4,872,564","4,872,564",,"4,872,564","4,872,564","4,872,564",,"4,872,564","4,872,564","4,872,564"
DilutedAverageShares,,"245,350,000","250,441,000","243,311,000","242,592,000","247,527,000","246,286,000","239,895,000","239,472,000","247,684,000","248,277,000","248,082,000","248,436,000","249,154,000","246,631,000","247,166,000","245,880,000","246,594,000","245,537,000","245,244,000","245,335,000","244,803,000","244,362,000","180,683,000","167,126,000","166,803,000","166,573,000","166,517,000","166,421,000","166,066,000",,"166,460,000","162,813,000","161,825,000","161,496,000","161,374,000","161,414,000","160,125,000","160,559,000","159,563,000","160,030,000","158,913,000",,"159,322,000","158,833,000","157,545,000",,"157,109,000","158,472,000","160,292,000",,"154,653,000","154,389,000","157,231,000",,"157,729,000","150,356,522","174,000,000",,"152,391,000","149,316,279","143,405,882",,"142,583,333","134,921,053","135,112,195",,"132,133,929","124,967,308","126,940,385",,"107,135,294","93,150,000","99,300,000",,"86,234,483","86,081,250","83,417,647",,"81,370,588","73,100,000","81,393,750",,"77,169,231","76,236,207","73,073,684",,"61,231,579","56,967,391","53,512,500",,"57,698,424","44,977,511","51,897,128",,"39,027,179","31,739,130","31,641,679",,"38,162,737","30,922,039","30,922,039",,"26,986,507","27,986,007","20,346,969",,"19,276,076","18,740,630","17,134,290",,"12,850,717","14,992,504","14,992,504",,"9,995,002","9,076,462","7,298,351",,"6,443,778","6,884,558","6,884,558",,"4,872,564","4,872,564","4,872,564",,"4,872,564","4,872,564","4,872,564",,"4,872,564","4,872,564","4,872,564"
TotalOperatingIncomeAsReported,,,,,,,,,,,,,,,,,,,,,,,,,,,,,,,,,,,,,,,,,,,,,,,,,,,,"-45,079,000",,,,"483,471,000",,,,,"95,694,000",,"64,361,000",,,,"89,238,000",,"44,154,000",,,,,"16,954,000","29,738,000","14,168,000",,,,,"12,217,000",,,,,,"22,334,000",,,,,,,,,"-92,700,000",,,,,,,,"5,800,000",,,,,,,,,,,,,,"500,000",,,,,,,,,,,,,,,,
TotalExpenses,"2,254,489,000","551,117,000","609,662,000","577,791,000","515,919,000","500,865,000","487,189,000","484,102,000","497,928,000","510,760,000","571,810,000","608,742,000","646,451,000","673,064,000","780,992,000","677,282,000","633,993,000","586,672,000","552,473,000","535,850,000","508,160,000","474,205,000","468,248,000","391,946,000","379,728,000","357,893,000","359,946,000","378,765,000","379,135,000","361,558,000","394,336,000","370,241,000","361,233,000","352,503,000","355,392,000","350,194,000","362,250,000","342,241,000","272,075,000","292,407,000","261,228,000","259,042,000","326,512,000","192,994,000","159,287,000","199,588,000","192,256,000","148,569,000","179,171,000","172,767,000","307,368,000","194,034,000","172,332,000","178,801,000","238,586,000","139,199,000","181,686,000","172,976,000","143,044,000","128,372,000","126,408,000","120,793,000","119,766,000","107,056,000","84,227,000","89,907,000","87,477,000","92,508,000","75,530,000","64,266,000","71,625,000","59,100,000","51,206,000","48,881,000","50,061,000","42,693,000","42,488,000","41,912,000","39,799,000","35,934,000","38,325,000","38,817,000","34,876,000","34,604,000","36,370,000","37,005,000","35,496,000","31,482,000","30,408,000","31,754,000","11,900,000","54,800,000","34,300,000","34,700,000","-46,300,000","126,900,000","25,300,000","23,900,000","29,500,000","24,400,000","21,400,000","23,400,000","16,800,000","16,100,000","16,500,000","15,000,000","13,200,000","9,600,000","8,800,000","8,900,000","7,200,000","7,500,000","7,800,000","6,700,000","4,700,000","4,400,000","4,000,000","3,500,000","3,400,000","3,300,000",,,,,,,,,,,,,,
NetIncomeFromContinuingAndDiscontinuedOperation,"-72,181,000","-456,808,000","891,366,000","-350,267,000","-156,472,000","27,151,000","-30,135,000","-680,048,000","-146,569,000","144,975,000","-1,805,320,000","-27,581,000","115,185,000","1,419,000","-1,764,422,000","48,539,000","-79,836,000","49,238,000","221,185,000","-127,700,000","69,550,000","170,111,000","-162,771,000","-41,971,000","-224,936,000","-91,710,000","-321,827,000","-300,948,000","-118,594,000","27,684,000","284,054,000","146,418,000","171,389,000","32,521,000","28,171,000","19,178,000","143,983,000","-75,610,000","52,962,000","-53,836,000","55,676,000","-41,800,000","-2,989,000","34,755,000","51,293,000","-25,033,000","-317,719,000","-8,168,000","9,052,000","77,579,000","-16,777,000","-29,818,000","-39,883,000","32,608,000","93,676,000","285,324,000","-34,582,000","1,740,000","34,311,000","58,915,000","64,206,000","73,137,000","427,000","51,330,000","51,270,000","55,675,000","42,682,000","24,665,000","21,661,000","22,003,000","14,543,000","12,879,000","8,189,000","6,620,000","4,633,000","16,737,000","4,591,000","4,963,000","4,881,000","8,535,000","6,465,000","3,156,000","-24,583,000","6,370,000","13,844,000","18,080,000","14,202,000","3,495,000","1,753,000","748,000","-9,400,000","12,700,000","-4,500,000","-9,000,000","-110,100,000","-66,900,000","-900,000","2,800,000","-35,000,000","2,800,000","2,400,000","6,600,000","4,500,000","2,700,000","2,800,000","2,600,000","1,700,000","900,000","1,000,000","800,000","700,000","700,000","700,000","400,000","400,000","400,000","400,000","200,000","200,000","200,000","200,000","100,000",,,,,,,,,,,,
NormalizedIncome,"901,625,000","357,350,480.92","599,978,890.644","263,639,181.279","75,131,042.54","96,781,470","-79,218,740","-98,965,464","-136,101,452","-66,177,427","-23,255,008.799","-45,319,270","-22,927,912","55,861,670","153,859,943.768","75,816,112","47,928,846","73,352,820","336,405,400","-3,399,164","5,407,000","62,024,910","-257,217.429","-58,521,300","-113,311,255","-112,960,060","-63,134,799.714","-68,983,446","-89,272,747","-35,449,800","37,633,043.461","67,862,200","42,015,600","131,870,136","68,500,250","51,963,518","30,216,400","-4,610,456","67,654,506.693","-508,425.859","-12,527,200","6,889,740.534","39,762,350","26,911,200","35,662,650","2,534,532.197","6,524,326.416","10,221,421.589","8,637,300","85,673,368.168","2,046,350","-13,907,878.791","-13,227,871.253","45,015,966.871","93,676,000","285,324,000","-34,582,000","68,803,750","46,404,250","41,876,000.84","51,162,100.861","49,179,921.288","22,036,400","31,001,951.872","38,829,235.662","55,675,000","30,300,560.739","25,270,567.758","21,454,448.435","21,992,346.312","12,063,102.348","12,659,685.313","7,688,310.453","8,070,389.264","5,069,473.168","4,199,519.8","5,842,381.006","4,550,800","4,881,000","8,659,664.057","7,206,000","4,361,400","-24,583,000","6,370,000","13,844,000","18,080,000","14,202,000","3,495,000","-115,400","748,000","50,800,000","-24,679,432.624","-5,760,000","-9,540,000","246,729,099.307","-67,746,011.673","-835,714.286","1,742,222.222","40,250,000","1,368,888.889","360,000","6,222,857.143","3,000,000","2,442,857.143","2,409,302.326","2,535,000","1,569,230.769","654,545.455","625,000","622,222.222","600,000","525,000","700,000","400,000","400,000","340,000","400,000","200,000","200,000","200,000","200,000","100,000",,,,,,,,,,,,
InterestIncome,,,,,,,,,,,,,,,,,,,,,,,,,,,,,,,,,,,,,,,,,,,,,,,,,,,,,,,,,,,,,,,,,,,,,,,,,,,,,,,,,,,,,,,"1,597,000",,,,,,,,,,,,,,,,,,,,,,,,,,,,,,,,,,,,,,,,,,,,,,,
InterestExpense,"217,633,000","47,175,000","56,362,000","56,809,000","57,287,000","56,878,000","48,526,000","47,999,000","46,489,000","47,518,000","44,024,000","46,997,000","51,727,000","51,537,000","49,161,000","54,801,000","53,862,000","52,385,000","51,473,000","49,179,000","47,926,000","47,101,000","46,749,000","45,967,000","37,758,000","37,739,000","40,849,000","42,904,000","43,479,000","39,207,000","38,900,000","39,188,000","45,488,000","45,401,000","44,955,000","44,321,000","45,071,000","42,210,000","44,708,000","43,997,000","42,888,000","37,205,000","34,709,000","34,181,000","31,383,000","24,779,000","36,320,000","23,363,000","30,779,000","30,287,000","30,550,000","30,633,000","29,555,000","26,629,000",,"25,373,000",,,,,"17,573,000",,"18,127,000",,,,"10,756,000",,"9,547,000",,,,,"4,145,000","3,741,000","7,705,000",,,,,"6,274,000",,,,,,"9,715,000",,,,,,,,,"11,300,000",,,,,,,,"2,100,000",,,,,,,,,,,,,,"200,000",,,,,,,,,,,,,,,,
NetInterestIncome,"-217,633,000","-47,175,000","-56,362,000","-56,809,000","-57,287,000","-56,878,000","-48,526,000","-47,999,000","-48,624,000","-47,518,000","-44,024,000","-46,997,000","-51,727,000","-51,537,000","-49,161,000","-54,801,000","-53,862,000","-52,385,000","-51,473,000","-49,179,000","-47,926,000","-47,101,000","-46,749,000","-45,967,000","-37,758,000","-37,739,000","-40,849,000","-42,904,000","-43,479,000","-39,207,000","-38,900,000","-39,188,000","-45,488,000","-45,401,000","-44,955,000","-44,321,000","-45,071,000","-42,210,000","-44,708,000","-43,997,000","-42,888,000","-37,205,000","-34,709,000","-34,181,000","-31,383,000","-24,779,000","-36,320,000","-23,363,000","-30,779,000","-30,287,000","-30,550,000","-30,633,000","-29,555,000","-26,629,000",,"-25,373,000",,,,,"-17,573,000",,"-18,127,000",,,,"-10,756,000",,"-9,547,000",,,,,"-4,145,000","-3,741,000","-7,705,000",,,,,"-6,274,000",,,,,,"-8,118,000",,,,,,,,,"-11,300,000",,,,,,,,"-2,100,000",,,,,,,,,,,,,,"-200,000",,,,,,,,,,,,,,,,
EBIT,"16,939,000","-525,714,000","966,241,000","-323,141,000","-100,447,000","86,718,000","91,152,000","-737,300,000","-115,079,000","242,711,000","-2,260,155,000","-27,803,000","207,011,000","58,644,000","-1,784,045,000","127,477,000","-54,492,000","144,299,000","-76,422,000","-150,513,000","175,127,000","329,607,000","-209,541,000","-9,709,000","-316,666,000","-98,009,000","-445,265,000","-392,825,000","-137,090,000","89,257,000","489,002,000","279,128,000","334,853,000","96,879,000","44,803,000","75,365,000","286,548,000","-80,580,000","127,634,000","-38,913,000","137,571,000","-32,438,000","32,095,000","89,907,000","109,862,000","-28,549,000","-457,571,000","26,800,000","46,284,000","156,800,000","27,871,000","-14,446,000","-32,854,000","78,064,000","106,276,000","483,471,000","-31,609,000","135,537,000","98,944,000","86,560,000","95,694,000","98,159,000","64,361,000","121,824,000","93,446,000","99,286,000","78,370,000","50,305,000","44,154,000","43,694,000","29,480,000","27,114,000","17,490,000","16,954,000","29,738,000","14,168,000","14,153,000","15,062,000","8,307,000","14,528,000","12,217,000","7,411,000","9,008,000","17,248,000","23,297,000","27,197,000","22,334,000","12,989,000","8,987,000","11,135,000","34,900,000","-15,200,000","4,900,000","2,300,000","92,100,000","-92,700,000","8,000,000","11,400,000","11,900,000","9,500,000","8,000,000","13,700,000","6,600,000","5,800,000","5,600,000","5,400,000","4,000,000","2,200,000","2,200,000","1,800,000","1,500,000","1,400,000","1,500,000","1,000,000","900,000","500,000","700,000","500,000","0","400,000","3,200,000","3,000,000","-7,200,000","2,700,000","2,400,000","2,300,000","-4,600,000","1,900,000","1,300,000","1,100,000","-3,400,000","1,100,000","1,100,000","1,100,000"
EBITDA,"378,715,000"
ReconciledCostOfRevenue,"2,056,985,000","503,392,000","560,095,000","522,849,000","470,649,000","457,323,000","437,005,000","437,863,000","451,613,000","461,429,000","519,667,000","556,682,000","587,711,000","618,215,000","720,302,000","625,261,000","578,911,000","510,536,000","464,027,000","460,048,000","441,340,000","418,205,000","397,537,000","343,979,000","326,879,000","312,323,000","312,142,000","328,352,000","318,146,000","305,343,000","318,335,000","303,835,000","290,724,000","288,445,000","281,120,000","284,779,000","247,195,000","241,403,000","561,038,000","88,766,000","83,571,000","106,476,000","152,593,000","37,145,000","36,059,000","35,596,000","86,895,000","3,877,000","43,047,000","38,003,000","43,456,000","44,546,000","43,863,000","43,798,000","48,163,000","57,169,000","55,831,000","48,914,000","43,575,000","33,645,000","35,991,000","36,598,000","37,516,000","40,887,000","26,900,000","38,216,000","27,196,000","23,442,000","26,127,000","23,397,000","21,711,000","17,049,000","14,338,000","17,608,000","18,744,000","14,725,000","15,682,000","15,870,000","14,913,000","12,879,000","14,021,000","16,103,000","11,888,000","11,790,000","13,409,000","14,022,000","12,248,000","10,956,000","10,390,000","10,958,000","11,700,000","12,500,000","12,400,000","13,400,000","28,700,000","11,800,000","7,300,000","9,600,000","10,000,000","9,300,000","7,900,000","8,600,000","16,600,000","6,100,000","6,400,000","6,000,000","6,200,000","5,200,000","4,900,000","5,100,000","4,100,000","4,200,000","4,400,000","3,900,000","2,900,000","2,700,000","2,400,000","2,200,000","2,100,000","1,900,000",,,,,,,,,,,,,,
ReconciledDepreciation,"361,776,000","85,604,000","92,427,000","93,116,000","90,629,000","88,383,000","91,439,000","98,122,000","104,626,000","179,986,000","1,226,492,000","137,751,000","141,505,000","138,718,000","147,909,000","164,268,000","176,328,000","169,580,000","162,924,000","232,433,000","152,665,000","149,821,000","149,678,000","131,491,000","122,390,000","163,601,000","215,919,000","656,207,000","151,898,000","147,393,000","165,716,000","142,450,000","158,352,000","128,683,000","128,753,000","141,418,000","120,736,000","114,942,000","148,330,000","124,340,000","108,802,000","100,151,000","97,092,000","132,300,000","78,294,000","72,216,000","546,469,000","98,291,000","92,198,000","96,298,000","104,191,000","94,875,000","91,046,000","84,320,000","69,625,000","79,685,000","78,322,000","72,199,000","72,140,000","57,592,000","52,015,000","47,858,000","52,624,000","46,652,000","37,239,000","34,973,000","34,817,000","33,308,000","30,852,000","30,199,000","32,288,000","26,590,000","22,712,000","22,452,000","22,592,000","22,475,000","21,493,000","21,196,000","19,929,000","19,975,000","19,571,000","18,244,000","20,791,000","19,724,000","19,506,000","19,513,000","20,239,000","17,861,000","17,631,000","18,531,000","19,100,000","19,100,000","20,100,000","19,400,000","20,000,000","14,800,000","12,900,000","12,500,000","17,800,000","13,600,000","12,300,000","12,700,000","5,700,000","5,500,000","5,800,000","5,300,000","5,100,000","3,700,000","3,100,000","3,000,000","2,500,000","2,600,000","2,700,000","2,300,000","1,200,000","1,200,000","1,100,000","800,000","800,000","900,000",,,,,,,,,,,,,,
NetIncomeFromContinuingOperationNetMinorityInterest,"-72,181,000","-456,808,000","891,366,000","-350,267,000","-156,472,000","27,151,000","-30,135,000","-680,048,000","-146,569,000","144,975,000","-1,805,320,000","-27,581,000","115,185,000","1,419,000","-1,764,422,000","48,539,000","-79,836,000","49,238,000","221,185,000","-127,700,000","69,550,000","170,111,000","-162,771,000","-41,971,000","-224,936,000","-91,710,000","-321,827,000","-300,948,000","-118,594,000","27,684,000","284,054,000","146,418,000","171,389,000","32,521,000","28,171,000","19,178,000","143,983,000","-75,610,000","52,962,000","-53,836,000","55,676,000","-41,800,000","-2,825,000","33,186,000","45,776,000","-33,431,000","-317,719,000","2,653,000","9,052,000","77,579,000","-16,777,000","-29,818,000","-39,883,000","32,608,000","93,676,000","285,324,000","-34,582,000","1,740,000","34,311,000","59,111,000","65,185,000","8,369,000","25,820,000","65,414,000","50,705,000","55,675,000","42,682,000","24,665,000","21,661,000","22,003,000","14,543,000","12,879,000","8,189,000","6,620,000","4,633,000","16,737,000","4,591,000","4,963,000","4,881,000","8,535,000","6,465,000","3,156,000","-24,583,000","6,370,000","13,844,000","18,080,000","14,202,000","3,495,000","1,753,000","748,000","-9,400,000","12,700,000","-4,500,000","-9,000,000","-110,100,000","-66,900,000","-900,000","2,800,000","-35,000,000","2,800,000","2,400,000","6,600,000","4,500,000","2,700,000","2,800,000","2,600,000","1,700,000","900,000","1,000,000","800,000","700,000","700,000","700,000","400,000","400,000","400,000","400,000","200,000","200,000","200,000","200,000","100,000",,,,,,,,,,,,
TotalUnusualItemsExcludingGoodwill,"-1,623,010,000","-1,021,047,000","297,439,000","-665,931,000","-233,471,000","-76,517,000","67,238,000","-670,996,000","-13,559,000","284,189,000","-2,274,498,000","24,299,000","186,136,000","-74,579,000","-1,993,064,000","-40,834,000","-173,358,000","-33,034,000","-192,034,000","-194,524,000","106,905,000","179,545,000","-255,885,000","21,950,000","-175,787,000","31,435,000","-390,750,000","-335,694,000","-44,629,000","105,223,000","390,470,000","128,780,000","199,036,000","-157,198,000","-62,045,000","-53,051,000","189,611,000","-115,259,000","-23,005,000","-82,127,000","104,928,000","-81,122,000","-65,519,000","10,458,000","15,559,000","-57,371,000","-504,033,000","-9,805,000","638,000","-13,200,000","-28,959,000","-24,053,000","-41,710,000","-19,572,000",,,,"-103,175,000","-18,605,000","27,421,000","21,412,000","-64,369,000","6,306,000","55,199,000","19,075,000",,"19,794,000","-968,000","330,000","17,000","3,922,000","344,000","799,000","-2,302,000","-711,000","19,295,000","-1,923,000","687,000",,"-125,000","-1,235,000","-2,009,000",,,,,,,"3,114,000",,"-60,200,000","41,500,000","2,100,000","900,000","-421,000,000","1,300,000","-100,000","1,700,000","-116,100,000","2,300,000","3,400,000","600,000","2,300,000","400,000","600,000","100,000","200,000","300,000","600,000","200,000","100,000","200,000",,,,"100,000",,,,,,,,,,,,,,,,,,
TotalUnusualItems,"-1,623,010,000","-1,021,047,000","297,439,000","-665,931,000","-233,471,000","-76,517,000","67,238,000","-670,996,000","-13,559,000","284,189,000","-2,274,498,000","24,299,000","186,136,000","-74,579,000","-1,993,064,000","-40,834,000","-173,358,000","-33,034,000","-192,034,000","-194,524,000","106,905,000","179,545,000","-255,885,000","21,950,000","-175,787,000","31,435,000","-390,750,000","-335,694,000","-44,629,000","105,223,000","390,470,000","128,780,000","199,036,000","-157,198,000","-62,045,000","-53,051,000","189,611,000","-115,259,000","-23,005,000","-82,127,000","104,928,000","-81,122,000","-65,519,000","10,458,000","15,559,000","-57,371,000","-504,033,000","-9,805,000","638,000","-13,200,000","-28,959,000","-24,053,000","-41,710,000","-19,572,000",,,,"-103,175,000","-18,605,000","27,421,000","21,412,000","-64,369,000","6,306,000","55,199,000","19,075,000",,"19,794,000","-968,000","330,000","17,000","3,922,000","344,000","799,000","-2,302,000","-711,000","19,295,000","-1,923,000","687,000",,"-125,000","-1,235,000","-2,009,000",,,,,,,"3,114,000",,"-60,200,000","41,500,000","2,100,000","900,000","-421,000,000","1,300,000","-100,000","1,700,000","-116,100,000","2,300,000","3,400,000","600,000","2,300,000","400,000","600,000","100,000","200,000","300,000","600,000","200,000","100,000","200,000",,,,"100,000",,,,,,,,,,,,,,,,,,
NormalizedEBITDA,"2,001,725,000","580,937,000","761,229,000","435,906,000","223,653,000","251,618,000","115,353,000","31,818,000","3,106,000","138,508,000","1,240,835,000","85,649,000","162,380,000","271,941,000","356,928,000","332,579,000","295,194,000","346,913,000","278,536,000","276,444,000","220,887,000","299,883,000","196,022,000","99,832,000","-18,489,000","34,157,000","161,404,000","599,076,000","59,437,000","131,427,000","264,248,000","292,798,000","294,169,000","382,760,000","235,601,000","269,834,000","217,673,000","149,621,000","298,969,000","167,554,000","141,445,000","148,835,000","194,706,000","211,749,000","172,597,000","101,038,000","592,931,000","134,896,000","137,844,000","266,298,000","161,021,000","106,815,000","99,902,000","181,956,000","175,901,000","564,644,000","46,713,000","310,911,000","189,689,000","116,731,000","126,297,000","210,386,000","110,679,000","113,277,000","111,610,000","134,259,000","93,393,000","84,581,000","74,676,000","73,876,000","57,846,000","53,360,000","39,403,000","41,708,000","53,041,000","17,348,000","37,569,000","35,571,000","28,236,000","34,628,000","33,023,000","27,664,000","29,799,000","36,972,000","42,803,000","46,710,000","42,573,000","30,850,000","23,504,000","29,666,000","114,200,000","-37,600,000","22,900,000","20,800,000","533,100,000","-79,200,000","21,400,000","22,200,000","145,800,000","20,800,000","16,900,000","25,800,000","10,000,000","10,900,000","10,800,000","10,600,000","8,900,000","5,600,000","4,700,000","4,600,000","3,900,000","3,800,000","4,200,000","3,300,000","2,100,000","1,600,000","1,800,000","1,300,000","800,000","1,300,000","3,200,000","3,000,000","-7,200,000","2,700,000","2,400,000","2,300,000","-4,600,000","1,900,000","1,300,000","1,100,000","-3,400,000","1,100,000","1,100,000","1,100,000"
TaxRateForCalcs,"0.4","0.203","0.02","0.078","0.008","0.09","0.27","0.134","0.228","0.257","0.217","0.27","0.258","0.27","0.038","0.332","0.263","0.27","0.4","0.361","0.4","0.398","0.365","0.246","0.365","0.324","0.338","0.309","0.343","0.4","0.369","0.39","0.35","0.368","0.35","0.382","0.4","0.384","0.361","0.351","0.35","0.4","0.35","0.4","0.35","0.373","0.357","0.228","0.35","0.387","0.35","0.339","0.361","0.366","0.283","0.377","0.376","0.35","0.35","0.371","0.345","0.366","0.4","0.377","0.377","0.373","0.374","0.374","0.374","0.373","0.368","0.362","0.373","0.37","0.386","0.35","0.349","0.4","0.186","0.003","0.4","0.4","0.094","0.35","0.096","0.4","0.4","0.056","0.4","0.4","0","0.099","0.4","0.4","0.152","0.349","0.357","0.378","0.352","0.378","0.4","0.371","0.348","0.357","0.349","0.35","0.346","0.182","0.375","0.111","0","0.125","0.125","0.4","0","0.4","0.4","0.4","0.333","0.333","0.4","0.4",,,,,,,,,,,,
TaxEffectOfUnusualItems,"-649,204,000","-206,888,519.08","6,051,890.644","-52,024,818.721","-1,867,957.46","-6,886,530","18,154,260","-89,913,464","-3,091,452","73,036,573","-492,433,008.799","6,560,730","48,023,088","-20,136,330","-74,782,056.232","-13,556,888","-45,593,154","-8,919,180","-76,813,600","-70,223,164","42,762,000","71,458,910","-93,371,217.429","5,399,700","-64,162,255","10,184,940","-132,057,799.714","-103,729,446","-15,307,747","42,089,200","144,049,043.461","50,224,200","69,662,600","-57,848,864","-21,715,750","-20,265,482","75,844,400","-44,259,456","-8,312,493.307","-28,799,425.859","36,724,800","-32,432,259.466","-22,931,650","4,183,200","5,445,650","-21,405,467.803","-179,789,673.584","-2,236,578.411","223,300","-5,105,631.832","-10,135,650","-8,142,878.791","-15,054,871.253","-7,164,033.129","0","0","0","-36,111,250","-6,511,750","10,186,000.84","7,389,100.861","-23,558,078.712","2,522,400","20,786,951.872","7,199,235.662","0","7,412,560.739","-362,432.242","123,448.435","6,346.312","1,442,102.348","124,685.313","298,310.453","-851,610.736","-274,526.832","6,757,519.8","-671,618.994","274,800","0","-335.943","-494,000","-803,600","0","0","0","0","0","0","1,245,600","0","0","4,120,567.376","840,000","360,000","-64,170,900.693","453,988.327","-35,714.286","642,222.222","-40,850,000","868,888.889","1,360,000","222,857.143","800,000","142,857.143","209,302.326","35,000","69,230.769","54,545.455","225,000","22,222.222","0","25,000","0","0","0","40,000","0","0","0","0","0","0",,,,,,,,,,,,