name,ttm,03/31/2022,12/31/2021,09/30/2021,06/30/2021,03/31/2021,12/31/2020,09/30/2020,06/30/2020,03/31/2020,12/31/2019,09/30/2019,06/30/2019,03/31/2019,12/31/2018,09/30/2018,06/30/2018,03/31/2018,12/31/2017,09/30/2017,06/30/2017,03/31/2017,12/31/2016,09/30/2016,06/30/2016,03/31/2016,12/31/2015,09/30/2015,06/30/2015,03/31/2015,12/31/2014,09/30/2014,06/30/2014,03/31/2014,12/31/2013,09/30/2013,06/30/2013,03/31/2013,12/31/2012,09/30/2012,06/30/2012,03/31/2012,12/31/2011,09/30/2011,06/30/2011,03/31/2011,12/31/2010,09/30/2010,06/30/2010,03/31/2010,12/31/2009,09/30/2009,06/30/2009,03/31/2009,12/31/2008,09/30/2008,06/30/2008,03/31/2008,12/31/2007,09/30/2007,06/30/2007,03/31/2007,12/31/2006,09/30/2006,06/30/2006,03/31/2006,12/31/2005,09/30/2005,06/30/2005,03/31/2005,12/31/2004,09/30/2004,06/30/2004,03/31/2004,12/31/2003,09/30/2003,06/30/2003,03/31/2003,12/31/2002,09/30/2002,06/30/2002,03/31/2002,12/31/2001,09/30/2001,06/30/2001,03/31/2001,12/31/2000,09/30/2000,06/30/2000,03/31/2000,12/31/1999,09/30/1999,06/30/1999,03/31/1999,12/31/1998,09/30/1998,06/30/1998,03/31/1998,12/31/1997,09/30/1997,06/30/1997,03/31/1997,12/31/1996,09/30/1996,06/30/1996,03/31/1996,12/31/1995,09/30/1995,06/30/1995,03/31/1995,12/31/1994,09/30/1994,06/30/1994,03/31/1994,12/31/1993,09/30/1993,06/30/1993,03/31/1993
TotalRevenue,"15,740,700,000","4,485,800,000","3,988,700,000","3,847,400,000","3,418,800,000","2,838,400,000","2,134,100,000","2,085,600,000","2,019,300,000","2,572,900,000","2,447,800,000","2,685,900,000","2,883,500,000","2,956,600,000","2,814,000,000","2,974,500,000","2,988,900,000","2,757,100,000","2,376,400,000","2,450,100,000","2,475,200,000","2,419,300,000","2,061,600,000","2,185,200,000","2,203,900,000","2,162,700,000","2,026,200,000","2,286,200,000","2,423,700,000","2,614,400,000","2,576,700,000","2,705,100,000","2,616,800,000","2,553,000,000","2,306,700,000","2,443,500,000","2,448,300,000","2,025,300,000","1,889,000,000","2,055,300,000","2,209,700,000","2,288,300,000","2,033,900,000","2,138,600,000","2,049,500,000","1,912,700,000","1,584,337,000","1,653,798,000","1,620,585,000","1,454,075,000","1,273,246,000","1,243,373,000","1,242,978,000","1,558,535,000","2,142,770,000","2,572,836,000","2,095,068,000","1,908,170,000","1,715,592,000","1,812,092,000","1,898,369,000","1,842,264,000","1,571,319,000","1,628,195,000","1,559,598,000","989,264,000","869,640,000","871,469,000","817,041,000","812,572,000","744,611,000","784,153,000","762,166,000","656,272,000","485,194,000","490,587,000","456,329,000","450,823,000","437,779,000","454,840,000","450,166,000","405,486,000","382,021,000","430,066,000","411,982,000","433,442,000","411,269,000","443,652,000","440,903,000","430,841,000","374,400,000","380,100,000","384,700,000","371,900,000","353,300,000","357,800,000","326,200,000","315,500,000","261,800,000","254,200,000","243,800,000","201,600,000","178,300,000","153,400,000","164,600,000","157,600,000","148,700,000","135,300,000","140,800,000","136,500,000","117,200,000","115,700,000","107,000,000","107,000,000","94,700,000","92,800,000","92,800,000","92,800,000"
	OperatingRevenue,"15,740,700,000","4,485,800,000","3,988,700,000","3,847,400,000","3,418,800,000","2,838,400,000","2,134,100,000","2,085,600,000","2,019,300,000","2,572,900,000","2,447,800,000","2,685,900,000","2,883,500,000","2,956,600,000","2,814,000,000","2,974,500,000","2,988,900,000","2,757,100,000","2,376,400,000","2,450,100,000","2,475,200,000","2,419,300,000","2,061,600,000","2,185,200,000","2,203,900,000","2,162,700,000","2,026,200,000","2,286,200,000","2,423,700,000","2,614,400,000","2,576,700,000","2,705,100,000","2,616,800,000","2,553,000,000","2,306,700,000","2,443,500,000","2,448,300,000","2,025,300,000","1,889,000,000","2,055,300,000","2,209,700,000","2,288,300,000","2,033,900,000","2,138,600,000","2,049,500,000","1,912,700,000","1,584,337,000","1,653,798,000","1,620,585,000","1,454,075,000","1,273,246,000","1,243,373,000","1,242,978,000","1,558,535,000","2,142,770,000","2,572,836,000","2,095,068,000","1,908,170,000","1,705,661,000","1,812,092,000","1,896,036,000","1,841,890,000","1,569,192,000","1,626,208,000","1,559,222,000","987,986,000","868,678,000","870,124,000","816,342,000","811,907,000","742,819,000","783,670,000","760,780,000","655,765,000","485,194,000","490,587,000","456,329,000","450,823,000","434,513,000","454,840,000","450,166,000","405,486,000","382,021,000","430,066,000","411,982,000","432,905,000","411,269,000","443,652,000","440,903,000","430,841,000","374,400,000","380,100,000","384,700,000","371,900,000","353,300,000","357,800,000","326,200,000","315,500,000","261,800,000","254,200,000","243,800,000","201,600,000","178,300,000","153,400,000","164,600,000","157,600,000","148,700,000","135,300,000","140,800,000","136,500,000","117,200,000","115,700,000","107,000,000","107,000,000","94,700,000","92,800,000","92,800,000","92,800,000"
CostOfRevenue,"10,817,000,000","3,098,700,000","2,745,400,000","2,636,300,000","2,336,600,000","1,884,700,000","1,430,500,000","1,409,500,000","1,404,600,000","1,792,200,000","1,653,600,000","1,871,200,000","2,029,900,000","2,089,700,000","2,104,200,000","2,140,200,000","2,071,400,000","1,937,200,000","1,697,800,000","1,764,600,000","1,773,100,000","1,697,700,000","1,447,700,000","1,530,600,000","1,518,800,000","1,526,000,000","1,444,200,000","1,647,900,000","1,767,800,000","1,943,700,000","1,954,400,000","2,026,900,000","1,943,500,000","1,905,800,000","1,702,500,000","1,800,500,000","1,826,700,000","1,496,500,000","1,364,600,000","1,520,000,000","1,640,300,000","1,710,500,000","1,558,900,000","1,644,700,000","1,538,700,000","1,406,400,000","1,190,486,000","1,257,629,000","1,203,810,000","1,075,962,000","867,521,000","886,904,000","960,093,000","1,204,093,000","1,683,935,000","1,948,788,000","1,508,134,000","1,415,891,000","1,278,056,000","1,372,128,000","1,398,539,000","1,369,438,000","1,180,097,000","1,194,139,000","1,139,349,000","717,801,000","617,526,000","641,396,000","594,107,000","595,971,000","541,452,000","568,748,000","532,313,000","468,335,000","349,556,000","354,377,000","336,957,000","331,420,000","320,866,000","329,321,000","324,123,000","293,941,000","273,093,000","311,671,000","297,170,000","312,578,000","296,152,000","325,254,000","321,738,000","313,853,000","261,100,000","275,300,000","282,500,000","278,500,000","262,600,000","271,500,000","248,400,000","241,700,000","196,400,000","197,700,000","187,900,000","155,500,000","130,300,000","115,800,000","125,500,000","120,600,000","113,100,000","103,700,000","109,500,000","105,700,000","89,400,000","89,000,000",,,,,,
GrossProfit,"4,923,700,000","1,387,100,000","1,243,300,000","1,211,100,000","1,082,200,000","953,700,000","703,600,000","676,100,000","614,700,000","780,700,000","794,200,000","814,700,000","853,600,000","866,900,000","709,800,000","834,300,000","917,500,000","819,900,000","678,600,000","685,500,000","702,100,000","721,600,000","613,900,000","654,600,000","685,100,000","636,700,000","582,000,000","638,300,000","655,900,000","670,700,000","622,300,000","678,200,000","673,300,000","647,200,000","604,200,000","643,000,000","621,600,000","528,800,000","524,400,000","535,300,000","569,400,000","577,800,000","475,000,000","493,900,000","510,800,000","506,300,000","393,851,000","396,169,000","416,775,000","378,113,000","405,725,000","356,469,000","282,885,000","354,442,000","458,835,000","624,048,000","586,934,000","492,279,000","437,536,000","439,964,000","499,830,000","472,826,000","391,222,000","434,056,000","420,249,000","271,463,000","252,114,000","230,073,000","222,934,000","216,601,000","203,159,000","215,405,000","229,853,000","187,937,000","135,638,000","136,210,000","119,372,000","119,403,000","116,913,000","125,519,000","126,043,000","111,545,000","108,928,000","118,395,000","114,812,000","120,864,000","115,117,000","118,398,000","119,165,000","116,988,000","113,300,000","104,800,000","102,200,000","93,400,000","90,700,000","86,300,000","77,800,000","73,800,000","65,400,000","56,500,000","55,900,000","46,100,000","48,000,000","37,600,000","39,100,000","37,000,000","35,600,000","31,600,000","31,300,000","30,800,000","27,800,000","26,700,000",,,,,,
OperatingExpense,"2,646,700,000","671,000,000","690,400,000","663,500,000","621,800,000","575,400,000","533,500,000","505,600,000","495,900,000","579,700,000","582,100,000","573,500,000","585,800,000","586,100,000","571,000,000","584,400,000","590,200,000","573,500,000","546,400,000","524,000,000","530,900,000","531,400,000","507,900,000","509,400,000","512,000,000","506,900,000","476,700,000","483,300,000","495,700,000","501,400,000","495,400,000","526,900,000","497,600,000","492,900,000","484,500,000","479,900,000","476,100,000","398,800,000","396,400,000","382,700,000","383,200,000","393,200,000","362,700,000","353,800,000","345,200,000","351,500,000","315,689,000","307,982,000","302,164,000","298,352,000","283,007,000","282,186,000","277,455,000","306,481,000","331,585,000","355,456,000","319,027,000","303,057,000","284,442,000","271,808,000","283,759,000","274,003,000","251,710,000","241,214,000","242,067,000","148,869,000","144,117,000","141,797,000","135,678,000","132,944,000","135,092,000","132,081,000","131,789,000","129,552,000","115,651,000","107,697,000","104,367,000","105,082,000","91,074,000","109,105,000","108,390,000","-282,296,000","78,516,000","105,233,000","-279,683,000","-291,871,000","87,274,000","86,285,000","86,996,000","86,175,000","83,100,000","76,900,000","75,700,000","68,500,000","68,100,000","63,300,000","55,600,000","52,600,000","47,400,000","40,700,000","42,100,000","34,300,000","37,300,000","26,500,000","27,700,000","26,600,000","26,600,000","23,500,000","22,300,000","22,200,000","21,700,000","19,800,000",,,,,,
	SellingGeneralAndAdministration,"2,414,300,000","611,900,000","632,300,000","606,800,000","563,300,000","518,500,000","477,000,000","449,200,000","438,500,000","522,700,000","526,000,000","518,700,000","531,400,000","532,100,000","517,600,000","531,000,000","535,900,000","519,400,000","492,200,000","470,000,000","475,900,000","476,200,000","452,600,000","454,300,000","456,500,000","450,800,000","422,800,000","428,900,000","440,800,000","446,100,000","440,200,000","472,900,000","444,900,000","441,000,000","433,200,000","430,000,000","426,000,000","357,700,000","354,200,000","345,400,000","346,700,000","357,700,000","328,300,000","319,600,000","313,700,000","318,500,000","283,988,000","278,135,000","272,187,000","269,274,000","253,975,000","251,761,000","247,875,000","276,634,000","303,481,000","328,446,000","297,582,000","281,692,000","262,021,000","252,017,000","264,549,000","255,552,000","234,368,000","224,703,000","225,267,000","137,048,000","132,292,000","130,260,000","123,571,000","121,782,000","123,611,000","121,047,000","120,723,000","118,506,000","100,699,000","100,198,000","97,146,000","97,884,000","98,991,000","96,375,000","96,214,000","87,709,000","88,606,000","91,608,000","82,249,000","84,847,000","80,302,000","79,038,000","80,002,000","79,296,000","76,600,000","70,300,000","69,200,000","62,500,000","62,900,000","57,800,000","51,000,000","48,500,000","43,500,000","37,400,000","38,900,000","31,600,000","34,600,000","24,400,000","25,600,000","25,000,000","25,200,000","22,200,000","21,000,000","21,000,000","20,500,000","18,700,000",,,,,,
	DepreciationAmortizationDepletionIncomeStatement,"232,400,000","59,100,000","58,100,000","56,700,000","58,500,000","56,900,000","56,500,000","56,400,000","57,400,000","57,000,000","56,100,000","54,800,000","54,400,000","54,000,000","53,400,000","53,400,000","54,300,000","54,100,000","54,200,000","54,000,000","55,000,000","55,200,000","55,300,000","55,100,000","55,500,000","56,100,000","53,900,000","54,400,000","54,900,000","55,300,000","55,200,000","54,000,000","52,700,000","51,900,000","51,300,000","49,900,000","50,100,000","41,100,000","42,200,000","37,300,000","36,500,000","35,500,000","34,400,000","34,200,000","31,500,000","33,000,000","31,701,000","29,847,000","29,977,000","29,078,000","29,032,000","30,425,000","29,580,000","29,847,000","28,104,000","27,010,000","21,445,000","21,365,000","22,421,000","19,791,000","19,210,000","18,451,000","17,342,000","16,511,000","16,800,000","11,821,000","11,825,000","11,537,000","12,107,000","11,162,000","11,481,000","11,034,000","11,066,000","11,046,000","13,463,000","8,371,000","7,532,000","7,504,000","7,249,000","7,365,000","7,111,000","6,821,000","8,410,000","8,433,000","7,831,000","7,663,000","6,972,000","7,247,000","6,994,000","6,879,000","6,500,000","6,600,000","6,500,000","6,000,000","5,200,000","5,500,000","4,600,000","4,100,000","3,900,000","3,300,000","3,200,000","2,700,000","2,700,000","2,100,000","2,100,000","1,600,000","1,400,000","1,300,000","1,300,000","1,200,000","1,200,000","1,100,000",,,,,,
		DepreciationAndAmortizationInIncomeStatement,"232,400,000","59,100,000","58,100,000","56,700,000","58,500,000","56,900,000","56,500,000","56,400,000","57,400,000","57,000,000","56,100,000","54,800,000","54,400,000","54,000,000","53,400,000","53,400,000","54,300,000","54,100,000","54,200,000","54,000,000","55,000,000","55,200,000","55,300,000","55,100,000","55,500,000","56,100,000","53,900,000","54,400,000","54,900,000","55,300,000","55,200,000","54,000,000","52,700,000","51,900,000","51,300,000","49,900,000","50,100,000","41,100,000","42,200,000","37,300,000","36,500,000","35,500,000","34,400,000","34,200,000","31,500,000","33,000,000","31,701,000","29,847,000","29,977,000","29,078,000","29,032,000","30,425,000","29,580,000","29,847,000","28,104,000","27,010,000","21,445,000","21,365,000","22,421,000","19,791,000","19,210,000","18,451,000","17,342,000","16,511,000","16,800,000","11,821,000","11,825,000","11,537,000","12,107,000","11,162,000","11,481,000","11,034,000","11,066,000","11,046,000","13,463,000","8,371,000","7,532,000","7,504,000","7,249,000","7,365,000","7,111,000","6,821,000","8,410,000","8,433,000","7,831,000","7,663,000","6,972,000","7,247,000","6,994,000","6,879,000","6,500,000","6,600,000","6,500,000","6,000,000","5,200,000","5,500,000","4,600,000","4,100,000","3,900,000","3,300,000","3,200,000","2,700,000","2,700,000","2,100,000","2,100,000","1,600,000","1,400,000","1,300,000","1,300,000","1,200,000","1,200,000","1,100,000",,,,,,
	OtherOperatingExpenses,,,,,,,,,,,,,,,,,,,,,,,,,,,,,,,,,,,,,,,,,,,,,,,,,,,,,,,,,,,,,,,,,,,,,,,,,,,,"-872,000","-311,000","-306,000",,"5,365,000","5,065,000","-376,826,000",,"5,192,000","-369,763,000","-384,381,000",,,,,,,,,,,,,,,,,,,,,,,,,,,,,,,,
OperatingIncome,"2,277,000,000","716,100,000","552,900,000","547,600,000","460,400,000","378,300,000","170,100,000","170,500,000","118,800,000","201,000,000","212,100,000","241,200,000","267,800,000","280,800,000","138,800,000","249,900,000","327,300,000","246,400,000","132,200,000","161,500,000","171,200,000","190,200,000","106,000,000","145,200,000","173,100,000","129,800,000","105,300,000","155,000,000","160,200,000","169,300,000","126,900,000","151,300,000","175,700,000","154,300,000","119,700,000","163,100,000","145,500,000","130,000,000","128,000,000","152,600,000","186,200,000","184,600,000","112,300,000","140,100,000","165,600,000","154,800,000","78,162,000","88,187,000","114,611,000","79,761,000","122,718,000","74,283,000","5,430,000","47,961,000","127,250,000","268,592,000","267,907,000","189,222,000","153,094,000","168,156,000","216,071,000","198,823,000","139,512,000","192,842,000","178,182,000","122,594,000","107,997,000","88,276,000","87,256,000","83,657,000","68,067,000","83,324,000","98,064,000","58,385,000","19,987,000","28,513,000","15,005,000","14,321,000","25,839,000","16,414,000","17,653,000","393,841,000","30,412,000","13,162,000","394,495,000","412,735,000","27,843,000","32,113,000","32,169,000","30,813,000","30,200,000","27,900,000","26,500,000","24,900,000","22,600,000","23,000,000","22,200,000","21,200,000","18,000,000","15,800,000","13,800,000","11,800,000","10,700,000","11,100,000","11,400,000","10,400,000","9,000,000","8,100,000","9,000,000","8,600,000","6,100,000","6,900,000","107,000,000","107,000,000","-261,100,000","92,800,000","92,800,000","92,800,000"
NetNonOperatingInterestIncomeExpense,"-148,100,000","-15,600,000","-101,200,000","-15,600,000","-15,700,000","-15,700,000","-95,100,000","-15,700,000","-14,600,000","-16,900,000","-90,500,000","-20,500,000","-23,700,000","-24,200,000","-93,700,000","-22,000,000","-21,300,000","-19,300,000","-85,500,000","-19,100,000","-18,500,000","-17,300,000","-80,100,000","-22,200,000","-21,700,000","-21,700,000","-77,400,000","-21,200,000","-21,500,000","-20,600,000","-71,800,000","-20,800,000","-20,200,000","-20,200,000","-67,500,000","-21,600,000","-22,100,000","-13,100,000","-57,000,000","-14,700,000","-15,000,000","-14,500,000","-14,700,000","-15,000,000","-15,500,000","-14,600,000","-15,169,000","-15,276,000","-15,647,000","-15,083,000","-15,593,000","-15,916,000","-16,698,000","-19,316,000",,,,,,,,,,,,,,,,,,,,,,,,,,,,,,,,,,,,,,,,,,,,,,,,,,,,,,,,,,,,,,,,
	InterestExpenseNonOperating,"148,100,000","15,600,000","101,200,000","15,600,000","15,700,000","15,700,000","95,100,000","15,700,000","14,600,000","16,900,000","90,500,000","20,500,000","23,700,000","24,200,000","93,700,000","22,000,000","21,300,000","19,300,000","85,500,000","19,100,000","18,500,000","17,300,000","81,100,000","22,200,000","21,700,000","21,700,000","78,400,000","21,200,000","21,500,000","20,600,000","73,200,000","20,800,000","20,200,000","20,200,000","68,500,000","21,600,000","22,100,000","13,100,000","58,400,000","14,700,000","15,000,000","14,500,000","14,700,000","15,000,000","15,500,000","14,600,000","15,169,000","15,276,000","15,647,000","15,083,000","15,593,000","15,916,000","16,698,000","19,316,000",,,,,,,,,,,,,,,,,,,,,,,,,,,,,,,,,,,,,,,,,,,,,,,,,,,,,,,,,,,,,,,,
OtherIncomeExpense,"92,400,000","-3,300,000","95,700,000","600,000","-600,000","-3,600,000","91,100,000","-27,800,000","-2,200,000","-101,000,000","88,000,000","-2,300,000","1,700,000","-1,100,000","78,800,000","-33,000,000","600,000","-1,900,000","74,000,000","-200,000","-300,000","-4,400,000","72,000,000","-52,500,000","200,000","1,100,000","66,600,000","-56,100,000","-2,800,000","1,900,000","72,500,000","-100,000","-1,300,000",,"40,800,000","1,200,000","-600,000","2,900,000","50,300,000","5,900,000","-3,500,000","6,500,000","800,000","-6,500,000","4,100,000","200,000","-2,522,000","513,000","-2,236,000","1,127,000","5,724,000","3,144,000","1,832,000","1,924,000","-3,744,000","-68,000","-499,000","-387,000","5,161,000","2,063,000","2,333,000","374,000","2,127,000","1,987,000","376,000","1,278,000","962,000","1,345,000","699,000","665,000","1,792,000","483,000","1,386,000","507,000","548,000","585,000","1,141,000","563,000","1,646,000","384,000","743,000","758,000","1,236,000","879,000","1,146,000","821,000","1,143,000","1,167,000","1,713,000","1,694,000","1,800,000","2,300,000","2,100,000","4,100,000","2,200,000","2,100,000","2,300,000","2,200,000","3,000,000","1,700,000","3,000,000","1,700,000","2,500,000","1,500,000","2,700,000","3,200,000","3,700,000","600,000","1,000,000","1,200,000","300,000","300,000",,,,,,
	EarningsFromEquityInterest,,,,,,,,,,,,,,,,,,,,,,,,,,,,,,,,,,,,,,,,,,,,,,,,,,,,,,,,,,,,,,,,,,,,,,,,,,,,,,,"0",,"140,000","124,000","-53,000","-44,000","99,000","284,000",,,,,,,,,,,,,,,,,,,,,,,,,,,,,,,,
	SpecialIncomeCharges,,,"-4,700,000","0","0","0","-100,000","-10,000,000","-200,000","-97,700,000","0","0","-1,200,000",,"-1,500,000","-35,500,000",,,"-1,400,000","-2,800,000",,,"-700,000","-51,700,000",,,"0","-53,300,000",,,"0",,,,"-14,900,000",,,,"-6,000,000","5,900,000","-3,500,000","6,500,000","800,000","-6,500,000","4,100,000","200,000","-2,522,000","513,000","-2,236,000","1,127,000","5,724,000","3,144,000","1,832,000","1,924,000","-3,744,000","-68,000","-499,000","-387,000","5,161,000","2,063,000","2,333,000","374,000","2,127,000","1,987,000","376,000","1,278,000","962,000","1,345,000","699,000","665,000","1,792,000","483,000","1,386,000","507,000","548,000","585,000","1,141,000","563,000","1,646,000","384,000","603,000","634,000","1,289,000","923,000","1,047,000","537,000","1,143,000","1,167,000","1,713,000","1,694,000","1,800,000","2,300,000","2,100,000","4,100,000","2,200,000","2,100,000","2,300,000","2,200,000","3,000,000","1,700,000","3,000,000","1,700,000","2,500,000","1,500,000","2,700,000","3,200,000","3,700,000","600,000","1,000,000","1,200,000","300,000","300,000",,,,,,
		ImpairmentOfCapitalAssets,,,"4,700,000","0","0","0","100,000","10,000,000","200,000","97,700,000","0","0","1,200,000",,"1,500,000","35,500,000",,,"1,400,000","2,800,000",,,"700,000","51,700,000",,,"0","53,300,000",,,"0",,,,"14,900,000",,,,,,,,,,,,,,,,,,,,,,,,,,,,,,,,,,,,,,,,,,,,,,,,,,,,,,,,,,,,,,,,,,,,,,,,,,,,,,,,,,,
	OtherNonOperatingIncomeExpenses,"12,400,000","-3,300,000","15,700,000","600,000","-600,000","-3,600,000","14,200,000","-17,800,000","-2,000,000","-3,300,000","17,800,000","-2,300,000","2,900,000","-1,100,000","12,300,000","2,500,000","600,000","-1,900,000","13,900,000","2,600,000","-300,000","-4,400,000","9,400,000","-800,000","200,000","1,100,000","11,300,000","-2,800,000","-2,800,000","1,900,000","4,500,000","-100,000","-1,300,000",,"7,900,000","1,200,000","-600,000","2,900,000","-300,000",,,,,,,,,,,,,,,,,,,,,,,,,,,,,,,,,,,,,,,,,,,,,,,,,,,,,,,,,,,,,,,,,,,,,,,,,,,,,,,
PretaxIncome,"2,221,300,000","697,200,000","547,400,000","532,600,000","444,100,000","359,000,000","166,100,000","127,000,000","102,000,000","83,100,000","209,600,000","218,400,000","245,800,000","255,500,000","123,900,000","194,900,000","306,600,000","225,200,000","120,700,000","142,200,000","152,400,000","168,500,000","97,900,000","70,500,000","151,600,000","109,200,000","94,500,000","77,700,000","135,900,000","150,600,000","127,600,000","130,400,000","154,200,000","134,100,000","93,000,000","142,700,000","122,800,000","119,800,000","121,300,000","143,800,000","167,700,000","176,600,000","98,400,000","118,600,000","154,200,000","140,400,000","60,471,000","73,424,000","96,728,000","65,805,000","112,849,000","61,511,000","-9,436,000","30,569,000","97,604,000","244,625,000","251,247,000","172,222,000","129,522,000","149,702,000","196,456,000","178,713,000","119,737,000","173,393,000","161,164,000","116,838,000","99,584,000","79,738,000","79,110,000","74,780,000","60,909,000","72,891,000","87,010,000","49,158,000","14,763,000","20,364,000","10,532,000","9,197,000","2,982,000","16,499,000","17,836,000","12,403,000","7,417,000","13,118,000","18,633,000","20,991,000","21,504,000","26,371,000","27,828,000","26,884,000","26,400,000","24,400,000","22,600,000","23,300,000","18,900,000","20,200,000","21,200,000","20,000,000","18,100,000","14,500,000","14,000,000","11,500,000","11,300,000","11,900,000","13,200,000","13,200,000","9,500,000","9,800,000","9,700,000","9,600,000","6,000,000","6,600,000",,,,,,
TaxProvision,"547,500,000","172,600,000","125,100,000","135,900,000","113,900,000","90,800,000","35,600,000","28,700,000","21,300,000","20,200,000","43,300,000","54,500,000","61,500,000","63,900,000","36,600,000","44,600,000","73,500,000","54,100,000","-183,100,000","43,200,000","47,600,000","55,100,000","35,000,000","19,900,000","49,500,000","15,700,000","25,600,000","24,900,000","44,300,000","47,700,000","33,900,000","33,500,000","56,400,000","46,200,000","30,700,000","46,700,000","40,900,000","35,300,000","40,500,000","44,400,000","57,500,000","58,700,000","29,300,000","32,300,000","54,000,000","46,800,000","19,699,000","24,139,000","33,923,000","20,818,000","20,582,000","19,434,000","-3,880,000","10,181,000","31,316,000","92,127,000","94,651,000","64,827,000","49,612,000","56,137,000","73,672,000","67,017,000","45,095,000","65,888,000","60,659,000","44,983,000","38,996,000","30,301,000","30,061,000","28,417,000","17,957,000","28,751,000","34,213,000","19,319,000","5,077,000","8,011,000","4,140,000","3,618,000","1,045,000","6,534,000","7,062,000","4,912,000","3,043,000","5,326,000","7,215,000","8,239,000","7,835,000","10,548,000","11,132,000","10,753,000","11,100,000","9,600,000","8,900,000","9,200,000","7,400,000","8,300,000","8,700,000","8,200,000","7,600,000","6,100,000","5,600,000","4,600,000","4,100,000","4,900,000","5,400,000","5,400,000","3,700,000","4,100,000","4,100,000","4,000,000","2,200,000","2,800,000",,,,,,
NetIncomeCommonStockholders,"1,669,400,000","523,300,000","421,300,000","395,700,000","329,100,000","266,900,000","129,600,000","97,600,000","80,200,000","61,700,000","165,600,000","162,700,000","183,100,000","190,100,000","85,600,000","148,300,000","230,800,000","169,000,000","301,400,000","97,300,000","103,000,000","111,700,000","61,700,000","49,500,000","100,900,000","92,200,000","68,600,000","51,400,000","90,200,000","101,300,000","92,300,000","95,500,000","96,500,000","87,200,000","61,800,000","95,100,000","81,000,000","83,700,000","80,400,000","98,100,000","108,800,000","116,200,000","67,900,000","84,900,000","98,700,000","92,300,000","39,454,000","48,650,000","61,599,000","44,650,000","92,070,000","41,757,000","-5,787,000","20,118,000","66,288,000","152,498,000","156,596,000","107,395,000","79,910,000","93,565,000","122,784,000","111,696,000","74,642,000","107,505,000","100,505,000","71,855,000","60,588,000","49,437,000","49,049,000","46,363,000","42,952,000","44,140,000","52,797,000","29,839,000","9,686,000","12,353,000","6,392,000","5,579,000","1,937,000","9,965,000","10,774,000","7,491,000","4,374,000","7,792,000","11,418,000","12,752,000","13,669,000","15,823,000","16,696,000","16,131,000","15,300,000","14,800,000","13,700,000","14,100,000","11,500,000","11,900,000","12,500,000","11,800,000","10,500,000","8,400,000","8,400,000","6,900,000","7,200,000","7,000,000","7,800,000","7,800,000","5,800,000","5,700,000","5,600,000","5,600,000","3,800,000","3,800,000","3,400,000","3,400,000","2,300,000","2,300,000","2,300,000","2,300,000"
	NetIncome,"1,669,400,000","523,300,000","421,300,000","395,700,000","329,100,000","266,900,000","129,600,000","97,600,000","80,200,000","61,700,000","165,600,000","162,700,000","183,100,000","190,100,000","85,600,000","148,300,000","230,800,000","169,000,000","301,400,000","97,300,000","103,000,000","111,700,000","61,700,000","49,500,000","100,900,000","92,200,000","68,600,000","51,400,000","90,200,000","101,300,000","92,300,000","95,500,000","96,500,000","87,200,000","61,800,000","95,100,000","81,000,000","83,700,000","80,400,000","98,100,000","108,800,000","116,200,000","67,900,000","84,900,000","98,700,000","92,300,000","39,454,000","48,650,000","61,599,000","44,650,000","92,070,000","41,757,000","-5,787,000","20,118,000","66,288,000","152,498,000","156,596,000","107,395,000","79,910,000","93,565,000","122,784,000","111,696,000","74,642,000","107,505,000","100,505,000","71,855,000","60,588,000","49,437,000","49,049,000","46,363,000","42,952,000","44,140,000","52,797,000","29,839,000","9,686,000","12,353,000","6,392,000","5,579,000","1,937,000","9,965,000","10,774,000","7,491,000","4,374,000","7,792,000","11,418,000","12,752,000","13,669,000","15,823,000","16,696,000","16,131,000","15,300,000","14,800,000","13,700,000","14,100,000","11,500,000","11,900,000","12,500,000","11,800,000","10,500,000","8,400,000","8,400,000","6,900,000","7,200,000","7,000,000","7,800,000","7,800,000","5,800,000","5,700,000","5,600,000","5,600,000","3,800,000","3,800,000","3,400,000","3,400,000","2,300,000","2,300,000","2,300,000","2,300,000"
		NetIncomeIncludingNoncontrollingInterests,"1,673,800,000","524,600,000","422,300,000","396,700,000","330,200,000","268,200,000","130,500,000","98,300,000","80,700,000","62,900,000","166,300,000","163,900,000","184,300,000","191,600,000","87,300,000","150,300,000","233,100,000","171,100,000","303,800,000","99,000,000","104,800,000","113,400,000","62,900,000","50,600,000","102,100,000","93,500,000","68,900,000","52,800,000","91,600,000","102,900,000","93,700,000","96,900,000","97,800,000","87,900,000","62,300,000","96,000,000","81,900,000","84,500,000","80,800,000","99,400,000","110,200,000","117,900,000","69,100,000","86,300,000","100,200,000","93,600,000","40,772,000","49,285,000","62,805,000","44,987,000","92,267,000","42,077,000","-5,556,000","20,388,000","66,288,000","152,498,000","156,596,000","107,395,000","80,244,000","93,565,000","122,784,000","111,696,000","74,721,000","107,600,000","100,590,000","71,902,000","63,069,000","51,192,000","50,989,000","48,939,000","43,236,000","47,493,000","56,595,000","31,586,000","9,281,000","12,253,000","6,184,000","5,354,000","2,189,000","9,880,000","10,731,000","7,491,000","4,374,000","7,792,000","11,418,000","12,752,000","13,669,000","15,823,000","16,696,000","16,131,000","15,300,000","14,800,000","13,700,000","14,100,000","11,500,000","11,900,000","12,500,000","11,800,000","10,500,000","8,400,000","8,400,000","6,900,000","7,200,000","7,000,000","7,800,000","7,800,000","8,400,000","4,200,000","5,600,000","5,600,000","3,800,000","3,800,000","3,400,000","3,400,000","2,300,000","2,300,000","2,300,000","2,300,000"
			NetIncomeContinuousOperations,"1,673,800,000","524,600,000","422,300,000","396,700,000","330,200,000","268,200,000","130,500,000","98,300,000","80,700,000","62,900,000","166,300,000","163,900,000","184,300,000","191,600,000","87,300,000","150,300,000","233,100,000","171,100,000","303,800,000","99,000,000","104,800,000","113,400,000","62,900,000","50,600,000","102,100,000","93,500,000","68,900,000","52,800,000","91,600,000","102,900,000","93,700,000","96,900,000","97,800,000","87,900,000","62,300,000","96,000,000","81,900,000","84,500,000","80,800,000","99,400,000","110,200,000","117,900,000","69,100,000","86,300,000","100,200,000","93,600,000","40,772,000","49,285,000","62,805,000","44,987,000","92,267,000","42,077,000","-5,556,000","20,388,000","66,288,000","152,498,000","156,596,000","107,395,000","79,910,000","93,565,000","122,784,000","111,696,000","74,642,000","107,505,000","100,505,000","71,855,000","60,588,000","49,437,000","49,049,000","46,363,000","42,952,000","44,140,000","52,797,000","29,839,000","9,686,000","12,353,000","6,392,000","5,579,000","1,937,000","9,965,000","10,774,000","7,491,000","4,374,000","7,792,000","11,418,000","12,752,000","13,669,000","15,823,000","16,696,000","16,131,000","15,300,000","14,800,000","13,700,000","14,100,000","11,500,000","11,900,000","12,500,000","11,800,000","10,500,000","8,400,000","8,400,000","6,900,000","7,200,000","7,000,000","7,800,000","7,800,000","5,800,000","5,700,000","5,600,000","5,600,000","3,800,000","3,800,000","3,400,000","3,400,000","2,300,000","2,300,000","2,300,000","2,300,000"
		MinorityInterests,"-4,400,000","-1,300,000","-1,000,000","-1,000,000","-1,100,000","-1,300,000","-900,000","-700,000","-500,000","-1,200,000","-700,000","-1,200,000","-1,200,000","-1,500,000","-1,700,000","-2,000,000","-2,300,000","-2,100,000","-2,400,000","-1,700,000","-1,800,000","-1,700,000","-1,200,000","-1,100,000","-1,200,000","-1,300,000","-300,000","-1,400,000","-1,400,000","-1,600,000","-1,400,000","-1,400,000","-1,300,000","-700,000","-500,000","-900,000","-900,000","-800,000","-400,000","-1,300,000","-1,400,000","-1,700,000","-1,200,000","-1,400,000","-1,500,000","-1,300,000","-1,318,000","-635,000","-1,206,000","-337,000","-197,000","-320,000","-231,000","-270,000",,,,,,,,,"-79,000","-95,000","-85,000","-47,000","-2,481,000","-1,755,000","-1,940,000","-2,576,000","-284,000","-3,353,000","-3,798,000","-1,747,000","405,000","100,000","208,000","225,000","-252,000","85,000","43,000",,,,,,,,,,,,,,,,,,,,,,,,,,,"1,500,000",,,,,,,,,,
DilutedNIAvailtoComStockholders,"1,669,400,000","523,300,000","421,300,000","395,700,000","329,100,000","266,900,000","129,600,000","97,600,000","80,200,000","61,700,000","165,600,000","162,700,000","183,100,000","190,100,000","85,600,000","148,300,000","230,800,000","169,000,000","301,400,000","97,300,000","103,000,000","111,700,000","61,700,000","49,500,000","100,900,000","92,200,000","68,600,000","51,400,000","90,200,000","101,300,000","92,300,000","95,500,000","96,500,000","87,200,000","61,800,000","95,100,000","81,000,000","83,700,000","80,400,000","98,100,000","108,800,000","116,200,000","67,900,000","84,900,000","98,700,000","92,300,000","39,454,000","48,650,000","61,599,000","44,650,000","92,070,000","41,757,000","-5,787,000","20,118,000","66,288,000","152,498,000","156,596,000","107,395,000","79,910,000","93,565,000","122,784,000","111,696,000","74,642,000","107,505,000","100,505,000","71,855,000","60,588,000","49,437,000","49,049,000","46,363,000","42,952,000","44,140,000","52,797,000","29,839,000","9,686,000","12,353,000","6,392,000","5,579,000","1,937,000","9,965,000","10,774,000","7,491,000","4,374,000","7,792,000","11,418,000","12,752,000","13,669,000","15,823,000","16,696,000","16,131,000","15,300,000","14,800,000","13,700,000","14,100,000","11,500,000","11,900,000","12,500,000","11,800,000","10,500,000","8,400,000","8,400,000","6,900,000","7,200,000","7,000,000","7,800,000","7,800,000","5,800,000","5,700,000","5,600,000","5,600,000","3,800,000","3,800,000","3,400,000","3,400,000","2,300,000","2,300,000","2,300,000","2,300,000"
BasicEPS,,"8.46","6.76","6.25","5.17","4.19","2.04","1.53","1.26","0.93","2.48","2.44","2.73","2.83","1.23","2.06","3.19","2.32","4.14","1.33","1.41","1.53","0.85","0.68","1.39","1.28","0.96","0.7","1.21","1.31","1.19","1.23","1.24","1.13","0.8","1.23","1.06","1.1","1.06","1.3","1.45","1.55",,"1.13","1.32","1.24",,"0.65","0.83","0.6",,"0.57","-0.08","0.27",,"2.08","2.14","1.47",,"1.24","1.61","1.47",,"1.42","1.34","1.085",,"0.75","0.745","0.705",,"0.68","0.815","0.46",,"0.195","0.1","0.09",,"0.155","0.17","0.12",,"0.125","0.225","0.255",,"0.29","0.3","0.29",,"0.265","0.245","0.255",,"0.21","0.22","0.205",,"0.185","0.185","0.15",,"0.15","0.165","0.17",,"0.125","0.125","0.115",,"0.105","0.105","0.105",,"0.07","0.07","0.07"
DilutedEPS,,"8.33","6.64","6.15","5.08","4.12","2.01","1.51","1.24","0.92","2.44","2.4","2.69","2.8","1.22","2.03","3.16","2.3","4.09","1.32","1.4","1.52","0.84","0.68","1.38","1.27","0.94","0.69","1.2","1.3","1.18","1.21","1.22","1.11","0.79","1.22","1.05","1.09","1.06","1.3","1.44","1.54",,"1.13","1.31","1.23",,"0.65","0.83","0.6",,"0.57","-0.08","0.27",,"2.07","2.12","1.46",,"1.22","1.59","1.46",,"1.41","1.32","1.07",,"0.745","0.74","0.705",,"0.675","0.81","0.46",,"0.195","0.1","0.09",,"0.155","0.17","0.12",,"0.125","0.225","0.25",,"0.285","0.3","0.29",,"0.265","0.245","0.255",,"0.21","0.22","0.205",,"0.185","0.185","0.15",,"0.15","0.165","0.17",,"0.125","0.125","0.115",,"0.105","0.105","0.105",,"0.07","0.07","0.07"
BasicAverageShares,,"61,833,000","62,299,000","63,275,000","63,663,000","63,645,000","63,583,000","63,758,000","63,647,000","66,337,000","66,719,000","66,656,000","67,045,000","67,127,000","69,593,496","71,990,291","72,351,097","72,844,828","72,801,932","73,157,895","73,049,645","73,006,536","72,588,235","72,794,118","72,589,928","72,031,250","71,458,333","73,428,571","74,545,455","77,328,244","77,563,025","77,642,276","77,822,581","77,168,142","77,250,000","77,317,073","76,415,094","76,090,909","75,849,057","75,461,538","75,034,483","74,967,742",,"75,132,743","74,772,727","74,435,484",,"74,292,161","74,220,164","73,862,445",,"73,478,197","73,376,023","73,317,140",,"73,238,881","73,015,855","72,857,477",,"75,609,783","76,219,670","75,862,219",,"75,451,585","75,115,438","66,279,524",,"65,933,804","65,831,694","65,562,782",,"65,091,998","64,892,788","64,586,320",,"63,630,428","63,532,994","63,511,218",,"63,439,944","63,367,200","63,181,706",,"62,561,420","50,436,024","50,344,748",,"55,008,000","55,586,000","55,570,000",,"55,849,057","55,918,367","55,294,118",,"56,666,667","56,818,182","57,560,976",,"45,405,405","45,405,405","46,000,000",,"46,666,667","47,272,727","45,882,353",,"45,600,000","44,800,000","48,695,652",,"36,190,476","32,380,952","32,380,952",,"32,857,143","32,857,143","32,857,143"
DilutedAverageShares,,"62,784,000","63,468,000","64,350,000","64,793,000","64,711,000","64,548,000","64,688,000","64,582,000","67,248,000","67,818,000","67,704,000","67,977,000","67,926,000","70,380,000","72,981,230","72,987,798","73,450,365","73,624,388","73,617,479","73,500,701","73,415,365","73,338,628","73,280,797","73,112,808","72,708,349","72,614,482","74,136,193","75,094,062","77,832,320","78,440,744","78,884,181","78,777,752","78,357,832","78,163,911","77,857,506","77,469,117","77,080,703","76,124,260","75,710,040","75,511,249","75,426,552",,"75,132,743","75,150,798","75,040,650",,"74,400,359","74,517,743","74,184,403",,"73,784,086","73,376,023","73,323,713",,"73,775,991","73,757,864","73,548,014",,"76,476,928","77,181,651","76,452,752",,"76,016,596","75,874,992","67,196,664",,"66,332,166","66,172,204","65,945,186",,"65,605,006","65,348,790","64,938,164",,"63,715,588","63,534,762","63,511,218",,"63,630,006","63,841,204","63,457,442",,"62,834,680","50,791,054","50,644,872",,"55,202,000","55,862,000","55,800,000",,"55,849,057","55,918,367","55,294,118",,"56,666,667","56,818,182","57,560,976",,"45,405,405","45,405,405","46,000,000",,"46,666,667","47,272,727","45,882,353",,"45,600,000","44,800,000","48,695,652",,"36,190,476","32,380,952","32,380,952",,"32,857,143","32,857,143","32,857,143"
TotalOperatingIncomeAsReported,"2,286,700,000","716,100,000","562,600,000","547,600,000","460,400,000","378,300,000","183,400,000","160,500,000","118,600,000","103,300,000","224,900,000","241,200,000","266,600,000","280,800,000","149,400,000","214,400,000","327,300,000","246,400,000","142,300,000","158,700,000","171,200,000","190,200,000","116,200,000","93,500,000","173,100,000","129,800,000","115,400,000","101,700,000","160,200,000","169,300,000","136,100,000","151,300,000","175,700,000","154,300,000","113,300,000","163,100,000","145,500,000","130,000,000","135,800,000","152,600,000","186,200,000","184,600,000","112,300,000","140,100,000","165,600,000","154,800,000","78,162,000","88,187,000","114,611,000","79,761,000","122,718,000","74,283,000","5,430,000","47,961,000","127,250,000","268,592,000","267,907,000","189,222,000","153,094,000","168,156,000","216,071,000","198,823,000","139,512,000","192,842,000","178,182,000","122,594,000","107,997,000","88,276,000","87,256,000","83,657,000","68,067,000","83,324,000","98,064,000","58,385,000","19,987,000","28,513,000","15,005,000","14,321,000","25,839,000","16,414,000","17,653,000","393,841,000","30,412,000","13,162,000","394,495,000","412,735,000","27,843,000","32,113,000","32,169,000","30,813,000","30,200,000","27,900,000","26,500,000","24,900,000","22,600,000","23,000,000","22,200,000","21,200,000","18,000,000","15,800,000","13,800,000","11,800,000","10,700,000","11,100,000","11,400,000","10,400,000","9,000,000","8,100,000","9,000,000","8,600,000","6,100,000","6,900,000",,,,,,
TotalExpenses,"13,463,700,000","3,769,700,000","3,435,800,000","3,299,800,000","2,958,400,000","2,460,100,000","1,964,000,000","1,915,100,000","1,900,500,000","2,371,900,000","2,235,700,000","2,444,700,000","2,615,700,000","2,675,800,000","2,675,200,000","2,724,600,000","2,661,600,000","2,510,700,000","2,244,200,000","2,288,600,000","2,304,000,000","2,229,100,000","1,955,600,000","2,040,000,000","2,030,800,000","2,032,900,000","1,920,900,000","2,131,200,000","2,263,500,000","2,445,100,000","2,449,800,000","2,553,800,000","2,441,100,000","2,398,700,000","2,187,000,000","2,280,400,000","2,302,800,000","1,895,300,000","1,761,000,000","1,902,700,000","2,023,500,000","2,103,700,000","1,921,600,000","1,998,500,000","1,883,900,000","1,757,900,000","1,506,175,000","1,565,611,000","1,505,974,000","1,374,314,000","1,150,528,000","1,169,090,000","1,237,548,000","1,510,574,000","2,015,520,000","2,304,244,000","1,827,161,000","1,718,948,000","1,562,498,000","1,643,936,000","1,682,298,000","1,643,441,000","1,431,807,000","1,435,353,000","1,381,416,000","866,670,000","761,643,000","783,193,000","729,785,000","728,915,000","676,544,000","700,829,000","664,102,000","597,887,000","465,207,000","462,074,000","441,324,000","436,502,000","411,940,000","438,426,000","432,513,000","11,645,000","351,609,000","416,904,000","17,487,000","20,707,000","383,426,000","411,539,000","408,734,000","400,028,000","344,200,000","352,200,000","358,200,000","347,000,000","330,700,000","334,800,000","304,000,000","294,300,000","243,800,000","238,400,000","230,000,000","189,800,000","167,600,000","142,300,000","153,200,000","147,200,000","139,700,000","127,200,000","131,800,000","127,900,000","111,100,000","108,800,000",,,,,,
NetIncomeFromContinuingAndDiscontinuedOperation,"1,669,400,000","523,300,000","421,300,000","395,700,000","329,100,000","266,900,000","129,600,000","97,600,000","80,200,000","61,700,000","165,600,000","162,700,000","183,100,000","190,100,000","85,600,000","148,300,000","230,800,000","169,000,000","301,400,000","97,300,000","103,000,000","111,700,000","61,700,000","49,500,000","100,900,000","92,200,000","68,600,000","51,400,000","90,200,000","101,300,000","92,300,000","95,500,000","96,500,000","87,200,000","61,800,000","95,100,000","81,000,000","83,700,000","80,400,000","98,100,000","108,800,000","116,200,000","67,900,000","84,900,000","98,700,000","92,300,000","39,454,000","48,650,000","61,599,000","44,650,000","92,070,000","41,757,000","-5,787,000","20,118,000","66,288,000","152,498,000","156,596,000","107,395,000","79,910,000","93,565,000","122,784,000","111,696,000","74,642,000","107,505,000","100,505,000","71,855,000","60,588,000","49,437,000","49,049,000","46,363,000","42,952,000","44,140,000","52,797,000","29,839,000","9,686,000","12,353,000","6,392,000","5,579,000","1,937,000","9,965,000","10,774,000","7,491,000","4,374,000","7,792,000","11,418,000","12,752,000","13,669,000","15,823,000","16,696,000","16,131,000","15,300,000","14,800,000","13,700,000","14,100,000","11,500,000","11,900,000","12,500,000","11,800,000","10,500,000","8,400,000","8,400,000","6,900,000","7,200,000","7,000,000","7,800,000","7,800,000","5,800,000","5,700,000","5,600,000","5,600,000","3,800,000","3,800,000","3,400,000","3,400,000","2,300,000","2,300,000","2,300,000","2,300,000"
NormalizedIncome,"1,609,118,183.046","523,300,000","359,582,791.377","395,700,000","329,100,000","266,900,000","69,181,878.387","105,340,000","80,358,200","135,658,900","109,902,194.656","162,700,000","184,000,000","190,100,000","38,744,067.797","175,670,500","230,800,000","169,000,000","265,340,000","99,248,800","103,000,000","111,700,000","21,929,724.208","86,620,600","100,900,000","92,200,000","28,280,740.741","87,590,700","90,200,000","101,300,000","92,300,000","95,500,000","96,500,000","87,200,000","61,800,000","95,100,000","81,000,000","83,700,000","53,821,929.101","94,023,100","111,099,500","111,858,000","67,338,211.382","89,629,763.912","96,035,797.665","92,166,666.667","41,154,434.655","48,305,654.759","63,050,823.464","43,879,536.525","87,389,973.522","39,606,326.332","-6,977,800","18,834,787.857","68,830,746.937","152,540,390.859","156,907,014.277","107,636,327.269","76,725,865.181","92,275,607.774","121,325,886.875","111,462,249.215","73,316,064.541","106,273,044.644","100,270,519.099","71,069,034.047","60,002,708.628","48,603,109.446","48,615,612.931","45,950,705.336","41,688,311.809","43,847,513.685","51,955,985.841","29,531,250.031","9,326,457.36","11,998,133.324","5,699,513.103","5,237,478.091","867,817.572","9,733,073.217","10,409,752.299","7,108,085.06","3,600,600","7,238,200","10,776,415.392","12,425,773.331","12,942,452.985","15,122,782.299","15,668,200","15,114,562.193","14,220,000","13,404,918.033","12,426,991.15","11,618,884.12","10,161,375.661","10,640,000","11,120,000","10,480,000","8,700,000","7,380,000","6,600,000","5,880,000","5,607,079.646","6,100,000","6,180,000","5,880,000","3,541,052.632","5,340,000","5,000,000","4,880,000","3,610,000","3,620,000","3,400,000","3,400,000","2,300,000","2,300,000","2,300,000","2,300,000"
InterestExpense,"148,100,000","15,600,000","101,200,000","15,600,000","15,700,000","15,700,000","95,100,000","15,700,000","14,600,000","16,900,000","90,500,000","20,500,000","23,700,000","24,200,000","93,700,000","22,000,000","21,300,000","19,300,000","85,500,000","19,100,000","18,500,000","17,300,000","81,100,000","22,200,000","21,700,000","21,700,000","78,400,000","21,200,000","21,500,000","20,600,000","73,200,000","20,800,000","20,200,000","20,200,000","68,500,000","21,600,000","22,100,000","13,100,000","58,400,000","14,700,000","15,000,000","14,500,000","14,700,000","15,000,000","15,500,000","14,600,000","15,169,000","15,276,000","15,647,000","15,083,000","15,593,000","15,916,000","16,698,000","19,316,000",,,,,,,,,,,,,,,,,,,,,,,,,,,,,,,,,,,,,,,,,,,,,,,,,,,,,,,,,,,,,,,,
NetInterestIncome,"-148,100,000","-15,600,000","-101,200,000","-15,600,000","-15,700,000","-15,700,000","-95,100,000","-15,700,000","-14,600,000","-16,900,000","-90,500,000","-20,500,000","-23,700,000","-24,200,000","-93,700,000","-22,000,000","-21,300,000","-19,300,000","-85,500,000","-19,100,000","-18,500,000","-17,300,000","-80,100,000","-22,200,000","-21,700,000","-21,700,000","-77,400,000","-21,200,000","-21,500,000","-20,600,000","-71,800,000","-20,800,000","-20,200,000","-20,200,000","-67,500,000","-21,600,000","-22,100,000","-13,100,000","-57,000,000","-14,700,000","-15,000,000","-14,500,000","-14,700,000","-15,000,000","-15,500,000","-14,600,000","-15,169,000","-15,276,000","-15,647,000","-15,083,000","-15,593,000","-15,916,000","-16,698,000","-19,316,000",,,,,,,,,,,,,,,,,,,,,,,,,,,,,,,,,,,,,,,,,,,,,,,,,,,,,,,,,,,,,,,,
EBIT,"2,369,400,000","712,800,000","648,600,000","548,200,000","459,800,000","374,700,000","261,200,000","142,700,000","116,600,000","100,000,000","300,100,000","238,900,000","269,500,000","279,700,000","217,600,000","216,900,000","327,900,000","244,500,000","206,200,000","161,300,000","170,900,000","185,800,000","179,000,000","92,700,000","173,300,000","130,900,000","172,900,000","98,900,000","157,400,000","171,200,000","200,800,000","151,200,000","174,400,000","154,300,000","161,500,000","164,300,000","144,900,000","132,900,000","179,700,000","158,500,000","182,700,000","191,100,000","113,100,000","133,600,000","169,700,000","155,000,000","75,640,000","88,700,000","112,375,000","80,888,000","128,442,000","77,427,000","7,262,000","49,885,000","122,552,000","268,592,000","267,907,000","189,222,000","153,094,000","168,156,000","216,071,000","198,823,000","139,512,000","192,842,000","178,182,000","122,594,000","107,997,000","88,276,000","87,256,000","83,657,000","68,067,000","83,324,000","98,064,000","58,385,000","19,987,000","28,513,000","15,005,000","14,321,000","25,839,000","16,414,000","17,653,000","393,841,000","30,412,000","13,162,000","394,495,000","412,735,000","27,843,000","32,113,000","32,169,000","30,813,000","30,200,000","27,900,000","26,500,000","24,900,000","22,600,000","23,000,000","22,200,000","21,200,000","18,000,000","15,800,000","13,800,000","11,800,000","10,700,000","11,100,000","11,400,000","10,400,000","9,000,000","8,100,000","9,000,000","8,600,000","6,100,000","6,900,000","107,000,000","107,000,000","-261,100,000","92,800,000","92,800,000","92,800,000"
EBITDA,"2,601,800,000"
ReconciledCostOfRevenue,"10,817,000,000","3,098,700,000","2,745,400,000","2,636,300,000","2,336,600,000","1,884,700,000","1,430,500,000","1,409,500,000","1,404,600,000","1,792,200,000","1,653,600,000","1,871,200,000","2,029,900,000","2,089,700,000","2,104,200,000","2,140,200,000","2,071,400,000","1,937,200,000","1,697,800,000","1,764,600,000","1,773,100,000","1,697,700,000","1,447,700,000","1,530,600,000","1,518,800,000","1,526,000,000","1,444,200,000","1,647,900,000","1,767,800,000","1,943,700,000","1,954,400,000","2,026,900,000","1,943,500,000","1,905,800,000","1,702,500,000","1,800,500,000","1,826,700,000","1,496,500,000","1,364,600,000","1,520,000,000","1,640,300,000","1,710,500,000","1,558,900,000","1,644,700,000","1,538,700,000","1,406,400,000","1,190,486,000","1,257,629,000","1,203,810,000","1,075,962,000","867,521,000","886,904,000","960,093,000","1,204,093,000","1,683,935,000","1,948,788,000","1,508,134,000","1,415,891,000","1,278,056,000","1,372,128,000","1,398,539,000","1,369,438,000","1,180,467,000","1,195,026,000","1,140,241,000","717,801,000","617,526,000","641,396,000","594,107,000","595,971,000","541,452,000","568,748,000","532,313,000","468,335,000","352,308,000","351,625,000","336,957,000","331,420,000","320,866,000","329,321,000","324,123,000","293,941,000","273,093,000","311,671,000","297,170,000","312,578,000","296,152,000","325,254,000","321,738,000","313,853,000","261,100,000","275,200,000","282,600,000","278,500,000","262,600,000","271,500,000","248,400,000","241,700,000","196,400,000","197,600,000","187,900,000","155,500,000","130,300,000","115,800,000","125,500,000","120,600,000","113,100,000","103,700,000","109,500,000","105,700,000","89,400,000","89,000,000",,,,,,
ReconciledDepreciation,"232,400,000","59,100,000","58,100,000","56,700,000","58,500,000","56,900,000","56,500,000","56,400,000","57,400,000","57,000,000","56,100,000","54,800,000","54,400,000","54,000,000","53,400,000","53,400,000","54,300,000","54,100,000","54,200,000","54,000,000","55,000,000","55,200,000","55,300,000","55,100,000","55,500,000","56,100,000","53,900,000","54,400,000","54,900,000","55,300,000","55,200,000","54,000,000","52,700,000","51,900,000","51,300,000","49,900,000","50,100,000","41,100,000","42,200,000","37,300,000","36,500,000","35,500,000","34,400,000","34,200,000","31,500,000","33,000,000","31,701,000","29,847,000","29,977,000","29,078,000","29,032,000","30,425,000","29,580,000","29,847,000","28,104,000","27,010,000","21,445,000","21,365,000","22,421,000","19,791,000","19,210,000","18,451,000","16,972,000","15,624,000","15,908,000","11,821,000","11,825,000","11,537,000","12,107,000","11,162,000","11,481,000","11,034,000","11,066,000","11,046,000","10,711,000","11,123,000","7,532,000","7,504,000","7,249,000","7,365,000","7,111,000","6,821,000","8,410,000","8,433,000","7,831,000","7,663,000","6,972,000","7,247,000","6,994,000","6,879,000","6,500,000","6,700,000","6,400,000","6,000,000","5,200,000","5,500,000","4,600,000","4,100,000","3,900,000","3,400,000","3,200,000","2,700,000","2,700,000","2,100,000","2,100,000","1,600,000","1,400,000","1,300,000","1,300,000","1,200,000","1,200,000","1,100,000",,,,,,
NetIncomeFromContinuingOperationNetMinorityInterest,"1,669,400,000","523,300,000","421,300,000","395,700,000","329,100,000","266,900,000","129,600,000","97,600,000","80,200,000","61,700,000","165,600,000","162,700,000","183,100,000","190,100,000","85,600,000","148,300,000","230,800,000","169,000,000","301,400,000","97,300,000","103,000,000","111,700,000","61,700,000","49,500,000","100,900,000","92,200,000","68,600,000","51,400,000","90,200,000","101,300,000","92,300,000","95,500,000","96,500,000","87,200,000","61,800,000","95,100,000","81,000,000","83,700,000","80,400,000","98,100,000","108,800,000","116,200,000","67,900,000","84,900,000","98,700,000","92,300,000","39,454,000","48,650,000","61,599,000","44,650,000","92,070,000","41,757,000","-5,787,000","20,118,000","66,288,000","152,498,000","156,596,000","107,395,000","79,910,000","93,565,000","122,784,000","111,696,000","74,642,000","107,505,000","100,505,000","71,855,000","60,588,000","49,437,000","49,049,000","46,363,000","42,952,000","44,140,000","52,797,000","29,839,000","9,686,000","12,353,000","6,392,000","5,579,000","1,937,000","9,965,000","10,774,000","7,491,000","4,374,000","7,792,000","11,418,000","12,752,000","13,669,000","15,823,000","16,696,000","16,131,000","15,300,000","14,800,000","13,700,000","14,100,000","11,500,000","11,900,000","12,500,000","11,800,000","10,500,000","8,400,000","8,400,000","6,900,000","7,200,000","7,000,000","7,800,000","7,800,000","5,800,000","5,700,000","5,600,000","5,600,000","3,800,000","3,800,000","3,400,000","3,400,000","2,300,000","2,300,000","2,300,000","2,300,000"
TotalUnusualItemsExcludingGoodwill,"80,000,000",,"80,000,000","0","0","0","76,900,000","-10,000,000","-200,000","-97,700,000","70,200,000","0","-1,200,000",,"66,500,000","-35,500,000",,,"60,100,000","-2,800,000",,,"61,900,000","-51,700,000",,,"55,300,000","-53,300,000",,,"0",,,,"-14,900,000",,,,"39,900,000","5,900,000","-3,500,000","6,500,000","800,000","-6,500,000","4,100,000","200,000","-2,522,000","513,000","-2,236,000","1,127,000","5,724,000","3,144,000","1,832,000","1,924,000","-3,744,000","-68,000","-499,000","-387,000","5,161,000","2,063,000","2,333,000","374,000","2,127,000","1,987,000","376,000","1,278,000","962,000","1,345,000","699,000","665,000","1,792,000","483,000","1,386,000","507,000","548,000","585,000","1,141,000","563,000","1,646,000","384,000","603,000","634,000","1,289,000","923,000","1,047,000","537,000","1,143,000","1,167,000","1,713,000","1,694,000","1,800,000","2,300,000","2,100,000","4,100,000","2,200,000","2,100,000","2,300,000","2,200,000","3,000,000","1,700,000","3,000,000","1,700,000","2,500,000","1,500,000","2,700,000","3,200,000","3,700,000","600,000","1,000,000","1,200,000","300,000","300,000",,,,,,
TotalUnusualItems,"80,000,000",,"80,000,000","0","0","0","76,900,000","-10,000,000","-200,000","-97,700,000","70,200,000","0","-1,200,000",,"66,500,000","-35,500,000",,,"60,100,000","-2,800,000",,,"61,900,000","-51,700,000",,,"55,300,000","-53,300,000",,,"0",,,,"-14,900,000",,,,"39,900,000","5,900,000","-3,500,000","6,500,000","800,000","-6,500,000","4,100,000","200,000","-2,522,000","513,000","-2,236,000","1,127,000","5,724,000","3,144,000","1,832,000","1,924,000","-3,744,000","-68,000","-499,000","-387,000","5,161,000","2,063,000","2,333,000","374,000","2,127,000","1,987,000","376,000","1,278,000","962,000","1,345,000","699,000","665,000","1,792,000","483,000","1,386,000","507,000","548,000","585,000","1,141,000","563,000","1,646,000","384,000","603,000","634,000","1,289,000","923,000","1,047,000","537,000","1,143,000","1,167,000","1,713,000","1,694,000","1,800,000","2,300,000","2,100,000","4,100,000","2,200,000","2,100,000","2,300,000","2,200,000","3,000,000","1,700,000","3,000,000","1,700,000","2,500,000","1,500,000","2,700,000","3,200,000","3,700,000","600,000","1,000,000","1,200,000","300,000","300,000",,,,,,
NormalizedEBITDA,"2,521,800,000","771,900,000","626,700,000","604,900,000","518,300,000","431,600,000","240,800,000","209,100,000","174,200,000","254,700,000","286,000,000","293,700,000","325,100,000","333,700,000","204,500,000","305,800,000","382,200,000","298,600,000","200,300,000","218,100,000","225,900,000","241,000,000","172,400,000","199,500,000","228,800,000","187,000,000","171,500,000","206,600,000","212,300,000","226,500,000","256,000,000","205,200,000","227,100,000","206,200,000","212,800,000","214,200,000","195,000,000","174,000,000","182,000,000","189,900,000","222,700,000","220,100,000","146,700,000","174,300,000","197,100,000","187,800,000","109,863,000","118,034,000","144,588,000","108,839,000","151,750,000","104,708,000","35,010,000","77,808,000","154,400,000","295,670,000","289,851,000","210,974,000","170,354,000","185,884,000","232,948,000","216,900,000","154,727,000","207,366,000","194,606,000","133,137,000","118,860,000","98,468,000","98,664,000","94,154,000","77,756,000","93,875,000","107,744,000","68,924,000","32,902,000","39,051,000","21,396,000","21,262,000","31,442,000","23,395,000","24,161,000","400,028,000","37,533,000","20,672,000","401,279,000","419,861,000","33,672,000","38,193,000","37,450,000","35,998,000","34,900,000","32,300,000","30,900,000","26,800,000","25,600,000","26,400,000","24,500,000","23,100,000","18,900,000","17,500,000","14,000,000","12,800,000","10,900,000","11,700,000","10,800,000","8,800,000","6,700,000","8,800,000","9,300,000","8,600,000","7,000,000","7,700,000","107,000,000","107,000,000","-261,100,000","92,800,000","92,800,000","92,800,000"
TaxRateForCalcs,"0.246","0.248","0.229","0.255","0.256","0.253","0.214","0.226","0.209","0.243","0.207","0.25","0.25","0.25","0.295","0.229","0.24","0.24","0.4","0.304","0.312","0.327","0.358","0.282","0.327","0.144","0.271","0.321","0.326","0.317","0.266","0.257","0.366","0.345","0.33","0.327","0.333","0.295","0.334","0.309","0.343","0.332","0.298","0.272","0.35","0.333","0.326","0.329","0.351","0.316","0.182","0.316","0.35","0.333","0.321","0.377","0.377","0.376","0.383","0.375","0.375","0.375","0.377","0.38","0.376","0.385","0.392","0.38","0.38","0.38","0.295","0.394","0.393","0.393","0.344","0.393","0.393","0.393","0.35","0.396","0.396","0.396","0.4","0.4","0.387","0.393","0.364","0.4","0.4","0.4","0.4","0.393","0.394","0.395","0.392","0.4","0.4","0.4","0.4","0.4","0.4","0.4","0.363","0.4","0.4","0.4","0.389","0.4","0.4","0.4","0.367","0.4","0.4","0.4","0.4","0.4","0.4","0.4"
TaxEffectOfUnusualItems,"19,718,183.046","0","18,282,791.377","0","0","0","16,481,878.387","-2,260,000","-41,800","-23,741,100","14,502,194.656","0","-300,000","0","19,644,067.797","-8,129,500","0","0","24,040,000","-851,200","0","0","22,129,724.208","-14,579,400","0","0","14,980,740.741","-17,109,300","0","0","0","0","0","0","0","0","0","0","13,321,929.101","1,823,100","-1,200,500","2,158,000","238,211.382","-1,770,236.088","1,435,797.665","66,666.667","-821,565.345","168,654.759","-784,176.536","356,536.525","1,043,973.522","993,326.332","641,200","640,787.857","-1,201,253.063","-25,609.141","-187,985.723","-145,672.731","1,976,865.181","773,607.774","874,886.875","140,249.215","801,064.541","755,044.644","141,519.099","492,034.047","376,708.628","511,109.446","265,612.931","252,705.336","528,311.809","190,513.685","544,985.841","199,250.031","188,457.36","230,133.324","448,513.103","221,478.091","576,817.572","152,073.217","238,752.299","251,085.06","515,600","369,200","405,415.392","210,773.331","416,452.985","466,782.299","685,200","677,562.193","720,000","904,918.033","826,991.15","1,618,884.12","861,375.661","840,000","920,000","880,000","1,200,000","680,000","1,200,000","680,000","907,079.646","600,000","1,080,000","1,280,000","1,441,052.632","240,000","400,000","480,000","110,000","120,000","0","0","0","0","0","0"