name,ttm,03/31/2022,12/31/2021,09/30/2021,06/30/2021,03/31/2021,12/31/2020,09/30/2020,06/30/2020,03/31/2020,12/31/2019,09/30/2019,06/30/2019,03/31/2019,12/31/2018,09/30/2018,06/30/2018,03/31/2018,12/31/2017,09/30/2017,06/30/2017,03/31/2017,12/31/2016,09/30/2016,06/30/2016,03/31/2016,12/31/2015,09/30/2015,06/30/2015,03/31/2015,12/31/2014,09/30/2014,06/30/2014,03/31/2014,12/31/2013,09/30/2013,06/30/2013,03/31/2013,12/31/2012,09/30/2012,06/30/2012,03/31/2012,12/31/2011,09/30/2011,06/30/2011,03/31/2011,12/31/2010,09/30/2010,06/30/2010,03/31/2010,12/31/2009,09/30/2009,06/30/2009,03/31/2009,12/31/2008,09/30/2008,06/30/2008,03/31/2008,12/31/2007,09/30/2007,06/30/2007,03/31/2007,12/31/2006,09/30/2006,06/30/2006,03/31/2006,12/31/2005,09/30/2005,06/30/2005,03/31/2005,12/31/2004,09/30/2004,06/30/2004,03/31/2004,12/31/2003,09/30/2003,06/30/2003,03/31/2003
TotalRevenue,"467,972,000","126,132,000","126,742,000","104,187,000","110,910,000","87,283,000","77,372,000","63,423,000","28,417,000","108,536,000","135,033,000","103,009,000","110,243,000","119,741,000","127,159,000","99,015,000","109,635,000","116,526,000","124,103,000","85,167,000","100,015,000","105,538,000","107,629,000","83,774,000","92,654,000","101,890,000","104,748,000","80,292,000","91,049,000","97,344,000","43,398,000","91,443,000","102,992,000","109,743,000","108,891,000","88,582,000","101,816,000","107,360,000","115,079,000","84,795,000","97,713,000","101,034,000","99,641,000","80,186,000","92,604,000","98,839,000","94,117,000","79,842,000","88,958,000","94,709,000","81,392,000","77,785,000","88,424,000","97,546,000","99,807,000","99,277,000","108,117,000","98,583,000","89,014,000","70,224,000","78,435,000","81,499,000","87,976,000","58,258,000","60,581,000","65,429,000","58,742,000","46,475,000","52,668,000","56,653,000","52,597,000","42,200,000","47,500,000","49,900,000","45,780,000","37,400,000","41,200,000","43,400,000"
	OperatingRevenue,"458,563,000","123,443,000","124,147,000","102,279,000","108,693,000","85,428,000","75,795,000","62,105,000","27,934,000","106,666,000","132,104,000","101,154,000","108,438,000","117,544,000","125,057,000","97,518,000","107,995,000","114,781,000","122,072,000","83,660,000","98,402,000","103,845,000","106,044,000","82,688,000","91,278,000","100,438,000","103,348,000","79,214,000","89,882,000","96,092,000","42,165,000","90,382,000","101,711,000","108,413,000","109,982,000","87,874,000","98,782,000","106,457,000","115,079,000","84,795,000","97,713,000","101,034,000","99,641,000","80,186,000","92,604,000","98,839,000","94,117,000","79,842,000","88,958,000","94,709,000","81,392,000","77,785,000","88,424,000","97,546,000","99,807,000","99,277,000","108,117,000","98,583,000","100,344,000","67,046,000","73,646,000","81,499,000","87,976,000","58,258,000","60,581,000","65,429,000","58,742,000","46,475,000","52,668,000","56,653,000","52,597,000","42,200,000","47,500,000","49,900,000","45,780,000","37,400,000","41,200,000","43,400,000"
CostOfRevenue,"340,868,000","93,251,000","91,179,000","79,431,000","77,007,000","60,504,000","54,464,000","50,776,000","34,303,000","86,180,000","96,650,000","80,033,000","80,179,000","85,451,000","88,148,000","76,066,000","79,071,000","83,084,000","86,747,000","67,914,000","73,119,000","74,026,000","75,026,000","64,272,000","68,409,000","72,367,000","74,691,000","63,030,000","66,426,000","69,801,000","21,637,000","75,819,000","80,296,000","83,025,000","83,710,000","73,250,000","76,711,000","81,455,000","87,827,000","71,065,000","76,550,000","78,698,000","78,705,000","67,522,000","71,987,000","76,285,000","73,615,000","66,233,000","69,696,000","73,529,000","62,072,000","64,958,000","69,136,000","78,315,000","82,162,000","81,786,000","83,186,000","75,921,000","66,412,000","55,086,000","57,543,000","59,868,000","61,041,000","45,129,000","43,056,000","47,264,000","41,825,000","35,355,000","38,712,000","39,811,000","19,868,000","38,900,000","42,700,000","42,900,000","18,941,000","35,500,000","37,500,000","37,800,000"
GrossProfit,"127,104,000","32,881,000","35,563,000","24,756,000","33,903,000","26,779,000","22,908,000","12,647,000","-5,886,000","22,356,000","38,383,000","22,976,000","30,064,000","34,290,000","39,011,000","22,949,000","30,564,000","33,442,000","37,356,000","17,253,000","26,896,000","31,512,000","32,603,000","19,502,000","24,245,000","29,523,000","30,057,000","17,262,000","24,623,000","27,543,000","21,761,000","15,624,000","22,696,000","26,718,000","25,181,000","15,332,000","25,105,000","25,905,000","27,252,000","13,730,000","21,163,000","22,336,000","20,936,000","12,664,000","20,617,000","22,554,000","20,502,000","13,609,000","19,262,000","21,180,000","19,320,000","12,827,000","19,288,000","19,231,000","17,645,000","17,491,000","24,931,000","22,662,000","22,602,000","15,138,000","20,892,000","21,631,000","26,935,000","13,129,000","17,525,000","18,165,000","16,917,000","11,120,000","13,956,000","16,842,000","32,729,000","3,300,000","4,800,000","7,000,000","26,839,000","1,900,000","3,700,000","5,600,000"
OperatingExpense,"73,509,000","19,830,000","20,708,000","15,723,000","17,249,000","14,697,000","17,906,000","14,180,000","14,379,000","17,768,000","19,983,000","17,405,000","18,418,000","17,447,000","20,299,000","18,095,000","18,859,000","17,054,000","17,547,000","14,266,000","15,351,000","15,267,000","17,540,000","13,901,000","13,784,000","13,089,000","17,059,000","13,107,000","13,219,000","11,335,000","9,400,000","12,152,000","12,512,000","12,900,000","16,080,000","12,671,000","14,219,000","12,860,000","21,703,000","11,905,000","12,285,000","12,333,000","13,778,000","11,004,000","12,179,000","12,545,000","13,685,000","12,018,000","12,117,000","11,981,000","15,659,000","11,454,000","14,603,000","12,370,000","13,994,000","16,061,000","20,193,000","13,403,000","14,512,000","11,212,000","11,866,000","13,381,000","14,829,000","9,849,000","10,008,000","9,139,000","10,485,000","7,780,000","7,639,000","7,208,000",,,,,,,,
	SellingGeneralAndAdministration,"50,962,000","14,156,000","14,643,000","10,157,000","12,006,000","9,189,000","12,154,000","8,461,000","8,553,000","11,469,000","13,134,000","11,509,000","13,050,000","12,380,000","14,906,000","12,622,000","13,914,000","12,453,000","13,101,000","10,293,000","11,447,000","10,583,000","13,692,000","9,892,000","9,676,000","9,634,000","13,481,000","9,754,000","9,893,000","8,040,000","7,590,000","8,447,000","9,016,000","9,363,000","12,592,000","9,293,000","10,939,000","9,254,000","13,798,000","8,328,000","8,646,000","8,626,000","9,895,000","7,388,000","8,530,000","8,834,000","9,887,000","8,179,000","8,260,000","8,094,000","10,592,000","7,237,000","9,528,000","8,131,000","9,082,000","11,353,000","15,821,000","9,856,000","11,193,000","8,165,000","8,968,000","10,253,000","11,487,000","7,647,000","7,916,000","7,115,000","5,816,000","6,168,000","6,039,000","5,591,000",,,,,,,,
		GeneralAndAdministrativeExpense,"34,576,000","9,241,000","8,840,000","7,721,000","8,774,000","7,196,000","10,580,000","7,572,000","7,066,000","8,031,000","8,627,000","8,335,000","8,929,000","8,751,000","10,197,000","8,809,000","9,274,000","8,976,000","9,433,000","7,096,000","8,035,000","8,137,000","9,420,000","7,346,000","7,058,000","7,664,000","8,908,000","7,442,000","7,445,000","6,447,000","4,866,000","5,914,000","6,411,000","7,120,000","8,555,000","7,257,000","7,339,000","7,253,000","8,951,000","6,114,000","6,227,000","6,886,000","5,790,000","5,783,000","5,353,000","5,877,000","6,496,000","5,380,000","5,359,000","5,570,000","7,111,000","5,417,000","5,624,000","5,625,000",,,,,,,,,,,,,,,,,,,,,,,,
			OtherGandA,"34,576,000","9,241,000","8,840,000","7,721,000","8,774,000","7,196,000","10,580,000","7,572,000","7,066,000","8,031,000","8,627,000","8,335,000","8,929,000","8,751,000","10,197,000","8,809,000","9,274,000","8,976,000","9,433,000","7,096,000","8,035,000","8,137,000","9,420,000","7,346,000","7,058,000","7,664,000","8,908,000","7,442,000","7,445,000","6,447,000","4,866,000","5,914,000","6,411,000","7,120,000","8,555,000","7,257,000","7,339,000","7,253,000","8,951,000","6,114,000","6,227,000","6,886,000","5,790,000","5,783,000","5,353,000","5,877,000","6,496,000","5,380,000","5,359,000","5,570,000","7,111,000","5,417,000","5,624,000","5,625,000",,,,,,,,,,,,,,,,,,,,,,,,
		SellingAndMarketingExpense,"16,386,000","4,915,000","5,803,000","2,436,000","3,232,000","1,993,000","1,574,000","889,000","1,487,000","3,438,000","4,507,000","3,174,000","4,121,000","3,629,000","4,709,000","3,813,000","4,640,000","3,477,000","3,668,000","3,197,000","3,412,000","2,446,000","4,272,000","2,546,000","2,618,000","1,970,000","4,573,000","2,312,000","2,448,000","1,593,000","2,724,000","2,533,000","2,605,000","2,243,000","4,037,000","2,036,000","3,600,000","2,001,000","4,847,000","2,214,000","2,419,000","1,740,000","4,105,000","1,605,000","3,177,000","2,957,000","3,391,000","2,799,000","2,901,000","2,524,000","3,481,000","1,820,000","3,904,000","2,506,000",,,,,,,,,,,,,,,,,,,,,,,,
	DepreciationAmortizationDepletionIncomeStatement,"20,217,000","4,793,000","5,356,000","4,985,000","5,084,000","5,063,000","5,304,000","5,316,000","5,522,000","5,822,000","5,901,000","5,361,000","5,124,000","4,969,000","4,776,000","4,628,000","4,673,000","4,461,000","3,906,000","3,852,000","3,731,000","3,505,000","3,527,000","3,435,000","3,371,000","3,101,000","3,173,000","3,241,000","3,187,000","2,919,000","1,104,000","3,304,000","3,383,000","3,127,000","3,256,000","3,061,000","3,138,000","3,605,000","3,633,000","3,577,000","3,639,000","3,707,000","3,883,000","3,616,000","3,649,000","3,711,000","3,777,000","3,839,000","3,857,000","3,887,000","4,124,000","4,130,000","4,150,000","4,095,000","4,506,000","4,606,000","4,372,000","3,547,000","3,198,000","3,035,000","2,858,000","2,918,000","2,372,000","2,202,000","2,092,000","2,024,000","1,788,000","1,612,000","1,600,000","1,617,000",,,,,,,,
		DepreciationAndAmortizationInIncomeStatement,"20,217,000","4,793,000","5,356,000","4,985,000","5,084,000","5,063,000","5,304,000","5,316,000","5,522,000","5,822,000","5,901,000","5,361,000","5,124,000","4,969,000","4,776,000","4,628,000","4,673,000","4,461,000","3,906,000","3,852,000","3,731,000","3,505,000","3,527,000","3,435,000","3,371,000","3,101,000","3,173,000","3,241,000","3,187,000","2,919,000","1,104,000","3,304,000","3,383,000","3,127,000","3,256,000","3,061,000","3,138,000","3,605,000","3,633,000","3,577,000","3,639,000","3,707,000","3,883,000","3,616,000","3,649,000","3,711,000","3,777,000","3,839,000","3,857,000","3,887,000","4,124,000","4,130,000","4,150,000","4,095,000","4,506,000","4,606,000","4,372,000","3,547,000","3,198,000","3,035,000","2,858,000","2,918,000","2,372,000","2,202,000","2,092,000","2,024,000","1,788,000","1,612,000","1,600,000","1,617,000",,,,,,,,
	OtherOperatingExpenses,"2,330,000","881,000","709,000","581,000","159,000","445,000","448,000","403,000","304,000","477,000","948,000","535,000","244,000","98,000","617,000","845,000","272,000","140,000","540,000","121,000","173,000","1,179,000","321,000","574,000","737,000","354,000","405,000","112,000","139,000","376,000","706,000","401,000","113,000","410,000","232,000","317,000","142,000","1,000","274,000",,,,,,"21,000",,,,,,"943,000","87,000","925,000","144,000","406,000","102,000",,,"121,000","12,000","40,000","210,000",,,,,,,,,,,,,,,,
OperatingIncome,"53,595,000","13,051,000","14,855,000","9,033,000","16,654,000","12,082,000","5,002,000","-1,533,000","-20,265,000","4,588,000","18,400,000","5,571,000","11,646,000","16,843,000","18,712,000","4,854,000","11,705,000","16,388,000","19,809,000","2,987,000","11,545,000","16,245,000","15,063,000","5,601,000","10,461,000","16,434,000","12,998,000","4,155,000","11,404,000","16,208,000","12,361,000","3,472,000","10,184,000","13,818,000","9,101,000","2,661,000","10,886,000","13,045,000","5,549,000","1,825,000","8,878,000","10,003,000","7,158,000","1,660,000","8,438,000","10,009,000","6,817,000","1,591,000","7,145,000","9,199,000","3,661,000","1,373,000","4,685,000","6,861,000","3,651,000","1,430,000","4,738,000","9,259,000","8,090,000","3,926,000","9,026,000","8,250,000","12,106,000","3,280,000","7,517,000","9,026,000","6,432,000","3,340,000","6,317,000","9,634,000","8,228,000","3,300,000","4,800,000","7,000,000","4,290,000","1,900,000","3,700,000","5,600,000"
NetNonOperatingInterestIncomeExpense,"-2,499,000","-324,000","-369,000","-678,000","-1,128,000","-1,303,000","-1,340,000","-1,422,000","-1,291,000","-628,000","-737,000","-638,000","-417,000","-405,000","-486,000","-470,000","-403,000","-380,000","-300,000","-197,000","-144,000","-179,000","-355,000","-333,000","-253,000","-213,000","-202,000","-188,000","-174,000","-226,000","-278,000","-297,000","-298,000","-287,000","-294,000","-415,000","-415,000","-516,000","-606,000","-680,000","-598,000","-481,000","-603,000","-719,000","-739,000","-831,000","-926,000","-1,000,000","-988,000","-1,330,000","-1,694,000","-1,926,000","-1,849,000","-2,285,000",,,,,,,,,,,,,,,,,,,,,,,,
	InterestExpenseNonOperating,"2,499,000","324,000","369,000","678,000","1,128,000","1,303,000","1,340,000","1,422,000","1,291,000","628,000","737,000","638,000","417,000","405,000","486,000","470,000","403,000","380,000","300,000","197,000","144,000","179,000","355,000","333,000","253,000","213,000","202,000","188,000","174,000","226,000","278,000","297,000","298,000","287,000","294,000","415,000","415,000","516,000","606,000","680,000","598,000","481,000","603,000","719,000","739,000","831,000","926,000","1,000,000","988,000","1,330,000","1,694,000","1,926,000","1,849,000","2,285,000",,,,,,,,,,,,,,,,,,,,,,,,
	TotalOtherFinanceCost,,,,,,,,,,,"737,000","638,000","417,000","405,000","486,000","470,000","403,000","380,000","300,000","197,000","144,000","179,000","355,000","333,000","253,000","213,000","202,000","188,000","174,000","226,000","278,000","297,000","298,000","287,000","294,000","415,000","415,000","516,000","605,000",,,,,,"739,000","831,000",,"1,000,000","988,000",,,,,,,,,,,,,,,,,,,,,,,,,,,,,
OtherIncomeExpense,"-2,826,000","28,000","-2,477,000","-18,000","-358,000","44,000","-229,000","-3,630,000","-3,792,000","-8,664,000","82,000","18,000","13,000","2,000","-42,000","-65,000","22,000","12,000","-3,884,000","-6,000","14,000","24,000","-50,000","-92,000","144,000","7,000","318,000","9,000","16,000","15,000","15,285,000","-15,276,000","13,000","16,000","-3,258,000","2,064,000","4,000","34,000","110,000","-51,000","-47,000","-819,000","-3,522,000","-58,000","-200,000","335,000","-842,000","-2,000","1,079,000","462,000","-7,796,000","-478,000","117,000","152,000","-89,992,000","140,000","185,000","332,000","-11,295,000","3,368,000","4,927,000","2,610,000","2,883,000","911,000","31,000","-33,000","-4,709,000","59,000","-357,000","38,000",,,,,,,,
	SpecialIncomeCharges,,,"-2,518,000","0","-394,000",,"-267,000","-3,582,000","-3,795,000","-8,697,000",,,,,"0",,,,"-3,904,000",,,,,,,,,,,,"15,295,000","-15,295,000",,,"-3,262,000","2,156,000","0","0","110,000","-51,000","-47,000","-819,000","-3,522,000","-58,000","-200,000","335,000","-842,000","-2,000","1,079,000","462,000","-7,796,000","-478,000","117,000","152,000","-89,992,000","140,000","185,000","332,000","-11,295,000","3,368,000","4,927,000","2,610,000","2,883,000","911,000","31,000","-33,000","-4,709,000","59,000","-357,000","38,000",,,,,,,,
		RestructuringAndMergernAcquisition,,,,,,,,,,,,,,,,,,,,,,,,,,,,,,,,,,,,,,,"0","0","0","0","0","0","0","-502,000","0","0","-1,121,000","-562,000","-379,000","419,000",,,,,,,,,,,,"126,000","338,000",,,,,,,,,,,,,
		ImpairmentOfCapitalAssets,,,,"0","394,000",,"295,000","3,272,000","4,283,000","8,697,000",,,,,"0",,,,"3,904,000",,,,,,,,,,,,"-15,295,000","15,295,000",,,"3,262,000",,,,"4,955,000",,,,,,,,"805,000","0","0","0","8,348,000","0","150,000",,,,,,,,,,,,,,,,,,,,,,,,,
		WriteOff,,,"1,461,000",,,,,"3,272,000",,,,,,,,,,,,,,,,,,,,,,,,,,,"0","0","0","0","0",,,,,,,,,,,,,,,,,,,,,,,,,,,,,,,,,,,,,,,
		OtherSpecialCharges,,,"1,058,000",,,,"-28,000","310,000","-488,000",,,,,,,,,,,,,,,,,,,,,,,,,,"0","-2,156,000",,,"-683,000","51,000","47,000","819,000","480,000","58,000","200,000","167,000","37,000","2,000","42,000","100,000","-173,000","59,000","-267,000",,,,,,,,,,,"-1,037,000","-369,000",,,,,,,,,,,,,
	OtherNonOperatingIncomeExpenses,"86,000","28,000","41,000","-18,000","36,000","44,000","38,000","-48,000","3,000","33,000","82,000","18,000","13,000","2,000","-42,000","-65,000","22,000","12,000","20,000","-6,000","14,000","24,000","-50,000","-92,000","144,000","7,000","318,000","9,000","16,000","15,000","-10,000","19,000","13,000","16,000","4,000","-92,000","4,000","34,000","99,000",,,,,,,,,,,,,,,,,,,,,,,,,,,,,,,,,,,,,,,
PretaxIncome,"48,270,000","12,755,000","12,009,000","8,337,000","15,168,000","10,823,000","3,433,000","-6,585,000","-25,348,000","-4,704,000","17,745,000","4,951,000","11,242,000","16,440,000","18,184,000","4,319,000","11,324,000","16,020,000","15,625,000","2,784,000","11,415,000","16,090,000","14,658,000","5,176,000","10,352,000","16,228,000","13,114,000","3,976,000","11,246,000","15,997,000","27,368,000","-12,101,000","9,899,000","13,547,000","5,549,000","4,310,000","10,475,000","12,563,000","5,059,000","1,094,000","8,233,000","8,703,000","3,033,000","883,000","7,499,000","9,513,000","5,049,000","589,000","7,236,000","8,331,000","-5,829,000","-1,031,000","2,953,000","4,728,000","-89,876,000","-839,000","3,741,000","6,383,000","5,978,000","2,631,000","8,045,000","10,039,000","14,774,000","3,461,000","7,077,000","8,523,000","5,247,000","1,657,000","4,326,000","4,350,000","3,396,000",,"800,000","2,900,000","840,000","-1,400,000","1,500,000","3,300,000"
TaxProvision,"4,707,000","2,342,000","-1,791,000","1,398,000","2,757,000","1,698,000","2,010,000","-1,284,000","-7,750,000","-886,000","3,287,000","423,000","1,933,000","2,529,000","3,374,000","727,000","1,763,000","2,384,000","6,037,000","1,017,000","3,611,000","5,005,000","5,250,000","1,668,000","3,396,000","5,346,000","4,023,000","1,338,000","3,577,000","5,229,000","9,454,000","-4,903,000","2,846,000","4,469,000","1,314,000","1,370,000","2,612,000","3,806,000","1,391,000","285,000","2,392,000","2,591,000","452,000","114,000","-1,807,000","2,819,000","893,000","235,000","2,107,000","1,407,000","-2,871,000","-113,000","354,000","948,000","-29,814,000","-416,000","984,000","1,851,000","1,851,000","850,000","2,598,000","3,242,000","4,236,000","1,108,000","2,149,000","2,600,000","1,630,000","741,000","1,015,000","1,551,000","435,000",,"100,000","200,000","-56,000",,"500,000","900,000"
NetIncomeCommonStockholders,"43,563,000","10,413,000","13,800,000","6,939,000","12,411,000","9,125,000","1,423,000","-5,301,000","-17,598,000","-3,818,000","14,458,000","4,528,000","9,309,000","13,911,000","14,860,000","3,601,000","9,573,000","13,646,000","9,581,000","1,696,000","7,811,000","11,048,000","9,212,000","3,583,000","6,908,000","10,762,000","9,511,000","2,565,000","7,516,000","10,411,000","7,985,000","-7,298,000","6,904,000","8,865,000","4,175,000","2,887,000","7,767,000","7,661,000","3,649,000","802,000","5,832,000","-30,268,000","1,903,000","85,000","8,495,000","6,220,000","3,919,000","-477,000","3,710,000","6,451,000","-2,697,000","-954,000","2,324,000","3,745,000","-60,853,000","-326,000","2,759,000","4,531,000","4,114,000","1,780,000","5,450,000","6,811,000","10,675,000","2,331,000","4,988,000","5,915,000","2,910,000","368,000","1,613,000","869,000","1,269,000","-4,600,000","-800,000","1,200,000","-1,162,000","-2,900,000","-800,000","200,000"
	NetIncome,"43,563,000","10,413,000","13,800,000","6,939,000","12,411,000","9,125,000","1,423,000","-5,301,000","-17,598,000","-3,818,000","14,458,000","4,528,000","9,309,000","13,911,000","14,860,000","3,601,000","9,573,000","13,646,000","9,581,000","1,696,000","7,811,000","11,048,000","9,212,000","3,583,000","6,908,000","10,762,000","9,511,000","2,565,000","7,516,000","10,411,000","7,985,000","-7,298,000","6,904,000","8,865,000","4,175,000","2,887,000","7,767,000","7,661,000","3,649,000","802,000","5,832,000","6,095,000","2,614,000","797,000","9,206,000","6,931,000","4,631,000","234,000","4,333,000","6,759,000","-2,697,000","-954,000","2,324,000","3,745,000","-60,853,000","-326,000","2,759,000","4,531,000","4,114,000","1,780,000","5,450,000","6,811,000","10,675,000","2,331,000","4,988,000","5,915,000","4,332,000","1,229,000","3,081,000","2,291,000","2,742,000","-3,300,000","500,000","2,500,000","148,000","-1,700,000","1,500,000","2,500,000"
		NetIncomeIncludingNoncontrollingInterests,"43,563,000","10,413,000","13,800,000","6,939,000","12,411,000","9,125,000","1,423,000","-5,301,000","-17,598,000","-3,818,000","14,458,000","4,528,000","9,309,000","13,911,000","14,860,000","3,601,000","9,573,000","13,646,000","9,581,000","1,696,000","7,811,000","11,048,000","9,212,000","3,583,000","6,908,000","10,762,000","9,511,000","2,565,000","7,516,000","10,411,000","7,985,000","-7,298,000","6,904,000","8,865,000","4,175,000","2,887,000","7,767,000","7,661,000","3,649,000","802,000","5,832,000","6,095,000","2,614,000","797,000","9,206,000","6,931,000","4,631,000","234,000","4,333,000","6,759,000","-2,697,000","-954,000","2,324,000","3,745,000","-60,853,000","-326,000","2,759,000","4,531,000","4,114,000","1,780,000","5,450,000","6,811,000","10,675,000","2,331,000","4,988,000","5,915,000","4,332,000","1,229,000","3,081,000","2,291,000","2,742,000","-3,300,000","500,000","2,500,000","148,000","-1,700,000","1,500,000","2,500,000"
			NetIncomeContinuousOperations,"43,563,000","10,413,000","13,800,000","6,939,000","12,411,000","9,125,000","1,423,000","-5,301,000","-17,598,000","-3,818,000","14,458,000","4,528,000","9,309,000","13,911,000","14,810,000","3,592,000","9,561,000","13,636,000","9,588,000","1,767,000","7,804,000","11,085,000","9,408,000","3,508,000","6,956,000","10,882,000","9,091,000","2,638,000","7,669,000","10,768,000","17,914,000","-7,198,000","7,053,000","9,078,000","4,235,000","2,940,000","7,863,000","8,757,000","3,668,000","809,000","5,841,000","6,112,000","2,581,000","769,000","9,306,000","6,694,000","4,156,000","354,000","5,129,000","6,924,000","-2,958,000","-918,000","2,599,000","3,780,000","-60,062,000","-423,000","2,757,000","4,532,000","4,127,000","1,781,000","5,447,000","6,797,000","10,538,000","2,353,000","4,928,000","5,923,000","3,617,000","916,000","3,311,000","2,799,000","2,961,000","0","700,000","2,700,000","896,000","-1,400,000","1,000,000","2,400,000"
			NetIncomeDiscontinuousOperations,,,,,,,,,,,"0","0","0","0","50,000","9,000","12,000","10,000","-7,000","-71,000","7,000","-37,000","-196,000","75,000","-48,000","-120,000","420,000","-73,000","-153,000","-357,000","-9,929,000","-100,000","-149,000","-213,000","-60,000","-53,000","-96,000","-1,096,000","-19,000","-7,000","9,000","17,000","-33,000","-28,000","100,000","237,000","475,000","-120,000","-796,000","-165,000","261,000","-36,000","-275,000","-35,000","-791,000","97,000","2,000","-1,000","-13,000","-1,000","3,000","14,000","137,000","-22,000","60,000","-8,000","715,000","313,000","-230,000","-508,000","-219,000","-3,300,000","-200,000","-200,000","-748,000","-300,000","500,000","100,000"
	PreferredStockDividends,,,,,,,,,,,,,,,,,,,,,,,,,,,,,,,,,,,,,,,,,,"514,000","623,000","623,000","623,000","623,000","801,000","799,000","623,000","308,000",,,,,,,,,,,,,,,,,"1,422,000","861,000","1,468,000","1,422,000","1,473,000","1,300,000","1,300,000","1,300,000","1,310,000","1,200,000","2,300,000","2,300,000"
	OtherunderPreferredStockDividend,,,,,,,,,,,,,,,,,,,,,,,,,,,,,,,,,,,"0","0","0","0","514,000",,,"35,849,000","88,000","89,000","88,000","88,000","-89,000","-88,000",,,,,,,,,,,,,,,,,,,,,,,,,,,,,,
DilutedNIAvailtoComStockholders,"43,563,000","10,413,000","13,800,000","6,939,000","12,411,000","9,125,000","1,423,000","-5,301,000","-17,598,000","-3,818,000","14,458,000","4,528,000","9,309,000","13,911,000","14,860,000","3,601,000","9,573,000","13,646,000","9,581,000","1,696,000","7,811,000","11,048,000","9,212,000","3,583,000","6,908,000","10,762,000","9,511,000","2,565,000","7,516,000","10,411,000","7,985,000","-7,298,000","6,904,000","8,865,000","4,175,000","2,887,000","7,767,000","7,661,000","3,649,000","802,000","5,832,000","-30,268,000","1,903,000","85,000","8,495,000","6,220,000","3,919,000","-477,000","3,710,000","6,451,000","-2,697,000","-954,000","2,324,000","3,745,000","-60,853,000","-326,000","2,759,000","4,531,000","4,114,000","1,780,000","5,450,000","6,811,000","10,675,000","2,331,000","4,988,000","5,915,000","2,910,000","368,000","1,613,000","869,000","1,269,000","-4,600,000","-800,000","1,200,000","-1,162,000","-2,900,000","-800,000","200,000"
BasicEPS,,"0.31","0.41","0.2","0.36","0.27","0.04","-0.15","-0.59","-0.13","0.51","0.16","0.32","0.48","0.5","0.12","0.32","0.46","0.32","0.06","0.26","0.36","0.3","0.11","0.22","0.33","0.28","0.08","0.22","0.3","0.23","-0.21","0.2","0.25","0.12","0.08","0.22","0.22","0.11","0.02","0.17","-0.89",,"0","0.2","0.14",,"-0.01","0.09","0.2",,"-0.04","0.1","0.16",,"-0.02","0.11","0.19",,"0.08","0.23","0.29",,"0.1","0.21","0.26",,"0.02","0.12","0.07",,"-0.39","-0.07","0.1",,"-0.25","-0.15","0"
DilutedEPS,,"0.31","0.4","0.2","0.36","0.26","0.04","-0.15","-0.59","-0.13","0.5","0.16","0.31","0.47","0.49","0.12","0.32","0.45","0.31","0.05","0.25","0.35","0.3","0.11","0.21","0.33","0.28","0.08","0.22","0.3","0.23","-0.21","0.19","0.25","0.12","0.08","0.22","0.22","0.1","0.02","0.17","-0.89",,"0","0.2","0.14",,"-0.01","0.09","0.2",,"-0.04","0.1","0.16",,"-0.02","0.11","0.19",,"0.08","0.23","0.29",,"0.1","0.21","0.26",,"0.02","0.11","0.06",,"-0.39","-0.07","0.1",,"-0.25","-0.15","0"
BasicAverageShares,,"33,589,838","33,921,311","34,421,570","34,398,251","34,282,733","34,256,769","34,240,318","29,951,332","28,287,261","28,513,764","28,951,612","29,252,651","29,275,501","29,513,678","29,720,472","29,713,825","29,689,870","29,947,096","30,348,180","30,548,258","30,575,224","30,609,313","31,305,952","32,138,846","32,626,645","33,524,916","33,989,364","34,343,691","34,216,357","34,680,666","34,925,592","35,122,131","35,094,652","34,978,903","34,956,353","34,660,149","34,456,380","34,398,789","34,373,629","34,304,948","34,170,628",,"34,147,353","34,075,604","34,000,032",,"33,975,061","33,945,193","28,156,360",,"23,603,180","23,571,111","23,484,200",,"23,312,679","24,260,211","23,562,768",,"23,201,221","23,188,748","23,224,566",,"23,208,716","23,154,533","23,109,151",,"22,730,834","13,037,746","13,037,746",,"11,700,000","11,700,000","12,000,000",,"11,700,000","11,700,000","11,700,000"
DilutedAverageShares,,"33,885,076","34,081,852","34,592,930","34,652,869","34,599,764","34,396,700","34,240,318","29,951,332","28,287,261","28,835,275","29,191,076","29,726,102","29,903,511","30,071,992","30,358,284","30,375,306","30,384,180","30,571,801","30,877,192","31,264,266","31,253,186","31,163,202","31,737,036","32,540,633","33,073,660","33,901,787","34,338,440","34,611,107","34,515,515","34,998,312","34,925,592","35,587,975","35,822,458","35,858,859","35,795,508","35,681,077","35,505,778","35,314,347","35,185,209","35,133,637","34,170,628",,"43,338,599","43,233,207","43,084,686",,"33,975,061","42,800,126","32,502,898",,"23,603,180","23,754,577","23,558,433",,"23,312,679","24,411,428","23,729,150",,"23,390,296","23,386,431","23,429,400",,"23,439,470","23,494,847","23,491,093",,"23,338,454","14,217,516","14,213,459",,"11,700,000","11,700,000","12,000,000",,"11,700,000","11,700,000","11,700,000"
TotalOperatingIncomeAsReported,"50,683,000","13,051,000","12,337,000","9,033,000","16,260,000","12,082,000","4,735,000","-5,115,000","-24,060,000","-4,109,000","18,400,000","5,571,000","11,646,000","16,843,000","18,712,000","4,854,000","11,705,000","16,388,000","15,905,000","2,987,000","11,545,000","16,245,000","15,063,000","5,601,000","10,461,000","16,434,000","12,998,000","4,155,000","11,404,000","16,208,000","27,656,000","-11,823,000","10,184,000","13,818,000","5,839,000","4,817,000","10,886,000","13,045,000","5,549,000","1,825,000","8,878,000","10,003,000","3,680,000","1,660,000","8,417,000","10,511,000","6,012,000","1,591,000","8,266,000","9,761,000","-4,308,000","954,000","4,535,000","6,861,000","-86,548,000","1,430,000","4,738,000","9,259,000","8,090,000","3,926,000","9,026,000","8,250,000","12,719,000","3,154,000","7,179,000","9,026,000","6,432,000","3,340,000","6,317,000","9,634,000","8,228,000","3,300,000","4,800,000","7,000,000","4,290,000","1,900,000","3,700,000","5,600,000"
TotalExpenses,"414,377,000","113,081,000","111,887,000","95,154,000","94,256,000","75,201,000","72,370,000","64,956,000","48,682,000","103,948,000","116,633,000","97,438,000","98,597,000","102,898,000","108,447,000","94,161,000","97,930,000","100,138,000","104,294,000","82,180,000","88,470,000","89,293,000","92,566,000","78,173,000","82,193,000","85,456,000","91,750,000","76,137,000","79,645,000","81,136,000","31,037,000","87,971,000","92,808,000","95,925,000","99,790,000","85,921,000","90,930,000","94,315,000","109,530,000","82,970,000","88,835,000","91,031,000","92,483,000","78,526,000","84,166,000","88,830,000","87,300,000","78,251,000","81,813,000","85,510,000","77,731,000","76,412,000","83,739,000","90,685,000","96,156,000","97,847,000","103,379,000","89,324,000","80,924,000","66,298,000","69,409,000","73,249,000","75,870,000","54,978,000","53,064,000","56,403,000","52,310,000","43,135,000","46,351,000","47,019,000","44,369,000","38,900,000","42,700,000","42,900,000","41,490,000","35,500,000","37,500,000","37,800,000"
NetIncomeFromContinuingAndDiscontinuedOperation,"43,563,000","10,413,000","13,800,000","6,939,000","12,411,000","9,125,000","1,423,000","-5,301,000","-17,598,000","-3,818,000","14,458,000","4,528,000","9,309,000","13,911,000","14,860,000","3,601,000","9,573,000","13,646,000","9,581,000","1,696,000","7,811,000","11,048,000","9,212,000","3,583,000","6,908,000","10,762,000","9,511,000","2,565,000","7,516,000","10,411,000","7,985,000","-7,298,000","6,904,000","8,865,000","4,175,000","2,887,000","7,767,000","7,661,000","3,649,000","802,000","5,832,000","6,095,000","2,614,000","797,000","9,206,000","6,931,000","4,631,000","234,000","4,333,000","6,759,000","-2,697,000","-954,000","2,324,000","3,745,000","-60,853,000","-326,000","2,759,000","4,531,000","4,114,000","1,780,000","5,450,000","6,811,000","10,675,000","2,331,000","4,988,000","5,915,000","4,332,000","1,229,000","3,081,000","2,291,000","2,742,000","-3,300,000","500,000","2,500,000","148,000","-1,700,000","1,500,000","2,500,000"
NormalizedIncome,"46,191,039.279","10,413,000","15,638,140","6,939,000","12,733,292","9,125,000","1,617,910","-2,535,696","-14,964,270","3,243,964","14,458,000","4,528,000","9,309,000","13,911,000","14,810,000","3,592,000","9,561,000","13,636,000","9,588,000","1,767,000","7,804,000","11,085,000","9,408,000","3,508,000","6,956,000","10,882,000","9,091,000","2,638,000","7,669,000","10,768,000","7,902,503.727","2,743,750","7,053,000","9,078,000","6,724,560.281","1,469,608","7,863,000","8,757,000","3,588,245.108","846,713.894","5,856,344.71","6,653,172.699","5,644,125.618","875,511.891","9,236,000","6,458,270.998","4,849,078.233","355,202.037","4,364,186.429","6,540,025.927","2,109,400","-492,389.913","2,496,025.737","3,658,477.157","77,520.05","-514,000","2,620,660.786","4,296,276.359","11,924,668.953","-498,896.617","2,111,093.35","5,029,874.788","8,481,613.51","1,733,646.345","4,906,413.452","5,945,933.122","6,863,131.694","880,600","3,584,237.864","2,774,548.966","2,961,000","0","700,000","2,700,000","896,000","-1,400,000","1,000,000","2,400,000"
InterestExpense,"2,499,000","324,000","369,000","678,000","1,128,000","1,303,000","1,340,000","1,422,000","1,291,000","628,000","737,000","638,000","417,000","405,000","486,000","470,000","403,000","380,000","300,000","197,000","144,000","179,000","355,000","333,000","253,000","213,000","202,000","188,000","174,000","226,000","278,000","297,000","298,000","287,000","294,000","415,000","415,000","516,000","606,000","680,000","598,000","481,000","603,000","719,000","739,000","831,000","926,000","1,000,000","988,000","1,330,000","1,694,000","1,926,000","1,849,000","2,285,000",,,,,,,,,,,,,,,,,,,,,,,,
NetInterestIncome,"-2,499,000","-324,000","-369,000","-678,000","-1,128,000","-1,303,000","-1,340,000","-1,422,000","-1,291,000","-628,000","-737,000","-638,000","-417,000","-405,000","-486,000","-470,000","-403,000","-380,000","-300,000","-197,000","-144,000","-179,000","-355,000","-333,000","-253,000","-213,000","-202,000","-188,000","-174,000","-226,000","-278,000","-297,000","-298,000","-287,000","-294,000","-415,000","-415,000","-516,000","-606,000","-680,000","-598,000","-481,000","-603,000","-719,000","-739,000","-831,000","-926,000","-1,000,000","-988,000","-1,330,000","-1,694,000","-1,926,000","-1,849,000","-2,285,000",,,,,,,,,,,,,,,,,,,,,,,,
EBIT,"50,769,000","13,079,000","12,378,000","9,015,000","16,296,000","12,126,000","4,773,000","-5,163,000","-24,057,000","-4,076,000","18,482,000","5,589,000","11,659,000","16,845,000","18,670,000","4,789,000","11,727,000","16,400,000","15,925,000","2,981,000","11,559,000","16,269,000","15,013,000","5,509,000","10,605,000","16,441,000","13,316,000","4,164,000","11,420,000","16,223,000","27,646,000","-11,804,000","10,197,000","13,834,000","5,843,000","4,725,000","10,890,000","13,079,000","5,665,000","1,774,000","8,831,000","9,184,000","3,636,000","1,602,000","8,238,000","10,344,000","5,975,000","1,589,000","7,145,000","9,661,000","-4,135,000","895,000","4,802,000","7,013,000","-85,680,000","1,430,000","4,738,000","9,259,000","8,090,000","3,926,000","9,026,000","8,250,000","12,106,000","3,280,000","7,517,000","9,026,000","6,432,000","3,340,000","6,317,000","9,634,000","8,228,000","3,300,000","4,800,000","7,000,000","4,290,000","1,900,000","3,700,000","5,600,000"
EBITDA,"70,986,000"
ReconciledCostOfRevenue,"340,868,000","93,251,000","91,179,000","79,432,000","77,007,000","60,504,000","54,464,000","50,777,000","34,302,000","86,180,000","96,650,000","80,033,000","80,180,000","85,451,000","88,148,000","76,066,000","79,071,000","83,084,000","86,747,000","67,913,000","73,119,000","74,026,000","75,026,000","64,272,000","68,409,000","72,367,000","74,691,000","63,030,000","66,426,000","69,801,000","19,386,000","75,803,000","80,296,000","83,025,000","83,710,000","73,250,000","76,711,000","81,455,000","87,827,000","71,065,000","76,550,000","78,698,000","78,705,000","67,522,000","71,987,000","76,285,000","73,615,000","66,233,000","69,696,000","73,529,000","62,072,000","64,958,000","69,136,000","78,315,000","82,162,000","81,776,000","83,196,000","75,921,000","66,412,000","55,086,000","57,542,000","59,868,000","61,102,000","45,103,000","43,021,000","47,264,000","41,825,000","35,396,000","38,671,000","39,811,000","19,868,000","38,900,000","42,700,000","42,900,000","18,941,000","35,500,000","37,500,000","37,800,000"
ReconciledDepreciation,"20,217,000","4,793,000","5,356,000","4,984,000","5,084,000","5,063,000","5,304,000","5,315,000","5,523,000","5,822,000","5,901,000","5,361,000","5,123,000","4,969,000","4,776,000","4,628,000","4,673,000","4,461,000","3,906,000","3,853,000","3,731,000","3,505,000","3,527,000","3,435,000","3,371,000","3,101,000","3,173,000","3,241,000","3,187,000","2,919,000","3,355,000","3,320,000","3,383,000","3,127,000","3,256,000","3,061,000","3,138,000","3,605,000","3,633,000","3,577,000","3,639,000","3,707,000","3,883,000","3,616,000","3,649,000","3,711,000","3,777,000","3,839,000","3,857,000","3,887,000","4,124,000","4,130,000","4,150,000","4,095,000","4,506,000","4,616,000","4,362,000","3,547,000","3,198,000","3,035,000","2,859,000","2,918,000","2,311,000","2,228,000","2,127,000","2,024,000","1,788,000","1,571,000","1,641,000","1,617,000",,,,,,,,
NetIncomeFromContinuingOperationNetMinorityInterest,"43,563,000","10,413,000","13,800,000","6,939,000","12,411,000","9,125,000","1,423,000","-5,301,000","-17,598,000","-3,818,000","14,458,000","4,528,000","9,309,000","13,911,000","14,810,000","3,592,000","9,561,000","13,636,000","9,588,000","1,767,000","7,804,000","11,085,000","9,408,000","3,508,000","6,956,000","10,882,000","9,091,000","2,638,000","7,669,000","10,768,000","17,914,000","-7,198,000","7,053,000","9,078,000","4,235,000","2,940,000","7,863,000","8,757,000","3,668,000","809,000","5,823,000","6,078,000","2,647,000","825,000","9,106,000","6,694,000","4,156,000","354,000","5,129,000","6,924,000","-2,958,000","-918,000","2,599,000","3,780,000","-60,062,000","-423,000","2,757,000","4,532,000","4,127,000","1,781,000","5,447,000","6,797,000","10,538,000","2,353,000","4,928,000","5,923,000","3,617,000","916,000","3,311,000","2,799,000","2,961,000","0","700,000","2,700,000","896,000","-1,400,000","1,000,000","2,400,000"
TotalUnusualItemsExcludingGoodwill,"-2,912,000",,"-2,518,000","0","-394,000",,"-267,000","-3,582,000","-3,795,000","-8,697,000",,,,,"0",,,,"-3,904,000",,,,,,,,,,,,"15,295,000","-15,295,000",,,"-3,262,000","2,156,000","0","0","110,000","-51,000","-47,000","-819,000","-3,522,000","-58,000","-200,000","335,000","-842,000","-2,000","1,079,000","462,000","-7,796,000","-478,000","117,000","152,000","-89,992,000","140,000","185,000","332,000","-11,295,000","3,368,000","4,927,000","2,610,000","2,883,000","911,000","31,000","-33,000","-4,709,000","59,000","-357,000","38,000",,,,,,,,
TotalUnusualItems,"-2,912,000",,"-2,518,000","0","-394,000",,"-267,000","-3,582,000","-3,795,000","-8,697,000",,,,,"0",,,,"-3,904,000",,,,,,,,,,,,"15,295,000","-15,295,000",,,"-3,262,000","2,156,000","0","0","110,000","-51,000","-47,000","-819,000","-3,522,000","-58,000","-200,000","335,000","-842,000","-2,000","1,079,000","462,000","-7,796,000","-478,000","117,000","152,000","-89,992,000","140,000","185,000","332,000","-11,295,000","3,368,000","4,927,000","2,610,000","2,883,000","911,000","31,000","-33,000","-4,709,000","59,000","-357,000","38,000",,,,,,,,
NormalizedEBITDA,"73,898,000","17,872,000","20,252,000","14,000,000","21,774,000","17,189,000","10,344,000","3,735,000","-14,739,000","10,443,000","24,383,000","10,950,000","16,783,000","21,814,000","23,446,000","9,417,000","16,400,000","20,861,000","19,831,000","6,834,000","15,290,000","19,774,000","18,540,000","8,944,000","13,976,000","19,542,000","16,489,000","7,405,000","14,607,000","19,142,000","15,706,000","6,811,000","13,580,000","16,961,000","12,361,000","5,630,000","14,028,000","16,684,000","9,188,000","5,402,000","12,517,000","13,710,000","11,041,000","5,276,000","12,087,000","13,720,000","10,594,000","5,430,000","9,923,000","13,086,000","7,785,000","5,503,000","8,835,000","10,956,000","8,818,000","5,906,000","8,925,000","12,474,000","22,583,000","3,593,000","6,958,000","8,558,000","11,595,000","4,597,000","9,613,000","11,083,000","12,929,000","4,893,000","8,315,000","11,213,000","8,228,000","3,300,000","4,800,000","7,000,000","4,290,000","1,900,000","3,700,000","5,600,000"
TaxRateForCalcs,"0.098","0.184","0.27","0.168","0.182","0.157","0.27","0.228","0.306","0.188","0.185","0.085","0.172","0.154","0.186","0.168","0.156","0.149","0.386","0.365","0.316","0.311","0.358","0.322","0.328","0.329","0.307","0.337","0.318","0.327","0.345","0.35","0.288","0.33","0.237","0.318","0.249","0.303","0.275","0.261","0.291","0.298","0.149","0.129","0.35","0.296","0.177","0.399","0.291","0.169","0.35","0.11","0.12","0.201","0.332","0.35","0.263","0.29","0.31","0.323","0.323","0.323","0.287","0.32","0.304","0.305","0.311","0.4","0.235","0.357","0.128","0.4","0.125","0.069","0.4","0","0.333","0.273"
TaxEffectOfUnusualItems,"-283,960.721","0","-679,860","0","-71,708","0","-72,090","-816,696","-1,161,270","-1,635,036","0","0","0","0","0","0","0","0","0","0","0","0","0","0","0","0","0","0","0","0","5,283,503.727","-5,353,250","0","0","-772,439.719","685,608","0","0","30,245.108","-13,286.106","-13,655.29","-243,827.301","-524,874.382","-7,488.109","-70,000","99,270.998","-148,921.767","-797.963","314,186.429","78,025.927","-2,728,600","-52,389.913","14,025.737","30,477.157","-29,852,479.95","49,000","48,660.786","96,276.359","-3,497,331.047","1,088,103.383","1,591,093.35","842,874.788","826,613.51","291,646.345","9,413.452","-10,066.878","-1,462,868.306","23,600","-83,762.136","13,548.966","0","0","0","0","0","0","0","0"