name,ttm,03/31/2022,12/31/2021,09/30/2021,06/30/2021,03/31/2021,12/31/2020,09/30/2020,06/30/2020,03/31/2020,12/31/2019,09/30/2019,06/30/2019,03/31/2019,12/31/2018,09/30/2018,06/30/2018,03/31/2018,12/31/2017,09/30/2017,06/30/2017,03/31/2017,12/31/2016,09/30/2016,06/30/2016,03/31/2016,12/31/2015,09/30/2015,06/30/2015,03/31/2015,12/31/2014,09/30/2014,06/30/2014,03/31/2014,12/31/2013,09/30/2013,06/30/2013,03/31/2013,12/31/2012,09/30/2012,06/30/2012,03/31/2012,12/31/2011,09/30/2011,06/30/2011,03/31/2011,12/31/2010,09/30/2010,06/30/2010,03/31/2010,12/31/2009,09/30/2009,06/30/2009,03/31/2009,12/31/2008,09/30/2008,06/30/2008,03/31/2008,12/31/2007,09/30/2007,06/30/2007,03/31/2007,12/31/2006,09/30/2006,06/30/2006,03/31/2006,12/31/2005,09/30/2005,06/30/2005,03/31/2005,12/31/2004,09/30/2004,06/30/2004,03/31/2004,12/31/2003,09/30/2003,06/30/2003,03/31/2003,12/31/2002,09/30/2002,06/30/2002,03/31/2002,12/31/2001,09/30/2001,06/30/2001,03/31/2001,12/31/2000,09/30/2000,06/30/2000,03/31/2000,12/31/1999,09/30/1999,06/30/1999,03/31/1999,12/31/1998,09/30/1998,06/30/1998,03/31/1998,12/31/1997,09/30/1997,06/30/1997,03/31/1997,12/31/1996,09/30/1996,06/30/1996,03/31/1996,12/31/1995,09/30/1995,06/30/1995,03/31/1995,12/31/1994,09/30/1994,06/30/1994,03/31/1994
TotalRevenue,"5,911,000,000","1,288,000,000","1,476,000,000","1,535,000,000","1,612,000,000","1,511,000,000","1,512,000,000","1,539,000,000","1,283,000,000","1,609,000,000","1,622,000,000","1,125,000,000","770,719,000","722,103,000","893,325,000","766,260,000","730,143,000","665,352,000","734,003,000","670,891,000","679,290,000","649,935,000","797,691,000","693,835,000","666,534,000","578,889,000","611,790,000","548,404,000","554,167,000","504,775,000","613,818,000","494,956,000","455,136,000","412,648,000","427,715,000","338,644,000","314,154,000","282,618,000","324,862,000","260,489,000","253,554,000","223,836,000","213,164,000","180,868,000","186,587,000","179,487,000","225,555,000","186,452,000","185,551,000","169,628,000","183,340,000","160,127,000","158,272,000","154,738,000","196,011,000","178,191,000","193,615,000","186,657,000","198,069,000","176,699,000","180,665,000","166,855,000","198,121,000","168,458,000","185,092,000","163,467,000","178,784,000","165,790,000","183,633,000","164,684,000","149,303,000","181,469,000","201,014,000","176,493,000","192,852,000","179,437,000","195,775,000","170,677,000","203,310,000","179,537,000","191,617,000","167,480,000","184,550,000","167,579,000","192,588,000","165,564,000","218,218,000","187,189,000","207,607,000","175,848,000","204,500,000","176,100,000","228,000,000","189,800,000","240,500,000","205,000,000","167,500,000","123,800,000","152,100,000","124,700,000","131,300,000","108,200,000","141,300,000","110,300,000","79,100,000","42,700,000","59,000,000","50,200,000","54,200,000","41,300,000","30,800,000","30,900,000","30,900,000","30,900,000"
	OperatingRevenue,"5,911,000,000","1,288,000,000","1,476,000,000","1,535,000,000","1,612,000,000","1,511,000,000","1,512,000,000","1,539,000,000","1,283,000,000","1,609,000,000","1,622,000,000","1,125,000,000","770,719,000","722,103,000","893,325,000","766,260,000","730,143,000","665,352,000","734,003,000","670,891,000","679,290,000","649,935,000","797,691,000","693,835,000","666,534,000","578,889,000","611,790,000","548,404,000","554,167,000","504,775,000","613,818,000","494,956,000","455,136,000","412,648,000","427,715,000","338,644,000","314,154,000","282,618,000","324,862,000","260,489,000","253,554,000","223,836,000","213,164,000","180,868,000","186,587,000","179,487,000","225,555,000","186,452,000","185,551,000","169,628,000","183,340,000","160,127,000","158,272,000","154,738,000","196,011,000","178,191,000","193,615,000","186,657,000","198,069,000","176,699,000","180,665,000","166,855,000","198,121,000","168,458,000","185,092,000","163,467,000","178,784,000","165,790,000","183,633,000","164,684,000","149,303,000","181,469,000","201,014,000","176,493,000","192,852,000","179,437,000","195,775,000","170,677,000","198,966,000","179,537,000","191,617,000","167,480,000","184,550,000","167,579,000","192,588,000","165,564,000","218,218,000","187,189,000","207,607,000","175,848,000","204,500,000","176,100,000","228,000,000","189,800,000","240,500,000","205,000,000","167,500,000","123,800,000","152,100,000","124,700,000","131,300,000","108,200,000","141,300,000","110,300,000","79,100,000","42,700,000","59,000,000","50,200,000","54,200,000","41,300,000","30,800,000","30,900,000","30,900,000","30,900,000"
CostOfRevenue,"4,022,000,000","771,000,000","901,000,000","1,022,000,000","1,345,000,000","1,023,000,000","447,000,000","1,077,000,000","383,000,000","828,000,000","858,000,000","560,000,000","335,162,000","319,044,000","297,827,000","303,782,000","300,858,000","288,549,000","307,694,000","309,634,000","311,273,000","298,645,000","311,003,000","290,549,000","292,640,000","256,499,000","242,562,000","227,259,000","224,135,000","204,250,000","214,561,000","189,946,000","178,284,000","160,841,000","158,667,000","129,767,000","115,812,000","106,316,000","107,512,000","92,032,000","93,567,000","88,750,000","82,910,000","66,677,000","67,211,000","64,575,000","85,696,000","78,182,000","77,276,000","71,840,000","5,103,000","73,833,000","78,938,000","78,180,000","11,161,000","85,586,000","54,529,000","86,983,000","68,989,000","60,285,000","57,637,000","52,637,000","60,748,000","50,945,000","57,322,000","52,923,000","58,983,000","50,343,000","38,829,000","43,108,000","44,564,000","55,046,000","60,129,000","55,358,000","-15,223,000","52,081,000","56,199,000","54,880,000","36,619,000","32,773,000","36,907,000","34,449,000","35,382,000","35,223,000","37,159,000","38,218,000","3,100,000","46,791,000","51,146,000","46,454,000","91,200,000","27,500,000","44,500,000","41,900,000","8,800,000","54,900,000","30,300,000","25,800,000","23,400,000","22,000,000","33,100,000","22,500,000","23,700,000","22,300,000","18,000,000","6,900,000","-29,400,000","15,000,000",,"5,500,000",,,,
GrossProfit,"1,889,000,000","517,000,000","575,000,000","513,000,000","267,000,000","488,000,000","1,065,000,000","462,000,000","900,000,000","781,000,000","764,000,000","565,000,000","435,557,000","403,059,000","595,498,000","462,478,000","429,285,000","376,803,000","426,309,000","361,257,000","368,017,000","351,290,000","486,688,000","403,286,000","373,894,000","322,390,000","369,228,000","321,145,000","330,032,000","300,525,000","399,257,000","305,010,000","276,852,000","251,807,000","269,048,000","208,877,000","198,342,000","176,302,000","217,350,000","168,457,000","159,987,000","135,086,000","130,254,000","114,191,000","119,376,000","114,912,000","139,859,000","108,270,000","108,275,000","97,788,000","178,237,000","86,294,000","79,334,000","76,558,000","184,850,000","92,605,000","139,086,000","99,674,000","129,080,000","116,414,000","123,028,000","114,218,000","137,373,000","117,513,000","127,770,000","110,544,000","119,801,000","115,447,000","144,804,000","121,576,000","104,739,000","126,423,000","140,885,000","121,135,000","208,075,000","127,356,000","139,576,000","115,797,000","166,691,000","146,764,000","154,710,000","133,031,000","149,168,000","132,356,000","155,429,000","127,346,000","215,118,000","140,398,000","156,461,000","129,394,000","113,300,000","148,600,000","183,500,000","147,900,000","231,700,000","150,100,000","137,200,000","98,000,000","128,700,000","102,700,000","98,200,000","85,700,000","117,600,000","88,000,000","61,100,000","35,800,000","88,400,000","35,200,000","54,200,000","35,800,000",,,,
OperatingExpense,"1,782,000,000","413,000,000","455,000,000","444,000,000","453,000,000","467,000,000","456,000,000","453,000,000","436,000,000","486,000,000","522,000,000","606,000,000","343,546,000","317,370,000","335,929,000","315,496,000","302,444,000","290,598,000","294,068,000","257,844,000","249,318,000","247,008,000","253,289,000","252,603,000","244,831,000","238,711,000","244,707,000","221,539,000","215,692,000","215,978,000","228,079,000","202,736,000","173,813,000","170,807,000","162,420,000","136,029,000","114,062,000","112,646,000","98,315,000","89,900,000","87,995,000","75,164,000","65,968,000","61,958,000","61,818,000","64,452,000","53,712,000","52,175,000","51,584,000","51,561,000","124,859,000","50,318,000","53,510,000","53,167,000","136,354,000","55,203,000","95,774,000","53,456,000","82,073,000","83,480,000","81,169,000","76,890,000","98,782,000","79,458,000","80,589,000","75,188,000","75,552,000","75,156,000","92,464,000","89,059,000","70,058,000","87,295,000","87,821,000","90,727,000","162,307,000","85,645,000","84,046,000","85,783,000","102,865,000","103,807,000","105,671,000","105,160,000","148,372,000","126,367,000","131,241,000","118,408,000","169,581,000","102,877,000","107,082,000","106,172,000","67,500,000","110,700,000","119,200,000","118,500,000","159,100,000","107,700,000","83,700,000","74,400,000","81,100,000","72,000,000","62,500,000","73,400,000","77,800,000","67,300,000","46,600,000","31,500,000","71,800,000","26,000,000","45,400,000","31,000,000",,,,
	SellingGeneralAndAdministration,"1,071,000,000","267,000,000","271,000,000","263,000,000","270,000,000","274,000,000","261,000,000","242,000,000","218,000,000","259,000,000","292,000,000","422,000,000","216,410,000","187,649,000","200,112,000","188,903,000","180,479,000","171,495,000","189,960,000","159,436,000","152,097,000","145,297,000","150,304,000","145,724,000","142,767,000","136,350,000","139,711,000","121,405,000","116,955,000","117,903,000","127,967,000","114,294,000","99,998,000","97,760,000","92,702,000","82,224,000","64,744,000","63,188,000","57,728,000","51,890,000","49,747,000","45,496,000","38,627,000","37,130,000","37,265,000","39,226,000","40,402,000","38,466,000","37,804,000","37,219,000","38,593,000","34,593,000","38,010,000","37,269,000","102,228,000","19,316,000","56,248,000","18,655,000","44,115,000","39,207,000","42,064,000","40,242,000","42,682,000","39,994,000","40,785,000","39,952,000","40,636,000","39,919,000","58,376,000","54,097,000","39,807,000","44,595,000","47,488,000","46,962,000","118,787,000","42,597,000","43,866,000","41,138,000","54,925,000","57,822,000","57,891,000","56,500,000","58,424,000","55,157,000","58,835,000","54,330,000","101,098,000","40,555,000","44,276,000","40,596,000","-1,800,000","50,600,000","59,200,000","57,000,000","94,800,000","46,300,000","44,600,000","37,500,000","40,900,000","37,000,000","26,400,000","32,600,000","38,000,000","30,900,000","21,000,000","11,500,000","35,600,000","9,700,000","26,000,000","11,100,000",,,,
		GeneralAndAdministrativeExpense,"1,071,000,000","267,000,000","271,000,000","263,000,000","270,000,000","274,000,000","261,000,000","242,000,000","218,000,000","259,000,000","292,000,000","422,000,000","216,410,000","187,649,000","200,112,000","188,903,000","180,479,000","171,495,000","189,960,000","159,436,000","152,097,000","145,297,000","150,304,000","145,724,000","142,767,000","136,350,000","139,711,000","121,405,000","116,955,000","117,903,000","127,967,000","114,294,000","99,998,000","97,760,000","92,702,000","82,224,000","64,744,000","63,188,000","59,042,000","38,351,000","37,730,000","9,367,000",,"5,789,000","7,073,000","8,664,000","6,737,000","6,236,000","7,250,000","6,577,000","7,147,000","6,109,000","6,017,000","6,359,000",,,,,,,,,,,,,,,,,,,,,,,,,,,,,,,,,,,,,,,,,,,,,,,,,,,,,,,,,,,,
			InsuranceAndClaims,,,,,,,,,,,,,,,,,,,,,,,,,,,,,,,"335,000",,,,,,,,"10,000",,,,,,,,,,,,,,,,,,,,,,,,,,,,,,,,,,,,,,,,,,,,,,,,,,,,,,,,,,,,,,,,,,,,,,,,,,,
			OtherGandA,"1,071,000,000","267,000,000","271,000,000","263,000,000","270,000,000","274,000,000","261,000,000","242,000,000","218,000,000","259,000,000","292,000,000","422,000,000","216,410,000","187,649,000","200,112,000","188,903,000","180,479,000","171,495,000","189,960,000","159,436,000","152,097,000","145,297,000","150,304,000","145,724,000","142,767,000","136,350,000","139,711,000","121,405,000","116,955,000","117,903,000","127,967,000","114,294,000","99,998,000","97,760,000","92,702,000","82,224,000","64,744,000","63,188,000","59,042,000",,,,,,,,,,,,,,,,,,,,,,,,,,,,,,,,,,,,,,,,,,,,,,,,,,,,,,,,,,,,,,,,,,,,,,,,,,,
	ResearchAndDevelopment,,,,,,,,,,,,,,,,,,,"4,947,000","2,551,000","1,345,000","1,157,000","1,030,000","745,000","1,209,000","1,101,000","881,000","4,803,000","4,237,000","2,515,000",,,,,,,,,,,,,,,,,,,,,,,,,,,,,,,,,,,,,,,,,,,,,,,,,,,,,,,,,,,,,,,,,,,,,,,,,,,,,,,,,,,,
	DepreciationAmortizationDepletionIncomeStatement,"559,000,000","121,000,000","143,000,000","148,000,000","147,000,000","153,000,000","150,000,000","174,000,000","176,000,000","174,000,000","172,000,000","120,000,000","65,842,000","66,484,000","73,289,000","69,635,000","66,234,000","70,930,000","71,600,000","67,810,000","66,980,000","69,535,000","70,797,000","73,693,000","70,034,000","67,800,000","69,510,000","65,490,000","64,718,000","65,169,000","69,620,000","59,820,000","50,241,000","49,106,000","45,539,000","34,576,000","30,662,000","30,597,000","-20,403,000","38,010,000","38,248,000","29,668,000","27,341,000","24,828,000","24,553,000","25,226,000","13,310,000","13,709,000","13,780,000","14,342,000","15,108,000","16,225,000","16,780,000","17,134,000","-47,646,000","38,050,000","37,900,000","34,801,000","37,958,000","44,273,000","39,105,000","36,648,000","40,511,000","39,464,000","39,804,000","35,236,000","34,916,000","35,237,000","34,088,000","34,962,000","30,251,000","42,700,000","40,333,000","43,765,000","43,520,000","43,048,000","40,180,000","44,645,000","47,940,000","45,985,000","47,780,000","48,660,000","79,309,000","66,075,000","66,816,000","64,078,000","68,483,000","62,322,000","62,806,000","65,576,000","69,300,000","60,100,000","60,000,000","61,500,000","64,300,000","61,400,000","39,100,000","36,900,000","40,200,000","35,000,000","36,100,000","40,800,000","39,800,000","36,400,000","25,600,000","20,000,000","36,200,000","16,300,000","19,400,000","19,900,000",,,,
		DepreciationAndAmortizationInIncomeStatement,"559,000,000","121,000,000","143,000,000","148,000,000","147,000,000","153,000,000","150,000,000","174,000,000","176,000,000","174,000,000","172,000,000","120,000,000","65,842,000","66,484,000","73,289,000","69,635,000","66,234,000","70,930,000","71,600,000","67,810,000","66,980,000","69,535,000","70,797,000","73,693,000","70,034,000","67,800,000","69,510,000","65,490,000","64,718,000","65,169,000","69,620,000","59,820,000","50,241,000","49,106,000","45,539,000","34,576,000","30,662,000","30,597,000","-20,403,000","38,010,000","38,248,000","29,668,000","27,341,000","24,828,000","24,553,000","25,226,000","13,310,000","13,709,000","13,780,000","14,342,000","15,108,000","16,225,000","16,780,000","17,134,000","-47,646,000","38,050,000","37,900,000","34,801,000","37,958,000","44,273,000","39,105,000","36,648,000","40,511,000","39,464,000","39,804,000","35,236,000","34,916,000","35,237,000","34,088,000","34,962,000","30,251,000","42,700,000","40,333,000","43,765,000","43,520,000","43,048,000","40,180,000","44,645,000","47,940,000","45,985,000","47,780,000","48,660,000","79,309,000","66,075,000","66,816,000","64,078,000","68,483,000","62,322,000","62,806,000","65,576,000","69,300,000","60,100,000","60,000,000","61,500,000","64,300,000","61,400,000","39,100,000","36,900,000","40,200,000","35,000,000","36,100,000","40,800,000","39,800,000","36,400,000","25,600,000","20,000,000","36,200,000","16,300,000","19,400,000","19,900,000",,,,
			DepreciationIncomeStatement,"114,000,000","28,000,000","30,000,000","28,000,000","28,000,000","28,000,000","27,000,000","25,000,000","26,000,000","24,000,000","28,000,000","24,000,000","22,305,000","23,020,000","29,763,000","25,035,000","23,117,000","27,325,000","25,077,000","24,442,000","23,603,000","23,981,000","24,199,000","25,886,000","24,409,000","24,035,000","27,495,000","25,476,000","25,273,000","25,189,000","28,319,000","25,342,000","25,252,000","24,378,000","23,446,000","17,408,000","15,105,000","14,595,000","12,389,000","12,846,000","12,655,000","9,489,000","9,351,000","7,602,000","7,859,000","8,058,000","8,563,000","9,022,000","9,097,000","9,625,000","10,436,000","9,995,000","10,528,000","11,933,000","10,953,000","11,700,000","11,559,000","10,553,000","10,487,000","10,555,000","11,632,000","10,897,000","10,367,000","10,907,000","12,686,000","12,288,000","11,938,000","12,175,000","13,136,000","13,189,000","10,544,000","12,574,000","13,050,000","12,399,000","12,649,000","11,767,000","11,509,000","11,098,000","11,178,000","10,611,000","9,710,000","9,964,000","9,607,000","10,076,000","9,635,000","9,530,000",,,,,,,,,,,,,,,,,,,,,,,,,,,,
			Amortization,"445,000,000","93,000,000","113,000,000","120,000,000","119,000,000","125,000,000","123,000,000","149,000,000","150,000,000","150,000,000","144,000,000","96,000,000","43,537,000","43,464,000","43,526,000","44,600,000","43,117,000","43,605,000","46,523,000","43,368,000","43,377,000","45,554,000","46,598,000","47,807,000","45,625,000","43,765,000","42,015,000","40,014,000","39,445,000","39,980,000","41,301,000","34,478,000","24,989,000","24,728,000","22,093,000","17,168,000","15,557,000","16,002,000","-32,792,000","25,164,000","25,593,000","20,179,000","17,990,000","17,226,000","16,694,000","17,168,000","4,747,000","4,687,000","4,683,000","4,717,000","4,672,000","6,230,000","6,252,000","5,201,000","-58,599,000","26,350,000","26,341,000","24,248,000","27,471,000","33,718,000","27,473,000","25,751,000","30,144,000","28,557,000","27,118,000","22,948,000","22,978,000","23,062,000","20,952,000","21,773,000","19,707,000","30,126,000","27,283,000","31,366,000","30,871,000","31,281,000","28,671,000","33,547,000","36,762,000","35,374,000","38,070,000","38,696,000","69,702,000","55,999,000","57,181,000","54,548,000",,,,,,,,,,,,,,,,,,,,,,,,,,,,
				AmortizationOfIntangiblesIncomeStatement,"445,000,000","93,000,000","113,000,000","120,000,000","119,000,000","125,000,000","123,000,000","149,000,000","150,000,000","150,000,000","144,000,000","96,000,000","43,537,000","43,464,000","43,526,000","44,600,000","43,117,000","43,605,000","46,523,000","43,368,000","43,377,000","45,554,000","46,598,000","47,807,000","45,625,000","43,765,000","42,015,000","40,014,000","39,445,000","39,980,000","41,301,000","34,478,000","24,989,000","24,728,000","22,093,000","17,168,000","15,557,000","16,002,000","-32,792,000","25,164,000","25,593,000","20,179,000","17,990,000","17,226,000","16,694,000","17,168,000","4,747,000","4,687,000","4,683,000","4,717,000","4,672,000","6,230,000","6,252,000","5,201,000","-58,599,000","26,350,000","26,341,000","24,248,000","27,471,000","33,718,000","27,473,000","25,751,000","30,144,000","28,557,000","27,118,000","22,948,000","22,978,000","23,062,000","20,952,000","21,773,000","19,707,000","30,126,000","27,283,000","31,366,000","30,871,000","31,281,000","28,671,000","33,547,000","36,762,000","35,374,000","38,070,000","38,696,000","69,702,000","55,999,000","57,181,000","54,548,000",,,,,,,,,,,,,,,,,,,,,,,,,,,,
	OtherOperatingExpenses,"152,000,000","25,000,000","41,000,000","33,000,000","36,000,000","40,000,000","45,000,000","37,000,000","42,000,000","53,000,000","58,000,000","64,000,000","61,294,000","63,237,000","62,528,000","56,958,000","55,731,000","48,173,000","27,561,000","28,047,000","28,896,000","31,019,000","31,158,000","32,441,000","30,821,000","33,460,000","34,605,000","29,841,000","29,782,000","30,391,000","30,492,000","28,622,000","23,574,000","23,941,000","24,179,000","19,229,000","18,656,000","18,861,000","17,425,000",,,,,,"12,666,000",,,"7,902,000",,"15,914,000","71,158,000","-500,000","-1,280,000","-1,236,000","81,772,000","-2,163,000","1,626,000",,,,,,,,,,,,,,,,,,,,,,,,,,"10,639,000","5,135,000","5,590,000",,,,,,,,,,,,,,,,,,,,,,,,,,,,,
OperatingIncome,"107,000,000","104,000,000","120,000,000","69,000,000","-186,000,000","21,000,000","609,000,000","9,000,000","464,000,000","295,000,000","242,000,000","-41,000,000","92,011,000","85,689,000","259,569,000","146,982,000","126,841,000","86,205,000","132,241,000","103,413,000","118,699,000","104,282,000","233,399,000","150,683,000","129,063,000","83,679,000","124,521,000","99,606,000","114,340,000","84,547,000","171,178,000","102,274,000","103,039,000","81,000,000","106,628,000","72,848,000","84,280,000","63,656,000","119,035,000","78,557,000","71,992,000","59,922,000","64,286,000","52,233,000","57,558,000","50,460,000","86,147,000","56,095,000","56,691,000","46,227,000","53,378,000","35,976,000","25,824,000","23,391,000","48,496,000","37,402,000","43,312,000","46,218,000","47,007,000","32,934,000","41,859,000","37,328,000","38,591,000","38,055,000","47,181,000","35,356,000","44,249,000","40,291,000","52,340,000","32,517,000","34,681,000","39,128,000","53,064,000","30,408,000","45,768,000","41,711,000","55,530,000","30,014,000","63,826,000","42,957,000","49,039,000","27,871,000","796,000","5,989,000","24,188,000","8,938,000","45,537,000","37,521,000","49,379,000","23,222,000","45,800,000","37,900,000","64,300,000","29,400,000","72,600,000","42,400,000","53,500,000","23,600,000","47,600,000","30,700,000","35,700,000","12,300,000","39,800,000","20,700,000","14,500,000","4,300,000","16,600,000","9,200,000","8,800,000","4,800,000","-70,000,000","30,900,000","30,900,000","30,900,000"
NetNonOperatingInterestIncomeExpense,"-582,000,000","-115,000,000","-152,000,000","-155,000,000","-160,000,000","-151,000,000","-154,000,000","-157,000,000","-165,000,000","-180,000,000","-185,000,000","-129,000,000","-53,678,000","-54,626,000","-54,210,000","-75,753,000","-92,271,000","-69,742,000","-52,295,000","-51,743,000","-50,959,000","-57,318,000","-54,324,000","-53,488,000","-53,916,000","-49,415,000","-48,569,000","-48,566,000","-47,664,000","-46,648,000","-47,253,000","-47,950,000","-40,121,000","-39,538,000","-39,908,000","-39,867,000","-45,465,000","-37,697,000","-36,552,000","-35,294,000","-29,320,000","-27,387,000","-27,564,000","-24,463,000","-24,628,000","-28,880,000","-27,346,000","-31,349,000","-28,377,000","-28,974,000","-26,516,000","-17,463,000","-17,635,000","-18,348,000",,,,,,,,,,,,,,,,,,,,,,,,,,,,,,,,,,,,,,,,,,,,,,,,,,,,,,,,,,,,
	InterestIncomeNonOperating,,,,,,,,,,,,,,,,,,,,,,,,,,,,,,,,,,,,,,,,,,,,,,,,,,"47,000","19,000","3,000","11,000","26,000",,,,,,,,,,,,,,,,,,,,,,,,,,,,,,,,,,,,,,,,,,,,,,,,,,,,,,,,,,,,
	InterestExpenseNonOperating,"582,000,000","115,000,000","152,000,000","155,000,000","160,000,000","151,000,000","154,000,000","157,000,000","165,000,000","180,000,000","185,000,000","129,000,000","53,678,000","54,626,000","54,210,000","75,753,000","92,271,000","69,742,000","52,295,000","51,743,000","50,959,000","57,318,000","54,324,000","53,488,000","53,916,000","49,415,000","48,569,000","48,566,000","47,664,000","46,648,000","47,253,000","47,950,000","40,121,000","39,538,000","39,908,000","39,867,000","45,465,000","37,697,000","36,552,000","35,294,000","29,320,000","27,387,000","27,564,000","24,463,000","24,628,000","28,880,000","27,346,000","31,349,000","28,377,000","28,974,000","26,535,000","17,466,000","17,646,000","18,374,000",,,,,,,,,,,,,,,,,,,,,,,,,,,,,,,,,,,,,,,,,,,,,,,,,,,,,,,,,,,,
OtherIncomeExpense,"3,262,000,000","3,314,000,000","-13,000,000","12,000,000","-51,000,000","147,000,000","144,000,000","-4,066,000,000","28,000,000","24,000,000","22,000,000","26,000,000","7,677,000","-3,533,000","-11,867,000","-8,877,000","-8,558,000","11,903,000","218,918,000","-1,986,000","3,175,000","52,318,000","-218,000","-18,176,000","2,058,000","3,545,000","-4,399,000","204,000","3,057,000","3,364,000","25,178,000","1,968,000","1,757,000","1,015,000","-44,226,000","2,059,000","-16,205,000","-595,000","1,874,000","2,466,000","5,863,000","1,412,000","-285,000","2,546,000","-2,078,000","1,279,000","-8,175,000","-5,379,000","-602,000","893,000","-119,704,000","655,000","864,000","-129,895,000","-460,731,000","4,691,000","-2,060,000","1,813,000","2,374,000","2,778,000","-17,042,000","-14,427,000","-14,324,000","2,000","431,000","9,469,000","5,012,000","5,922,000","87,000","10,143,000","-30,741,000","-1,351,000","17,685,000","2,521,000","10,234,000","9,163,000","-16,688,000","1,602,000","5,732,000","-26,556,000","-15,436,000","10,100,000","-27,070,000","-19,324,000","-5,221,000","-11,644,000","-4,412,000","-9,442,000","-2,606,000","-647,000","2,600,000","900,000","4,400,000","8,200,000","3,200,000","-1,900,000","7,100,000","1,400,000","800,000","300,000","500,000","-700,000","300,000","500,000","1,200,000","500,000","2,100,000","600,000","7,000,000","400,000",,,,
	GainOnSaleOfSecurity,,,,,,,,,,,,,,,,,,,,,,,,,,,,,,,,,,,,,,,,,"10,000","19,000","19,000",,,,,,,"-5,000",,,,,,,,,,,,,,,,,,,,,,,,,,,,,,,,,,,,,,,,,,,,,,,,,,,,,,,,,,,,,,,,
	EarningsFromEquityInterest,"48,000,000","12,000,000","22,000,000","12,000,000","2,000,000","9,000,000","-13,000,000","-10,000,000","-7,000,000","-6,000,000","3,000,000","-12,000,000","-11,844,000","-13,637,000","-5,492,000","-25,379,000","-17,483,000","-12,477,000","-9,698,000","-4,362,000","1,462,000","-1,321,000","-1,054,000","1,423,000","943,000","423,000","-4,441,000","252,000","2,007,000","3,146,000","-455,000","1,928,000","742,000","98,000","506,000","1,571,000","-404,000","-1,052,000","1,327,000","1,919,000","5,148,000","1,276,000","363,000","2,080,000","815,000","11,000","-2,383,000","-1,997,000","-1,024,000","543,000","-117,000","453,000","463,000","-445,000","-2,585,000","658,000","-1,471,000","695,000","782,000","711,000","-880,000","-12,000","146,000","57,000","36,000","6,099,000","-1,037,000","24,000","-1,592,000",,"845,000","-3,124,000","858,000",,,,,,,,,,,,,,,,,,,,,,,,,,,,,,,,,,,,,,,,,
	SecuritiesAmortization,,,,,,,,,,,,,"22,084,000","23,937,000","24,757,000","24,482,000","24,710,000","26,950,000","27,561,000","28,047,000","28,896,000","31,019,000","31,158,000","32,441,000","30,821,000","33,460,000","34,605,000","29,841,000","29,782,000","30,391,000","30,492,000",,"23,574,000","23,941,000","24,179,000","19,229,000","18,656,000","18,861,000","17,425,000",,,,,,"12,666,000",,,,,"15,914,000",,"17,021,000",,,,,,,,,,,,,,,,,,,,,,,,,,,,,,,,,,,,,,,,,,,,,,,,,,,,,,,,,,,,,,
	SpecialIncomeCharges,"3,412,000,000","3,362,000,000","38,000,000","4,000,000","8,000,000","14,000,000","1,000,000","-4,225,000,000","31,000,000","34,000,000","25,000,000","35,000,000","13,988,000","7,909,000","3,385,000","10,828,000","4,741,000","21,109,000","225,341,000","34,000","150,000","51,943,000","47,000","-20,388,000","11,000","2,660,000","28,000",,,,"23,218,000","-611,000","0",,"-45,530,000","0","-16,283,000","0","-1,733,000","547,000","705,000","117,000","-667,000","466,000","-2,893,000","1,268,000","-5,792,000","-3,382,000","422,000","350,000","-119,587,000","202,000","401,000","-129,450,000","-458,146,000","4,033,000","-589,000","1,118,000","1,592,000","2,067,000","-16,162,000","-14,415,000","-14,470,000","-55,000","395,000","3,370,000","6,049,000","5,898,000","1,679,000","10,143,000","-31,586,000","1,773,000","16,827,000","2,521,000","10,234,000","9,163,000","-16,688,000","1,602,000","5,732,000","-26,556,000","-15,436,000","10,100,000","-27,070,000","-19,324,000","-5,221,000","-11,644,000","-4,412,000","-9,442,000","-2,606,000","-647,000","2,600,000","900,000","4,400,000","8,200,000","3,200,000","-1,900,000","7,100,000","1,400,000","800,000","300,000","500,000","-700,000","300,000","500,000","1,200,000","500,000","2,100,000","600,000","7,000,000","400,000",,,,
		RestructuringAndMergernAcquisition,,,,,,,,,,,,,,,,,,,,,,,,,,,,,,,,,,,,,,,,,,,,,,,,,,,,,,,,,,,,,,,,,,,,,,,,,,,,,,,,,,,"344,000","1,069,000",,"2,423,000",,,,,,,,,,,,,,,,,,,,,,,,,,,,
		ImpairmentOfCapitalAssets,,,"0","0",,,"0","4,264,000,000",,,,,,,,,,,,,,,,,,,,,,,,,,,,,,,"0",,"0","0",,,,,"4,803,000","0","0","0","119,458,000","243,000","0","130,098,000",,,,,,,,,,,,,,,,,,,,,,,,,,,,,,,,,,,,,,,,,,,,,,,,,,,,,,,,,,,,
		OtherSpecialCharges,,,"7,000,000",,,,"15,000,000",,"-3,000,000","-2,000,000","8,000,000",,,,,,,,"0",,,"1,404,000","0","23,699,000",,,,,,,"14,553,000",,,,"42,138,000",,"16,283,000",,"1,733,000","-547,000","-705,000","-117,000","269,000","-466,000","2,893,000",,"989,000","3,382,000","-422,000","-350,000","129,000","-445,000","-401,000","-648,000",,,,,,,,,,,,,,,,,,,,,,,,,,,,,"26,726,000","18,255,000",,"9,221,000",,,,,,,,,,,,,,,,,,,,,,,,,,,,
		GainOnSaleOfBusiness,,"3,357,000,000",,,,,,,,,,,,,,,,,,,,,,,,,,,,,,,,,,,,,,,,,,,,,,,,,,,,,,,,,,,,,,,,,,,,,,,,,,,,,,,,,,,,,,,,,,,,,,,,,,,,,,,,,,,,,,,,
		GainOnSaleOfPPE,"62,000,000","5,000,000","45,000,000","4,000,000","8,000,000","14,000,000","16,000,000","39,000,000","28,000,000","32,000,000","35,000,000","35,000,000","13,988,000","7,909,000","3,385,000","10,828,000","4,741,000","21,109,000","225,341,000","34,000","150,000","53,347,000","47,000","3,311,000","11,000","2,660,000","28,000",,,,"37,771,000","-611,000",,,"-3,342,000",,,,,,,,,,,,,,,,,,,,,,,,,,,,,,,,,,,,,,,,,,,,,,,,,,,,,,,,,,,,,,,,,,,,,,,,,,,,,,,
	OtherNonOperatingIncomeExpenses,"-198,000,000","-60,000,000","-73,000,000","-4,000,000","-61,000,000","124,000,000","156,000,000","169,000,000","4,000,000","-4,000,000","-6,000,000","3,000,000","5,533,000","2,195,000","-9,760,000","5,674,000","4,184,000","3,271,000","3,275,000","2,342,000","1,563,000","1,696,000","789,000","789,000","1,104,000","462,000","320,000","-48,000","1,050,000","218,000","2,415,000","651,000","1,015,000","917,000","798,000","488,000","482,000","457,000","547,000",,,,,,,,,,,,,,,,,,,,,,,,,,,,,,,,,,,,,,,,,,,,,,,,,,,,,,,,,,,,,,,,,,,,,,,,,,,
PretaxIncome,"2,787,000,000","3,303,000,000","-45,000,000","-74,000,000","-397,000,000","17,000,000","599,000,000","-4,214,000,000","327,000,000","139,000,000","79,000,000","-144,000,000","46,010,000","27,530,000","193,492,000","62,352,000","26,012,000","28,366,000","298,864,000","49,684,000","70,915,000","99,282,000","178,857,000","79,019,000","77,205,000","37,809,000","71,553,000","51,244,000","69,733,000","41,263,000","149,103,000","56,292,000","64,675,000","42,477,000","22,494,000","35,040,000","22,610,000","25,364,000","84,357,000","45,729,000","48,535,000","33,947,000","36,437,000","30,316,000","30,852,000","22,859,000","50,626,000","19,367,000","27,712,000","18,146,000","-92,842,000","19,168,000","9,053,000","-105,839,000","-430,513,000","21,079,000","23,590,000","28,010,000","27,731,000","13,904,000","631,000","-3,093,000","12,167,000","10,522,000","19,291,000","15,701,000","19,062,000","15,954,000","23,793,000","13,810,000","-19,229,000","5,837,000","38,109,000","469,000","22,642,000","17,533,000","2,236,000","-3,991,000","29,800,000","-19,742,000","-4,655,000","-1,121,000","-57,390,000","-49,766,000","-16,283,000","-41,756,000","619,000","-15,705,000","3,657,000","-19,530,000","-2,200,000","-11,500,000","19,800,000","-11,400,000","26,300,000","-5,700,000","27,400,000","-8,100,000","21,600,000","-200,000","5,600,000","-15,500,000","12,200,000","-7,800,000","-1,000,000","-5,000,000","8,000,000","1,300,000","6,100,000","-4,700,000",,,,
TaxProvision,"523,000,000","687,000,000","-4,000,000","-91,000,000","-69,000,000","-9,000,000","85,000,000","-847,000,000","54,000,000","-12,000,000","-8,000,000","-95,000,000","2,627,000","4,759,000","-14,202,000","-2,648,000","-3,297,000","-15,628,000","-145,937,000","17,118,000","24,880,000","28,579,000","56,357,000","26,986,000","26,605,000","12,180,000","10,723,000","7,210,000","23,334,000","16,427,000","52,014,000","7,524,000","23,074,000","14,820,000","18,257,000","4,489,000","9,654,000","8,849,000","25,641,000","19,153,000","18,336,000","4,806,000","13,084,000","10,875,000","12,476,000","8,025,000","17,294,000","5,154,000","10,692,000","7,086,000","-23,383,000","3,313,000","6,358,000","-18,800,000","-147,826,000","9,386,000","10,490,000","11,466,000","16,483,000","4,327,000","-1,195,000","-843,000","4,229,000","-12,318,000","8,498,000","7,478,000","20,609,000","2,585,000","8,448,000","5,402,000","-6,625,000","2,329,000","15,298,000","180,000","5,676,000","11,070,000","1,566,000","-2,643,000","-1,218,000","5,245,000","-2,646,000","-491,000","-23,371,000","-19,907,000","-3,261,000","-5,143,000","11,905,000","4,908,000","4,910,000","-16,907,000","16,200,000","5,400,000","18,500,000","-9,800,000","36,800,000","-3,500,000","17,200,000","-4,800,000","20,200,000","-100,000","3,800,000","-7,900,000","9,300,000","-4,500,000","-700,000","-2,500,000","3,800,000","1,000,000","3,000,000","-2,500,000",,,,
NetIncomeCommonStockholders,"2,185,000,000","2,587,000,000","-89,000,000","19,000,000","-332,000,000","-12,000,000","467,000,000","-3,256,000,000","252,000,000","123,000,000","43,000,000","-60,000,000","42,297,000","21,672,000","206,201,000","63,875,000","28,041,000","43,123,000","443,530,000","30,637,000","44,645,000","57,202,000","120,897,000","50,845,000","49,419,000","24,140,000","58,200,000","43,255,000","45,787,000","24,282,000","95,445,000","48,341,000","41,335,000","27,158,000","2,303,000","36,342,000","17,826,000","16,997,000","59,002,000","26,245,000","30,060,000","29,359,000","22,702,000","19,238,000","18,579,000","15,279,000","33,079,000","14,276,000","17,273,000","11,520,000","-67,760,000","14,938,000","2,783,000","-85,655,000","-282,837,000","11,655,000","13,278,000","16,413,000","33,405,000","9,901,000","2,197,000","-2,389,000","59,758,000","22,565,000","10,283,000","11,165,000","-717,000","31,578,000","142,638,000","8,807,000","-5,088,000","1,005,000","20,232,000","-2,299,000","16,020,000","3,875,000","-1,917,000","-3,936,000","-501,250,000","-24,029,000","-4,011,000","-45,554,000","-43,531,000","-32,447,000","-20,307,000","-39,201,000","56,579,000","16,247,000","-1,391,000","-4,420,000","176,700,000","-13,900,000","-1,300,000","-4,200,000","-13,100,000","-2,200,000","-3,500,000","-5,900,000","-7,500,000","-100,000","1,800,000","-7,600,000","2,900,000","-3,300,000","-300,000","-2,500,000","4,400,000","-4,800,000","3,100,000","-2,200,000","-800,000","-900,000","-900,000","-900,000"
	NetIncome,"2,185,000,000","2,587,000,000","-89,000,000","19,000,000","-332,000,000","-12,000,000","467,000,000","-3,256,000,000","252,000,000","123,000,000","43,000,000","-60,000,000","42,297,000","21,672,000","206,201,000","63,875,000","28,041,000","43,123,000","443,530,000","30,637,000","44,645,000","57,202,000","120,897,000","50,845,000","49,419,000","24,140,000","58,200,000","43,255,000","45,787,000","24,282,000","95,445,000","48,341,000","41,335,000","27,158,000","2,303,000","36,342,000","17,826,000","16,997,000","59,002,000","26,245,000","30,060,000","29,359,000","22,702,000","19,238,000","18,579,000","15,279,000","33,079,000","14,276,000","17,273,000","11,520,000","-67,760,000","14,938,000","2,783,000","-85,655,000","-282,837,000","11,655,000","13,278,000","16,413,000","33,405,000","9,901,000","2,197,000","-2,389,000","59,758,000","22,565,000","10,283,000","11,165,000","-717,000","31,578,000","145,140,000","11,309,000","-2,586,000","3,508,000","22,811,000","289,000","18,607,000","6,463,000","670,000","-1,348,000","-498,663,000","-21,441,000","-1,424,000","-42,966,000","-43,531,000","-29,859,000","-17,720,000","-36,613,000","59,129,000","18,847,000","1,209,000","-1,820,000","179,300,000","-11,300,000","1,300,000","-1,600,000","-10,500,000","-2,200,000","-900,000","-3,300,000","-4,700,000","-100,000","1,800,000","-7,600,000","2,900,000","-3,300,000","-300,000","-2,500,000","4,400,000","-4,800,000","3,100,000","-2,200,000","-800,000","-900,000","-900,000","-900,000"
		NetIncomeIncludingNoncontrollingInterests,"2,264,000,000","2,616,000,000","-41,000,000","17,000,000","-328,000,000","26,000,000","514,000,000","-3,367,000,000","273,000,000","151,000,000","87,000,000","-49,000,000","43,383,000","22,771,000","207,694,000","65,000,000","29,309,000","43,994,000","444,801,000","32,566,000","46,035,000","70,703,000","122,500,000","52,033,000","50,600,000","25,629,000","60,830,000","44,034,000","46,399,000","24,836,000","97,089,000","48,768,000","41,601,000","27,657,000","4,237,000","36,651,000","18,059,000","16,870,000","59,395,000","26,352,000","30,132,000","29,074,000","23,242,000","19,331,000","18,477,000","15,127,000","32,957,000","14,145,000","16,952,000","10,994,000","-69,568,000","16,100,000","2,586,000","-87,147,000","-282,837,000","11,655,000","13,278,000","16,413,000","33,405,000","9,901,000","2,197,000","-2,389,000","59,758,000","22,565,000","10,283,000","11,165,000","-717,000","31,578,000","145,140,000","11,309,000","-2,586,000","3,508,000","22,811,000","289,000","18,607,000","6,463,000","5,943,000","4,625,000","-492,690,000","-15,468,000","4,549,000","-36,993,000","-37,079,000","-24,046,000","-11,908,000","-30,800,000","64,941,000","24,660,000","7,021,000","3,993,000","185,200,000","-5,500,000","7,100,000","4,200,000","-4,600,000","3,600,000","4,900,000","2,500,000","13,900,000","-100,000","1,800,000","-7,600,000","2,900,000","-3,300,000","-300,000","-2,500,000","4,400,000","-4,800,000","3,100,000","-2,200,000","-800,000","-900,000","-900,000","-900,000"
			NetIncomeContinuousOperations,"2,264,000,000","2,616,000,000","-41,000,000","17,000,000","-328,000,000","26,000,000","514,000,000","-3,367,000,000","273,000,000","151,000,000","87,000,000","-49,000,000","43,383,000","22,771,000","207,694,000","65,000,000","29,309,000","43,994,000","444,801,000","32,566,000","46,035,000","70,703,000","122,500,000","52,033,000","50,600,000","25,629,000","60,830,000","44,034,000","46,399,000","24,836,000","97,089,000","48,768,000","41,601,000","27,657,000","4,237,000","30,551,000","12,956,000","16,515,000","58,716,000","26,576,000","30,199,000","29,141,000","23,353,000","19,441,000","18,376,000","14,834,000","33,332,000","14,213,000","17,020,000","11,060,000","-69,459,000","15,855,000","2,695,000","-87,039,000","-282,687,000","11,693,000","13,100,000","16,544,000","11,248,000","9,577,000","1,826,000","-2,250,000","7,938,000","22,840,000","10,793,000","8,223,000","-1,547,000","13,369,000","15,345,000","8,408,000","-12,604,000","3,508,000","22,811,000","289,000","16,966,000","6,463,000","670,000","-1,348,000","31,018,000","-24,987,000","-2,009,000","-630,000","-34,019,000","-29,859,000","-13,022,000","-36,613,000","-11,286,000","-20,613,000","-1,253,000","-2,623,000","-18,400,000","-16,900,000","1,300,000","-1,600,000","-10,500,000","-2,200,000","10,200,000","-3,300,000","1,400,000","-100,000","1,800,000","-7,600,000","2,900,000","-3,300,000","-300,000","-2,500,000","4,200,000","300,000","3,100,000","-2,200,000","-800,000","-900,000","-900,000","-900,000"
			NetIncomeDiscontinuousOperations,,,,,,,,,,,,,,,,,,,,,,,,,,,,,,,"0","0","0","0","0","6,100,000","5,103,000","355,000","679,000","-224,000","-67,000","-67,000","-111,000","-110,000","101,000","293,000","-375,000","-68,000","-68,000","-66,000","-109,000","245,000","-109,000","-108,000","-150,000","-38,000","178,000","-131,000","22,157,000","324,000","371,000","-139,000","51,820,000","-275,000","-510,000","2,942,000","830,000","18,209,000","129,795,000","2,901,000",,,,,,,,,"0","7,764,000","585,000",,,,,,"70,415,000","39,460,000","2,462,000","803,000","197,700,000","5,600,000",,,,,,,,,,,,,,,,,,,,,,
			NetIncomeExtraordinary,,,,,,,,,,,,,,,,,,,,,,,,,,,,,,,,,,,,,,,,,,,,,,,,,,,,,,,,,,,,,,,,,,,,,,,,,,,,,,,"-524,796,000",,,"-41,608,000",,,,,,,,,,,,,"0",,,,,,,,,,,,,,,,,,,
			NetIncomeFromTaxLossCarryforward,,,,,,,,,,,,,,,,,,,,,,,,,,,,,,,,,,,,,,,,,,,,,,,,,,,,,,,,,,,,,,,,,,,,,,,,,,,,,,,"-4,885,000","-4,218,000",,"-728,000","-9,512,000",,"-4,698,000",,,,,,,,,,,,"-11,100,000",,,,,,,,,,"200,000","-5,100,000",,,,,,
		MinorityInterests,"-79,000,000","-29,000,000","-48,000,000","2,000,000","-4,000,000","-38,000,000","-47,000,000","111,000,000","-21,000,000","-28,000,000","-44,000,000","-11,000,000","-1,086,000","-1,099,000","-1,493,000","-1,125,000","-1,268,000","-871,000","-1,271,000","-1,929,000","-1,390,000","-13,501,000","-1,603,000","-1,188,000","-1,181,000","-1,489,000","-2,630,000","-779,000","-612,000","-554,000","-1,644,000","-427,000","-266,000","-499,000","-1,934,000","-309,000","-233,000","127,000","-393,000","-107,000","-72,000","285,000","-540,000","-93,000","102,000","152,000","122,000","131,000","321,000","526,000","1,808,000","-1,162,000","197,000","1,492,000",,,,,,,,,,,,,,,,,,,,,"0",,"-5,273,000","-5,973,000","-5,973,000","-5,973,000","-5,973,000","-5,973,000","-6,452,000","-5,813,000","-5,812,000","-5,813,000","-5,812,000","-5,813,000","-5,812,000","-5,813,000","-5,900,000","-5,800,000","-5,800,000","-5,800,000","-5,900,000","-5,800,000","-5,800,000","-5,800,000",,,,,,,,,,,,,,,,
	PreferredStockDividends,,,,,,,,,,,,,,,,,,,,,,,,,,,,,,,,,,,,,,,,,,,,,,,,,,,,,,,,,,,,,,,,,,,"0",,"2,502,000","2,502,000","2,502,000","2,503,000","2,579,000","2,588,000","2,587,000","2,588,000","2,587,000","2,588,000","2,587,000","2,588,000","2,587,000","2,588,000","0","2,588,000","2,587,000","2,588,000","2,550,000","2,600,000","2,600,000","2,600,000","2,600,000","2,600,000","2,600,000","2,600,000","2,600,000",,"2,600,000","2,600,000",,,,,,,,,,,,,,,,
AverageDilutionEarnings,,,,,,,,,,,,,,,,,,,,,"0","0",,"0","0","0","0","0","0","0","0","0","0","0","0","0","71,000","71,000",,,,,,,,,,,,,,,,,,,,,,,,,,,,,,,,,,,,,,,,,,,,,,,,,,,,,,,,,,,,,,,,,,,,,,,,,,,,
DilutedNIAvailtoComStockholders,"2,185,000,000","2,587,000,000","-89,000,000","19,000,000","-332,000,000","-12,000,000","467,000,000","-3,256,000,000","252,000,000","123,000,000","43,000,000","-60,000,000","42,297,000","21,672,000","206,201,000","63,875,000","28,041,000","43,123,000","443,530,000","30,637,000","44,645,000","57,202,000","120,897,000","50,845,000","49,419,000","24,140,000","58,200,000","43,255,000","45,787,000","24,282,000","95,445,000","48,341,000","41,335,000","27,158,000","2,303,000","36,342,000","17,897,000","17,068,000","59,182,000","26,245,000","30,060,000","29,359,000","22,702,000","19,238,000","18,579,000","15,279,000","33,079,000","14,276,000","17,273,000","11,520,000","-67,760,000","14,938,000","2,783,000","-85,655,000","-282,837,000","11,655,000","13,278,000","16,413,000","33,405,000","9,901,000","2,197,000","-2,389,000","59,758,000","22,565,000","10,283,000","11,165,000","-717,000","31,578,000","142,638,000","8,807,000","-5,088,000","1,005,000","20,232,000","-2,299,000","16,020,000","3,875,000","-1,917,000","-3,936,000","-501,250,000","-24,029,000","-4,011,000","-45,554,000","-43,531,000","-32,447,000","-20,307,000","-39,201,000","56,579,000","16,247,000","-1,391,000","-4,420,000","176,700,000","-13,900,000","-1,300,000","-4,200,000","-13,100,000","-2,200,000","-3,500,000","-5,900,000","-7,500,000","-100,000","1,800,000","-7,600,000","2,900,000","-3,300,000","-300,000","-2,500,000","4,400,000","-4,800,000","3,100,000","-2,200,000","-800,000","-900,000","-900,000","-900,000"
BasicEPS,,"35.4","-1.18","0.25","-4.41","-0.16","6.32","-42.91","3.13","1.36","0.47","-0.65","0.46","0.23","2.12","0.63","0.27","0.42","4.36","0.3","0.43","0.62","1.34","0.54","0.52","0.25","0.62","0.46","0.48","0.26","0.99","0.5","0.43","0.27","0.02","0.37","0.19","0.21","0.73","0.33","0.37","0.36",,"0.24","0.23","0.19",,"0.18","0.22","0.14",,"0.19","0.04","-1.06",,"0.14","0.15","0.19",,"0.11","0.03","-0.03",,"0.26","0.12","0.13",,"0.37","1.67","0.1",,"0.01","0.24","-0.03",,"0.05","-0.02","-0.05",,"-0.28","-0.05","-0.54",,"-0.39","-0.24","-0.46",,"0.18","-0.01","-0.05",,"-0.14","-0.01","-0.04",,"-0.05","-0.04","-0.08",,"-0.01","0.03","-0.11",,"-0.05","-0.01","-0.05",,"-0.07","0.05","-0.04",,"-0.63","-0.63","-0.63"
DilutedEPS,,"35.39","-1.18","0.25","-4.41","-0.16","6.27","-42.91","3.12","1.35","0.47","-0.65","0.45","0.23","2.1","0.62","0.27","0.42","4.32","0.3","0.43","0.61","1.32","0.54","0.52","0.25","0.61","0.45","0.48","0.25","0.98","0.49","0.42","0.27","0.02","0.36","0.19","0.207","0.73","0.32","0.37","0.36",,"0.237","0.23","0.19",,"0.18","0.21","0.14",,"0.19","0.04","-1.06",,"0.14","0.15","0.19",,"0.11","0.03","-0.03",,"0.25","0.12","0.13",,"0.37","1.67","0.1",,"0.01","0.235","-0.03",,"0.05","-0.02","-0.05",,"-0.28","-0.05","-0.54",,"-0.39","-0.24","-0.46",,"0.18","-0.01","-0.05",,"-0.14","-0.01","-0.04",,"-0.05","-0.04","-0.08",,"-0.01","0.03","-0.11",,"-0.05","-0.01","-0.05",,"-0.07","0.05","-0.04",,"-0.63","-0.63","-0.63"
BasicAverageShares,,"73,089,000","74,996,000","75,472,000","75,331,000","74,389,000","73,974,000","74,810,000","80,425,000","90,609,000","91,911,000","92,086,000","91,764,000","92,302,000","97,484,000","102,083,000","102,224,000","101,899,000","101,727,000","102,245,000","102,649,000","92,630,000","90,507,000","93,948,000","95,026,000","94,701,000","94,580,000","95,002,000","95,307,000","95,131,000","96,422,000","97,154,000","97,174,000","98,824,000","99,802,000","99,473,000","92,083,000","81,191,000","81,109,000","81,081,000","81,036,000","80,852,000",,"80,940,000","80,912,000","80,579,000",,"80,344,000","80,307,000","79,957,000",,"79,739,000","79,566,000","80,815,000",,"86,158,000","87,459,000","87,246,000",,"87,175,000","87,122,000","86,140,000",,"85,719,000","85,692,000","85,533,000",,"85,428,000","85,395,000","85,235,000",,"85,311,000","85,630,000","85,936,000",,"85,666,000","85,604,000","85,599,000",,"85,492,000","85,430,000","84,876,000",,"84,247,000","84,312,000","84,560,000",,"90,358,000","92,492,000","95,237,000",,"97,734,000","96,371,000","78,768,000",,"97,734,000","96,889,000","78,768,000",,"64,444,444","60,000,000","69,090,909",,"66,000,000","50,000,000","50,000,000",,"68,571,429","62,000,000","55,000,000",,"1,428,571","1,428,571","1,428,571"
DilutedAverageShares,,"73,101,000","74,996,000","75,516,000","75,331,000","74,389,000","74,529,000","75,247,000","80,737,000","91,226,000","92,928,000","93,435,000","93,163,000","93,218,000","98,218,000","102,789,000","102,986,000","102,917,000","102,615,000","103,055,000","103,665,000","93,692,000","91,357,000","94,766,000","95,934,000","95,614,000","95,405,000","95,692,000","96,050,000","95,771,000","97,133,000","97,896,000","97,864,000","99,502,000","100,654,000","100,239,000","93,604,000","82,064,000","81,440,000","81,379,000","81,294,000","81,127,000",,"81,195,000","81,169,000","80,579,000",,"80,627,000","86,985,000","79,957,000",,"86,155,000","79,566,000","80,815,000",,"86,158,000","87,459,000","93,958,000",,"87,227,000","87,282,000","86,140,000",,"99,149,000","85,734,000","85,535,000",,"85,448,000","85,399,000","85,236,000",,"85,319,000","85,936,000","86,212,000",,"85,806,000","85,758,000","85,661,000",,"85,727,000","85,750,000","85,037,000",,"84,247,000","84,313,000","84,590,000",,"90,491,000","92,492,000","95,237,000",,"99,339,000","97,026,000","87,660,000",,"99,339,000","99,242,000","87,660,000",,"64,444,444","60,000,000","69,090,909",,"66,000,000","50,000,000","50,000,000",,"68,571,429","62,000,000","55,000,000",,"1,428,571","1,428,571","1,428,571"
TotalOperatingIncomeAsReported,"3,526,000,000","3,466,000,000","165,000,000","73,000,000","-178,000,000","35,000,000","625,000,000","-4,216,000,000","492,000,000","327,000,000","277,000,000","-6,000,000","105,999,000","93,598,000","262,954,000","157,810,000","131,582,000","107,314,000","357,582,000","103,447,000","118,849,000","157,629,000","233,446,000","153,994,000","129,074,000","86,339,000","124,243,000","99,606,000","114,340,000","84,547,000","208,949,000","101,663,000","103,039,000","81,000,000","103,236,000","72,848,000","84,280,000","63,656,000","119,035,000","78,557,000","71,992,000","59,922,000","63,888,000","52,233,000","57,558,000","50,460,000","81,344,000","56,095,000","56,691,000","46,227,000","-66,080,000","35,733,000","25,824,000","-106,707,000","-415,391,000","37,402,000","43,312,000","46,218,000","47,007,000","32,934,000","41,859,000","37,328,000","38,591,000","38,055,000","47,181,000","35,356,000","44,249,000","40,291,000","52,340,000","32,517,000","34,681,000","39,128,000","53,064,000","30,408,000","45,768,000","41,711,000","55,530,000","30,014,000","63,826,000","42,957,000","49,039,000","27,871,000","452,000","4,920,000","24,188,000","6,515,000","45,537,000","37,521,000","49,379,000","23,222,000","45,800,000","37,900,000","64,300,000","29,400,000","72,600,000","42,400,000","53,500,000","23,600,000","47,600,000","30,700,000","35,700,000","12,300,000","39,800,000","20,700,000","14,500,000","4,300,000","16,600,000","9,200,000","8,800,000","4,800,000",,,,
TotalExpenses,"5,804,000,000","1,184,000,000","1,356,000,000","1,466,000,000","1,798,000,000","1,490,000,000","903,000,000","1,530,000,000","819,000,000","1,314,000,000","1,380,000,000","1,166,000,000","678,708,000","636,414,000","633,756,000","619,278,000","603,302,000","579,147,000","601,762,000","567,478,000","560,591,000","545,653,000","564,292,000","543,152,000","537,471,000","495,210,000","487,269,000","448,798,000","439,827,000","420,228,000","442,640,000","392,682,000","352,097,000","331,648,000","321,087,000","265,796,000","229,874,000","218,962,000","205,827,000","181,932,000","181,562,000","163,914,000","148,878,000","128,635,000","129,029,000","129,027,000","139,408,000","130,357,000","128,860,000","123,401,000","129,962,000","124,151,000","132,448,000","131,347,000","147,515,000","140,789,000","150,303,000","140,439,000","151,062,000","143,765,000","138,806,000","129,527,000","159,530,000","130,403,000","137,911,000","128,111,000","134,535,000","125,499,000","131,293,000","132,167,000","114,622,000","142,341,000","147,950,000","146,085,000","147,084,000","137,726,000","140,245,000","140,663,000","139,484,000","136,580,000","142,578,000","139,609,000","183,754,000","161,590,000","168,400,000","156,626,000","172,681,000","149,668,000","158,228,000","152,626,000","158,700,000","138,200,000","163,700,000","160,400,000","167,900,000","162,600,000","114,000,000","100,200,000","104,500,000","94,000,000","95,600,000","95,900,000","101,500,000","89,600,000","64,600,000","38,400,000","42,400,000","41,000,000","45,400,000","36,500,000",,,,
NetIncomeFromContinuingAndDiscontinuedOperation,"2,185,000,000","2,587,000,000","-89,000,000","19,000,000","-332,000,000","-12,000,000","467,000,000","-3,256,000,000","252,000,000","123,000,000","43,000,000","-60,000,000","42,297,000","21,672,000","206,201,000","63,875,000","28,041,000","43,123,000","443,530,000","30,637,000","44,645,000","57,202,000","120,897,000","50,845,000","49,419,000","24,140,000","58,200,000","43,255,000","45,787,000","24,282,000","95,445,000","48,341,000","41,335,000","27,158,000","2,303,000","36,342,000","17,826,000","16,997,000","59,002,000","26,245,000","30,060,000","29,359,000","22,702,000","19,238,000","18,579,000","15,279,000","33,079,000","14,276,000","17,273,000","11,520,000","-67,760,000","14,938,000","2,783,000","-85,655,000","-282,837,000","11,655,000","13,278,000","16,413,000","33,405,000","9,901,000","2,197,000","-2,389,000","59,758,000","22,565,000","10,283,000","11,165,000","-717,000","31,578,000","145,140,000","11,309,000","-2,586,000","3,508,000","22,811,000","289,000","18,607,000","6,463,000","670,000","-1,348,000","31,018,000","-17,223,000","-1,424,000","-630,000","-34,019,000","-29,859,000","-13,022,000","-36,613,000","59,129,000","18,847,000","1,209,000","-1,820,000","179,300,000","-11,300,000","1,300,000","-1,600,000","-10,500,000","-2,200,000","10,200,000","-3,300,000","1,400,000","-100,000","1,800,000","-7,600,000","2,900,000","-3,300,000","-300,000","-2,500,000","4,200,000","300,000","3,100,000","-2,200,000","-800,000","-900,000","-900,000","-900,000"
NormalizedIncome,"-586,714,388.231","-75,704,000","-123,622,222.222","16,080,000","-338,608,000","-22,220,000","466,141,903.172","119,775,000","226,115,000","98,180,000","24,750,000","-85,550,000","29,107,662.812","15,186,620","203,729,950","55,970,560","24,580,070","27,713,430","308,325,400","30,615,172","44,548,700","22,556,019","120,864,809.479","64,158,364","49,411,850","22,371,100","58,200,000","43,255,000","45,787,000","24,282,000","80,326,508.742","48,870,126","41,335,000","27,158,000","31,897,500","30,242,000","23,306,950","16,642,000","59,529,240.478","26,113,450","29,682,119.295","29,309,254.014","23,228,312.567","19,049,164.204","20,213,800","14,163,150.707","37,267,434.678","16,825,972.737","17,081,818.418","11,372,674.749","21,817,057.916","14,525,913.71","2,631,350","20,909,018.575","18,144,608.574","9,071,550","13,482,850","15,817,300","10,213,200","8,153,261.579","12,331,300","8,236,178.468","17,378,524.369","22,873,000","10,556,000","6,201,000","-5,176,400","8,426,643.099","14,262,149.792","2,232,594.931","8,099,621.821","2,442,438.239","12,714,800","-1,264,452.026","9,297,505.874","965,200","10,682,800","-2,309,200","27,578,800","-9,053,400","7,252,600","-6,690,000","-17,777,000","-18,264,600","-8,846,610.821","-26,403,167.353","-8,638,800","-14,947,800","310,600","-2,234,800","-19,960,000","-17,440,000","-1,340,000","-6,520,000","-12,420,000","-1,060,000","5,940,000","-4,140,000","920,000","-280,000","1,500,000","-7,180,000","2,720,000","-3,600,000","-1,020,000","-2,800,000","2,940,000","-60,000","-1,100,000","-2,440,000","-800,000","-900,000","-900,000","-900,000"
InterestIncome,,,,,,,,,,,,,,,,,,,,,,,,,,,,,,,,,,,,,,,,,,,,,,,,,,"47,000","19,000","3,000","11,000","26,000","144,000","224,000","194,000","181,000","50,000","89,000","1,701,000",,"745,000","913,000","304,000","46,000","234,000",,"108,000","121,000","51,000",,"46,000","71,000","91,000","64,000",,,"689,000","250,000","76,000","470,000","538,000","895,000","535,000","675,000","737,000","654,000",,"580,000",,"800,000",,,,,,,,,,,,,,,,,,,,,,
InterestExpense,"582,000,000","115,000,000","152,000,000","155,000,000","160,000,000","151,000,000","154,000,000","157,000,000","165,000,000","180,000,000","185,000,000","129,000,000","53,678,000","54,626,000","54,210,000","75,753,000","92,271,000","69,742,000","52,295,000","51,743,000","50,959,000","57,318,000","54,324,000","53,488,000","53,916,000","49,415,000","48,569,000","48,566,000","47,664,000","46,648,000","47,253,000","47,950,000","40,121,000","39,538,000","39,908,000","39,867,000","45,465,000","37,697,000","36,552,000","35,294,000","29,320,000","27,387,000","27,564,000","24,463,000","24,628,000","28,880,000","27,346,000","31,349,000","28,377,000","28,974,000","26,535,000","17,466,000","17,646,000","18,374,000",,,,,,,,,,,,,,,,,,,,,,,,,,,,,,,,,,,,,,,,,,,,,,,,,,,,,,,,,,,,
NetInterestIncome,"-582,000,000","-115,000,000","-152,000,000","-155,000,000","-160,000,000","-151,000,000","-154,000,000","-157,000,000","-165,000,000","-180,000,000","-185,000,000","-129,000,000","-53,678,000","-54,626,000","-54,210,000","-75,753,000","-92,271,000","-69,742,000","-52,295,000","-51,743,000","-50,959,000","-57,318,000","-54,324,000","-53,488,000","-53,916,000","-49,415,000","-48,569,000","-48,566,000","-47,664,000","-46,648,000","-47,253,000","-47,950,000","-40,121,000","-39,538,000","-39,908,000","-39,867,000","-45,465,000","-37,697,000","-36,552,000","-35,294,000","-29,320,000","-27,387,000","-27,564,000","-24,463,000","-24,628,000","-28,880,000","-27,346,000","-31,349,000","-28,377,000","-28,974,000","-26,516,000","-17,463,000","-17,635,000","-18,348,000",,,,,,,,,,,,,,,,,,,,,,,,,,,,,,,,,,,,,,,,,,,,,,,,,,,,,,,,,,,,
EBIT,"3,369,000,000","3,418,000,000","107,000,000","81,000,000","-237,000,000","168,000,000","753,000,000","-4,057,000,000","492,000,000","319,000,000","264,000,000","-15,000,000","99,688,000","82,156,000","247,702,000","138,105,000","118,283,000","98,108,000","351,159,000","101,427,000","121,874,000","156,600,000","233,181,000","132,507,000","131,121,000","87,224,000","120,122,000","99,810,000","117,397,000","87,911,000","196,356,000","104,242,000","104,796,000","82,015,000","62,402,000","74,907,000","68,075,000","63,061,000","120,909,000","81,023,000","77,855,000","61,334,000","64,001,000","54,779,000","55,480,000","51,739,000","77,972,000","50,716,000","56,089,000","47,120,000","-66,307,000","36,634,000","26,699,000","-87,465,000","-407,048,000","37,402,000","43,312,000","46,218,000","47,007,000","32,934,000","41,859,000","37,328,000","38,591,000","38,055,000","47,181,000","35,356,000","44,249,000","40,291,000","52,340,000","32,517,000","34,681,000","39,128,000","53,064,000","30,408,000","45,768,000","41,711,000","55,530,000","30,014,000","63,826,000","42,957,000","49,039,000","27,871,000","796,000","5,989,000","24,188,000","8,938,000","45,537,000","37,521,000","49,379,000","23,222,000","45,800,000","37,900,000","64,300,000","29,400,000","72,600,000","42,400,000","53,500,000","23,600,000","47,600,000","30,700,000","35,700,000","12,300,000","39,800,000","20,700,000","14,500,000","4,300,000","16,600,000","9,200,000","8,800,000","4,800,000","-70,000,000","30,900,000","30,900,000","30,900,000"
EBITDA,"6,052,000,000"
ReconciledCostOfRevenue,"1,898,000,000","445,000,000","463,000,000","491,000,000","516,000,000","471,000,000","397,000,000","445,000,000","378,000,000","437,000,000","414,000,000","367,326,000","335,162,000","319,044,000","297,827,000","303,782,000","300,858,000","288,549,000","307,694,000","309,634,000","311,273,000","298,645,000","311,003,000","290,549,000","292,640,000","256,499,000","242,562,000","227,259,000","224,135,000","204,250,000","214,561,000","189,946,000","178,284,000","160,841,000","158,667,000","129,883,000","115,760,000","106,252,000","61,971,000","106,019,000","108,963,000","102,889,000","96,795,000","79,439,000","79,224,000","76,481,000","85,634,000","78,123,000","77,207,000","71,774,000","5,035,000","73,764,000","78,871,000","78,059,000","24,783,000","75,364,000","52,851,000","84,999,000","66,793,000","58,427,000","55,877,000","51,202,000","59,357,000","49,550,000","55,533,000","52,188,000","59,460,000","49,049,000","37,322,000","42,237,000","35,271,000","54,521,000","59,141,000","54,359,000","-15,223,000","51,081,000","55,084,000","53,694,000","35,531,000","31,075,000","33,836,000","32,849,000","33,509,000","34,113,000","36,997,000","38,041,000","3,100,000","46,791,000","51,146,000","46,454,000","91,200,000","27,500,000","44,500,000","41,900,000","8,800,000","54,900,000","30,300,000","25,800,000","23,400,000","22,000,000","33,100,000","22,500,000","23,700,000","22,200,000","18,100,000","6,900,000","-29,400,000","25,800,000",,"5,500,000",,,,
ReconciledDepreciation,"2,683,000,000","447,000,000","581,000,000","679,000,000","976,000,000","705,000,000","200,000,000","806,000,000","181,000,000","565,000,000","616,000,000","312,674,000","65,842,000","66,484,000","73,289,000","69,635,000","66,234,000","70,930,000","71,600,000","67,810,000","66,980,000","69,535,000","70,797,000","73,693,000","70,034,000","67,800,000","69,510,000","65,490,000","64,718,000","65,169,000","69,620,000","59,820,000","50,241,000","49,106,000","45,539,000","34,460,000","30,714,000","30,661,000","25,138,000","24,023,000","22,852,000","15,529,000","13,456,000","12,066,000","12,540,000","13,320,000","13,372,000","13,768,000","13,849,000","14,408,000","15,176,000","16,294,000","16,847,000","17,255,000","-61,268,000","48,272,000","39,578,000","36,785,000","40,154,000","46,131,000","40,865,000","38,083,000","41,902,000","40,859,000","41,593,000","35,971,000","34,439,000","36,531,000","35,595,000","35,833,000","39,544,000","43,225,000","41,321,000","44,764,000","44,295,000","44,048,000","41,295,000","45,831,000","49,028,000","47,683,000","50,851,000","50,260,000","81,182,000","67,185,000","66,978,000","64,255,000","68,483,000","62,322,000","62,806,000","65,576,000","69,300,000","60,100,000","60,000,000","61,500,000","64,300,000","61,400,000","39,100,000","36,900,000","40,200,000","35,000,000","36,100,000","40,800,000","39,800,000","36,500,000","25,500,000","20,000,000","36,200,000","5,500,000","18,800,000","19,900,000",,,,
NetIncomeFromContinuingOperationNetMinorityInterest,"2,185,000,000","2,587,000,000","-89,000,000","19,000,000","-332,000,000","-12,000,000","467,000,000","-3,256,000,000","252,000,000","123,000,000","43,000,000","-60,000,000","42,297,000","21,672,000","206,201,000","63,875,000","28,041,000","43,123,000","443,530,000","30,637,000","44,645,000","57,202,000","120,897,000","50,845,000","49,419,000","24,140,000","58,200,000","43,255,000","45,787,000","24,282,000","95,445,000","48,341,000","41,335,000","27,158,000","2,303,000","30,242,000","12,723,000","16,642,000","58,323,000","26,469,000","30,127,000","29,426,000","22,813,000","19,348,000","18,478,000","14,986,000","33,454,000","14,344,000","17,341,000","11,586,000","-67,651,000","14,693,000","2,892,000","-85,547,000","-282,687,000","11,693,000","13,100,000","16,544,000","11,248,000","9,577,000","1,826,000","-2,250,000","7,938,000","22,840,000","10,793,000","8,223,000","-1,547,000","13,369,000","15,345,000","8,408,000","-12,604,000","3,508,000","22,811,000","289,000","16,966,000","6,463,000","670,000","-1,348,000","31,018,000","-24,987,000","-2,009,000","-630,000","-34,019,000","-29,859,000","-13,022,000","-36,613,000","-11,286,000","-20,613,000","-1,253,000","-2,623,000","-18,400,000","-16,900,000","1,300,000","-1,600,000","-10,500,000","-2,200,000","10,200,000","-3,300,000","1,400,000","-100,000","1,800,000","-7,600,000","2,900,000","-3,300,000","-300,000","-2,500,000","4,200,000","300,000","3,100,000","-2,200,000","-800,000","-900,000","-900,000","-900,000"
TotalUnusualItemsExcludingGoodwill,"3,412,000,000","3,362,000,000","38,000,000","4,000,000","8,000,000","14,000,000","1,000,000","-4,225,000,000","31,000,000","34,000,000","25,000,000","35,000,000","13,988,000","7,909,000","3,385,000","10,828,000","4,741,000","21,109,000","225,341,000","34,000","150,000","51,943,000","47,000","-20,388,000","11,000","2,660,000","28,000","-48,000","1,050,000","218,000","23,218,000","-611,000","0","917,000","-45,530,000","0","-16,283,000","0","-1,733,000","547,000","715,000","136,000","-648,000","466,000","-2,893,000","1,268,000","-5,792,000","-3,382,000","422,000","350,000","-119,587,000","202,000","401,000","-129,450,000","-458,146,000","4,033,000","-589,000","1,118,000","1,592,000","2,067,000","-16,162,000","-14,415,000","-14,470,000","-55,000","395,000","3,370,000","6,049,000","5,898,000","1,679,000","10,143,000","-31,586,000","1,773,000","16,827,000","2,521,000","10,234,000","9,163,000","-16,688,000","1,602,000","5,732,000","-26,556,000","-15,436,000","10,100,000","-27,070,000","-19,324,000","-5,221,000","-11,644,000","-4,412,000","-9,442,000","-2,606,000","-647,000","2,600,000","900,000","4,400,000","8,200,000","3,200,000","-1,900,000","7,100,000","1,400,000","800,000","300,000","500,000","-700,000","300,000","500,000","1,200,000","500,000","2,100,000","600,000","7,000,000","400,000",,,,
TotalUnusualItems,"3,412,000,000","3,362,000,000","38,000,000","4,000,000","8,000,000","14,000,000","1,000,000","-4,225,000,000","31,000,000","34,000,000","25,000,000","35,000,000","13,988,000","7,909,000","3,385,000","10,828,000","4,741,000","21,109,000","225,341,000","34,000","150,000","51,943,000","47,000","-20,388,000","11,000","2,660,000","28,000","-48,000","1,050,000","218,000","23,218,000","-611,000","0","917,000","-45,530,000","0","-16,283,000","0","-1,733,000","547,000","715,000","136,000","-648,000","466,000","-2,893,000","1,268,000","-5,792,000","-3,382,000","422,000","350,000","-119,587,000","202,000","401,000","-129,450,000","-458,146,000","4,033,000","-589,000","1,118,000","1,592,000","2,067,000","-16,162,000","-14,415,000","-14,470,000","-55,000","395,000","3,370,000","6,049,000","5,898,000","1,679,000","10,143,000","-31,586,000","1,773,000","16,827,000","2,521,000","10,234,000","9,163,000","-16,688,000","1,602,000","5,732,000","-26,556,000","-15,436,000","10,100,000","-27,070,000","-19,324,000","-5,221,000","-11,644,000","-4,412,000","-9,442,000","-2,606,000","-647,000","2,600,000","900,000","4,400,000","8,200,000","3,200,000","-1,900,000","7,100,000","1,400,000","800,000","300,000","500,000","-700,000","300,000","500,000","1,200,000","500,000","2,100,000","600,000","7,000,000","400,000",,,,
NormalizedEBITDA,"2,640,000,000","503,000,000","650,000,000","756,000,000","731,000,000","859,000,000","952,000,000","974,000,000","642,000,000","850,000,000","855,000,000","262,674,000","151,542,000","140,731,000","317,606,000","196,912,000","179,776,000","147,929,000","197,418,000","169,203,000","188,704,000","174,192,000","303,931,000","226,588,000","201,144,000","152,364,000","189,632,000","165,300,000","182,115,000","153,080,000","242,758,000","164,673,000","155,037,000","131,121,000","153,471,000","109,483,000","115,072,000","93,722,000","147,780,000","118,486,000","115,388,000","90,866,000","91,990,000","79,141,000","82,926,000","75,697,000","97,136,000","67,866,000","69,516,000","61,178,000","68,456,000","52,726,000","43,145,000","59,240,000","3,452,000","81,641,000","83,479,000","81,885,000","85,569,000","76,998,000","98,886,000","89,826,000","94,963,000","78,969,000","88,379,000","67,957,000","73,116,000","70,924,000","86,256,000","58,207,000","105,811,000","80,580,000","77,558,000","72,651,000","79,829,000","76,596,000","113,513,000","74,243,000","107,122,000","117,196,000","115,326,000","68,031,000","109,048,000","92,498,000","96,387,000","84,837,000","118,432,000","109,285,000","114,791,000","89,445,000","112,500,000","97,100,000","119,900,000","82,700,000","133,700,000","105,700,000","85,500,000","59,100,000","87,000,000","65,400,000","71,300,000","53,800,000","79,300,000","56,700,000","38,900,000","23,800,000","50,700,000","24,900,000","21,200,000","24,300,000","-70,000,000","30,900,000","30,900,000","30,900,000"
TaxRateForCalcs,"0.188","0.208","0.089","0.27","0.174","0.27","0.142","0.201","0.165","0.27","0.27","0.27","0.057","0.18","0.27","0.27","0.27","0.27","0.4","0.358","0.358","0.333","0.315","0.347","0.35","0.335","0.15","0.143","0.338","0.398","0.349","0.134","0.358","0.353","0.35","0.129","0.35","0.347","0.304","0.35","0.378","0.142","0.359","0.359","0.4","0.351","0.342","0.266","0.386","0.39","0.252","0.173","0.35","0.178","0.343","0.35","0.35","0.35","0.35","0.311","0.35","0.273","0.348","0.4","0.4","0.4","0.4","0.162","0.355","0.391","0.345","0.399","0.4","0.384","0.251","0.4","0.4","0.4","0.4","0.4","0.4","0.4","0.4","0.4","0.2","0.123","0.4","0.4","0.4","0.4","0.4","0.4","0.4","0.4","0.4","0.4","0.4","0.4","0.4","0.4","0.4","0.4","0.4","0.4","0.4","0.4","0.4","0.4","0.4","0.4","0.4","0.4","0.4","0.4"
TaxEffectOfUnusualItems,"640,285,611.769","699,296,000","3,377,777.778","1,080,000","1,392,000","3,780,000","141,903.172","-849,225,000","5,115,000","9,180,000","6,750,000","9,450,000","798,662.812","1,423,620","913,950","2,923,560","1,280,070","5,699,430","90,136,400","12,172","53,700","17,297,019","14,809.479","-7,074,636","3,850","891,100","0","0","0","0","8,099,508.742","-81,874","0","0","-15,935,500","0","-5,699,050","0","-526,759.522","191,450","270,119.295","19,254.014","-232,687.433","167,164.204","-1,157,200","445,150.707","-1,978,565.322","-900,027.263","162,818.418","136,674.749","-30,118,942.084","34,913.71","140,350","-22,993,981.425","-157,314,391.426","1,411,550","-206,150","391,300","557,200","643,261.579","-5,656,700","-3,928,821.532","-5,029,475.631","-22,000","158,000","1,348,000","2,419,600","955,643.099","596,149.792","3,967,594.931","-10,882,378.179","707,438.239","6,730,800","967,547.974","2,565,505.874","3,665,200","-6,675,200","640,800","2,292,800","-10,622,400","-6,174,400","4,040,000","-10,828,000","-7,729,600","-1,045,610.821","-1,434,167.353","-1,764,800","-3,776,800","-1,042,400","-258,800","1,040,000","360,000","1,760,000","3,280,000","1,280,000","-760,000","2,840,000","560,000","320,000","120,000","200,000","-280,000","120,000","200,000","480,000","200,000","840,000","240,000","2,800,000","160,000","0","0","0","0"