name,ttm,03/31/2022,12/31/2021,09/30/2021,06/30/2021,03/31/2021,12/31/2020,09/30/2020,06/30/2020,03/31/2020,12/31/2019,09/30/2019,06/30/2019,03/31/2019,12/31/2018,09/30/2018,06/30/2018,03/31/2018,12/31/2017,09/30/2017,06/30/2017,03/31/2017,12/31/2016,09/30/2016,06/30/2016,03/31/2016,12/31/2015,09/30/2015,06/30/2015,03/31/2015,12/31/2014,09/30/2014,06/30/2014,03/31/2014,12/31/2013,09/30/2013,06/30/2013,03/31/2013,12/31/2012,09/30/2012,06/30/2012,03/31/2012,12/31/2011,09/30/2011,06/30/2011,03/31/2011
TotalRevenue,"580,285,000","163,105,000","135,657,000","128,591,000","152,932,000","152,365,000","152,054,000","143,252,000","153,917,000","149,346,000","155,763,000","149,834,000","219,366,000","136,773,000","139,209,000","151,802,000","166,312,000","166,086,000","166,472,000","111,789,000","64,736,000","62,650,000","61,791,000","61,927,000","74,249,000","62,559,000","66,772,000","59,934,000","56,586,000","55,572,000","55,711,000","43,984,000","42,973,000","40,850,000","37,557,000","32,926,000","32,275,000","32,022,000","28,288,000","26,038,000","25,117,000","23,727,000","26,349,000","21,470,000","18,805,000","17,601,000"
	OperatingRevenue,"580,285,000","163,105,000","135,657,000","128,591,000","152,932,000","152,365,000","152,054,000","143,252,000","153,917,000","149,346,000","155,763,000","149,834,000","219,366,000","136,773,000","139,209,000","151,802,000","166,312,000","166,086,000","166,472,000","111,789,000","64,736,000","62,650,000","61,791,000","61,927,000","74,249,000","62,559,000","66,772,000","59,934,000","56,586,000","55,572,000","55,711,000","43,984,000","42,973,000","40,850,000","37,557,000","32,926,000","32,275,000","32,022,000","28,288,000","26,038,000","25,117,000","23,727,000","26,349,000","21,470,000","18,805,000","17,601,000"
CostOfRevenue,"145,236,000","38,115,000","37,384,000","35,836,000","33,901,000","34,080,000","33,096,000","32,994,000","33,301,000","32,162,000","31,074,000","29,590,000","30,479,000","17,329,000","12,512,000","12,611,000","12,299,000","12,124,000","5,931,000","5,102,000","4,407,000","2,420,000","1,447,000","1,404,000","1,440,000","1,412,000","1,135,000",,,,,,,,,,,,,"0","0","0","0","0","0","0"
GrossProfit,"435,049,000","124,990,000","98,273,000","92,755,000","119,031,000","118,285,000","118,958,000","110,258,000","120,616,000","117,184,000","124,689,000","120,244,000","188,887,000","119,444,000","126,697,000","139,191,000","154,013,000","153,962,000","160,541,000","106,687,000","60,329,000","60,230,000","60,344,000","60,523,000","72,809,000","61,147,000","65,637,000",,,,,,,,,,,,,"26,038,000","25,117,000","23,727,000","26,349,000","21,470,000","18,805,000","17,601,000"
OperatingExpense,"218,384,000","56,127,000","55,361,000","53,703,000","53,193,000","55,338,000","53,412,000","51,335,000","53,004,000","53,596,000","49,323,000","51,858,000","57,728,000","54,334,000","89,002,000","65,400,000","55,425,000","57,085,000","69,493,000","44,026,000","28,904,000","27,780,000","23,853,000","23,813,000","21,264,000","25,003,000","27,516,000","22,786,000","27,331,000","22,153,000","23,799,000","15,988,000","17,681,000","15,203,000","13,782,000","11,315,000","11,644,000","12,963,000","12,423,000","11,274,000","11,046,000","11,624,000","11,592,000","11,502,000","9,213,000","8,756,000"
	SellingGeneralAndAdministration,"36,127,000","10,396,000","8,237,000","8,683,000","8,811,000","8,938,000","8,105,000","7,216,000","8,673,000","8,761,000","5,510,000","8,709,000","8,059,000","8,178,000","11,298,000","8,022,000","9,271,000","7,867,000","8,242,000","12,944,000","11,149,000","6,873,000","4,397,000","6,171,000","4,636,000","4,714,000","3,153,000","3,991,000","9,862,000","8,003,000","9,334,000","6,226,000","7,926,000","5,853,000","5,227,000","3,057,000","3,422,000","4,717,000","4,516,000","3,778,000","3,489,000","4,321,000","4,228,000","4,652,000","2,923,000","2,670,000"
		GeneralAndAdministrativeExpense,"30,462,000",,,,,,,,,,"5,510,000","8,709,000","8,059,000","8,178,000","11,298,000","8,022,000","9,271,000","7,867,000","8,242,000","12,944,000","11,149,000","6,873,000","4,397,000","6,171,000","4,636,000","4,714,000","3,153,000","3,991,000","9,862,000","8,003,000","9,334,000","6,226,000","7,926,000","5,853,000","5,227,000","3,057,000","3,422,000","4,717,000","4,516,000",,,,,,,
			OtherGandA,"30,462,000",,,,,,,,,,"5,510,000","8,709,000","8,059,000","8,178,000","11,298,000","8,022,000","9,271,000","7,867,000","8,242,000","12,944,000","11,149,000","6,873,000","4,397,000","6,171,000","4,636,000","4,714,000","3,153,000","3,991,000","9,862,000","8,003,000","9,334,000","6,226,000","7,926,000","5,853,000","5,227,000","3,057,000","3,422,000","4,717,000","4,516,000",,,,,,,
	DepreciationAmortizationDepletionIncomeStatement,"179,872,000","45,256,000","45,079,000","45,046,000","44,491,000","44,375,000","44,158,000","44,209,000","44,202,000","44,168,000","44,032,000","43,092,000","49,476,000","44,949,000","48,078,000","48,468,000","46,828,000","48,005,000","51,592,000","25,933,000","17,220,000","19,137,000","17,199,000","17,102,000","16,405,000","17,766,000","18,126,000","16,306,000","14,497,000","14,150,000","14,465,000","9,762,000","9,755,000","9,350,000","8,555,000","8,258,000","8,222,000","8,246,000","7,907,000","7,496,000","7,557,000","7,303,000","7,364,000","6,850,000","6,290,000","6,086,000"
		DepreciationAndAmortizationInIncomeStatement,"179,872,000","45,256,000","45,079,000","45,046,000","44,491,000","44,375,000","44,158,000","44,209,000","44,202,000","44,168,000","44,032,000","43,092,000","49,476,000","44,949,000","48,078,000","48,468,000","46,828,000","48,005,000","51,592,000","25,933,000","17,220,000","19,137,000","17,199,000","17,102,000","16,405,000","17,766,000","18,126,000","16,306,000","14,497,000","14,150,000","14,465,000","9,762,000","9,755,000","9,350,000","8,555,000","8,258,000","8,222,000","8,246,000","7,907,000","7,496,000","7,557,000","7,303,000","7,364,000","6,850,000","6,290,000","6,086,000"
	ProvisionForDoubtfulAccounts,,,"2,045,000","-26,000",,"2,025,000","1,149,000","-90,000","129,000","667,000","-219,000","57,000","193,000","1,207,000","29,626,000","8,910,000","-674,000","1,213,000","9,659,000","5,149,000","535,000","1,770,000","2,257,000","540,000","223,000","2,523,000","6,237,000","2,489,000","2,972,000",,,,,,,,,,,,,,,,,
	OtherOperatingExpenses,,"475,000","2,045,000",,"-109,000",,,,,,,"29,590,000","30,479,000","17,329,000","12,512,000","12,611,000","12,299,000","12,124,000","5,931,000","5,102,000","4,407,000","2,420,000","1,447,000","1,404,000","1,440,000","1,412,000","1,135,000",,,,,,,,,,,,,,,,,,,
OperatingIncome,"216,665,000","68,863,000","42,912,000","39,052,000","65,838,000","62,947,000","65,546,000","58,923,000","67,612,000","63,588,000","75,366,000","68,386,000","131,159,000","65,110,000","37,695,000","73,791,000","98,588,000","96,877,000","91,048,000","62,661,000","31,425,000","32,450,000","36,491,000","36,710,000","51,545,000","36,144,000","36,680,000","37,148,000","29,255,000","33,419,000","31,912,000","27,996,000","25,292,000","25,647,000","23,775,000","21,611,000","20,631,000","19,059,000","15,865,000","14,764,000","14,071,000","12,103,000","14,757,000","9,968,000","9,592,000","8,845,000"
NetNonOperatingInterestIncomeExpense,"-99,161,000","-24,972,000","-25,676,000","-24,243,000","-24,270,000","-24,443,000","-24,524,000","-24,904,000","-25,292,000","-25,704,000","-27,429,000","-29,255,000","-33,608,000","-36,318,000","-37,226,000","-37,305,000","-36,757,000","-35,818,000","-32,222,000","-24,568,000","-15,862,000","-15,788,000","-15,734,000","-15,794,000","-16,427,000","-16,918,000","-16,110,000","-15,176,000","-14,052,000","-13,880,000","-14,290,000","-10,540,000","-10,994,000","-11,134,000","-10,576,000","-9,739,000","-10,143,000","-10,002,000","-11,621,000","-9,538,000","-8,148,000","-7,698,000","-7,593,000","-7,624,000","-7,328,000","-7,557,000"
	InterestIncomeNonOperating,,,,,,,,,,,,,,,,,,,,,,,,,,,,,,,,,,,,,,,,,,,,,"177,000","40,000"
	InterestExpenseNonOperating,"99,161,000","24,972,000","25,676,000","24,243,000","24,270,000","24,443,000","24,524,000","24,904,000","25,292,000","25,704,000","27,429,000","29,255,000","33,608,000","36,318,000","37,226,000","37,305,000","36,757,000","35,818,000","32,222,000","24,568,000","15,862,000","15,788,000","15,734,000","15,794,000","16,427,000","16,918,000","16,110,000","15,176,000","14,052,000","13,880,000","14,290,000","10,540,000","10,994,000","11,134,000","10,576,000","9,739,000","10,143,000","10,002,000","11,621,000","9,538,000","8,148,000","7,698,000","7,593,000","7,624,000","7,505,000","7,597,000"
OtherIncomeExpense,"-222,176,000","-3,005,000","-41,058,000","-4,494,000","-173,619,000","-4,357,000","-4,532,000","2,303,000","-12,264,000","-1,625,000","-7,086,000","-15,019,000","-13,014,000","-105,872,000","-18,688,000","-526,000","139,563,000","1,932,000","45,633,000","-23,219,000","4,973,000","2,129,000","2,413,000","4,396,000","2,348,000","-34,969,000","4,514,000","-3,938,000","1,623,000","-100,000","4,614,000","-258,000","498,000","-21,834,000","-200,000","-51,000","-11,150,000","500,000","-285,000",,,,,,,
	GainOnSaleOfSecurity,,,"14,085,000","655,000","-3,752,000","1,313,000","33,000","2,715,000","330,000","-217,000","1,084,000","-19,000","2,755,000","-1,520,000","-14,247,000","14,000","142,903,000","-472,000","47,415,000","582,000","4,032,000",,"-2,919,000","1,451,000","-52,000","-4,602,000","1,954,000","-3,838,000","1,723,000",,"3,914,000",,,,,,,,,,,,,,,
	EarningsFromEquityInterest,"-189,873,000","-2,802,000","-13,264,000","-4,018,000","-169,789,000","-5,010,000","-3,562,000","2,766,000","-12,136,000","-3,667,000","-1,161,000","-605,000","-3,647,000","-1,383,000","-1,805,000","-1,725,000","-2,347,000","446,000",,,,,,,,,,,,,,,,,,,,,,,,,,,,
	SpecialIncomeCharges,"-43,599,000","-271,000","-41,866,000","-1,408,000","-54,000","-793,000","-849,000","-3,293,000","-392,000","0","-8,718,000","-14,610,000","-12,121,000","-103,140,000","-2,960,000","-151,000","-993,000","-862,000","-1,831,000","-23,852,000","0","0","0","1,451,000","0","-30,367,000","0","0","0","0","0","-158,000","-162,000","-22,134,000","0","-351,000","-9,750,000",,"-2,481,000",,,,,,,
		RestructuringAndMergernAcquisition,"424,000",,,,,,,,,,"232,000",,,"6,000","43,000","151,000","112,000","330,000","505,000","23,299,000",,,,,,,,,,,,,,,,,,,,,,,,,,
		ImpairmentOfCapitalAssets,,,"9,004,000","495,000",,,"849,000","3,154,000","0","0","2,717,000","13,966,000","2,002,000","103,134,000","0","0","881,000","532,000","1,326,000","0","0","0","0",,"0","29,811,000",,,,,,,,,"0",,,,"2,481,000",,,,,,,
		OtherSpecialCharges,"34,100,000","271,000","32,862,000","913,000","54,000","793,000","0","139,000","392,000",,"5,577,000","644,000","10,119,000",,"2,917,000",,,,"0","553,000",,,"0",,,"556,000",,,,,"0","158,000","162,000","22,134,000","0","351,000","9,750,000",,,,,,,,,
		GainOnSaleOfPPE,,,,,,"1,313,000","33,000","2,715,000","330,000","-217,000","1,084,000","-19,000","2,755,000","-1,520,000","-14,247,000","14,000","142,903,000","-472,000","47,415,000","582,000","4,032,000","0","-2,919,000","1,451,000","-52,000","-4,602,000","1,954,000","-3,838,000","1,723,000",,"3,914,000",,,,,,,,,,,,,,,
	OtherNonOperatingIncomeExpenses,"308,000","68,000","-13,000","277,000","-24,000","133,000","-154,000","115,000","-66,000","2,259,000","1,709,000","215,000","-1,000","171,000","324,000","1,336,000",,"2,820,000","49,000","51,000","941,000","2,129,000","5,332,000","2,945,000","2,400,000",,"2,560,000","-100,000","-100,000","-100,000","700,000","-100,000","660,000","300,000","-200,000","300,000","-1,400,000","500,000","2,196,000",,,,,,,
PretaxIncome,"-104,672,000","40,886,000","-23,822,000","10,315,000","-132,051,000","34,147,000","36,490,000","36,322,000","30,056,000","36,259,000","40,851,000","24,112,000","84,537,000","-77,080,000","-18,219,000","35,960,000","201,394,000","62,991,000","104,459,000","14,874,000","20,536,000","18,791,000","23,170,000","25,312,000","37,466,000","-15,743,000","25,084,000","18,034,000","16,826,000","19,439,000","22,236,000","17,198,000","14,796,000","-7,321,000","12,999,000","11,821,000","-662,000","9,557,000","3,959,000",,,,,,,
TaxProvision,"1,429,000","284,000","531,000","92,000","522,000","700,000","-627,000","-138,000","433,000","1,042,000","1,110,000","826,000","854,000","612,000","1,164,000","732,000","605,000","510,000","490,000","-195,000",,,,,,,,,,,,,,,,,,,,,,,,,,
NetIncomeCommonStockholders,"-106,101,000","40,602,000","-24,353,000","10,223,000","-132,573,000","33,447,000","37,117,000","36,460,000","29,623,000","35,217,000","39,741,000","23,282,000","83,677,000","-77,704,000","-19,394,000","35,218,000","193,580,000","59,910,000","101,385,000","12,534,000","17,960,000","16,262,000","20,615,000","22,776,000","34,915,000","-18,272,000","22,507,000","15,500,000","14,275,000","16,889,000","19,690,000","14,643,000","12,241,000","-9,864,000","10,439,000","9,242,000","-3,185,000","9,253,000","3,959,000","5,226,000","5,923,000","4,405,000","7,164,000","2,344,000","2,087,000","1,248,000"
	NetIncome,"-106,101,000","40,602,000","-24,353,000","10,223,000","-132,573,000","33,447,000","37,117,000","36,460,000","29,623,000","35,217,000","39,741,000","23,282,000","83,677,000","-77,704,000","-19,394,000","35,218,000","200,787,000","62,471,000","103,945,000","15,095,000","20,520,000","18,823,000","23,175,000","25,337,000","37,475,000","-15,711,000","25,067,000","18,061,000","16,835,000","19,450,000","22,250,000","17,204,000","14,801,000","-7,303,000","12,999,000","11,821,000","-662,000","9,557,000","3,959,000","5,226,000","5,923,000","4,405,000","7,164,000","2,344,000","2,087,000","1,248,000"
		NetIncomeIncludingNoncontrollingInterests,"-106,101,000","40,602,000","-24,353,000","10,223,000","-132,573,000","33,447,000","37,117,000","36,460,000","29,623,000","35,217,000","39,741,000","23,286,000","83,683,000","-77,692,000","-19,383,000","35,228,000","200,789,000","62,481,000","103,969,000","15,069,000","20,536,000","18,791,000","23,170,000","25,312,000","37,466,000","-15,743,000","25,084,000","18,034,000","16,826,000","19,439,000","22,236,000","17,198,000","14,796,000","-7,321,000","12,999,000","11,821,000","-662,000","9,557,000","3,959,000","5,226,000","5,923,000","4,405,000","7,164,000","2,344,000","2,087,000","1,248,000"
			NetIncomeContinuousOperations,"-106,101,000","40,602,000","-24,353,000","10,223,000","-132,573,000","33,447,000","37,117,000","36,460,000","29,623,000","35,217,000","39,741,000","23,286,000","83,683,000","-77,692,000","-19,383,000","35,228,000","200,789,000","62,481,000","103,969,000","15,069,000","20,536,000","18,791,000","23,170,000","25,312,000","37,466,000","-15,743,000","25,084,000","18,034,000","16,826,000","19,439,000","22,236,000","17,198,000","14,796,000","-7,321,000","12,999,000","11,821,000","-662,000","9,557,000","3,959,000","5,226,000","5,923,000","4,405,000","7,164,000","2,344,000","2,087,000","1,248,000"
		MinorityInterests,,,,,,,"0","0","0","0","0","-4,000","-6,000","-12,000","-11,000","-10,000","-2,000","-10,000","-24,000","26,000","-16,000","32,000","5,000","25,000","9,000","32,000","-17,000","27,000","9,000","11,000","14,000","6,000","5,000","18,000",,,,,,,,,,,,
	PreferredStockDividends,,,,,,,,,,,,,,,"0",,"7,207,000","2,561,000","2,560,000","2,561,000","2,560,000","2,561,000","2,560,000","2,561,000","2,560,000","2,561,000","2,560,000","2,561,000","2,560,000","2,561,000","2,560,000","2,561,000","2,560,000","2,561,000","2,560,000","2,579,000","2,523,000","304,000",,,,,,,,
DilutedNIAvailtoComStockholders,"-106,101,000","40,602,000","-24,353,000","10,223,000","-132,573,000","33,447,000","37,117,000","36,460,000","29,623,000","35,217,000","39,741,000","23,282,000","83,677,000","-77,704,000","-19,394,000","35,218,000","193,580,000","59,910,000","101,385,000","12,534,000","17,960,000","16,262,000","20,615,000","22,776,000","34,915,000","-18,272,000","22,507,000","15,500,000","14,275,000","16,889,000","19,690,000","14,643,000","12,241,000","-9,864,000","10,439,000","9,242,000","-3,185,000","9,253,000","3,959,000","5,226,000","5,923,000","4,405,000","7,164,000","2,344,000","2,087,000","1,248,000"
BasicEPS,,"0.18","-0.11","0.05","-0.61","0.16","0.18","0.18","0.14","0.17","0.2","0.12","0.46","-0.44","-0.11","0.2","1.09","0.34","0.57","0.11","0.27","0.25","0.32","0.35","0.53","-0.28","0.35","0.24","0.24","0.29","0.36","0.31","0.28","-0.25","0.27","0.25","-0.09","0.25","0.11","0.14","0.16","0.12",,"0.07","0.08","0.05"
DilutedEPS,,"0.18","-0.11","0.05","-0.61","0.16","0.18","0.18","0.14","0.17","0.2","0.12","0.46","-0.44","-0.11","0.2","1.08","0.34","0.57","0.11","0.27","0.25","0.31","0.35","0.53","-0.28","0.34","0.24","0.24","0.28","0.35","0.31","0.28","-0.25","0.27","0.24","-0.09","0.25","0.11","0.14","0.16","0.12",,"0.07","0.08","0.05"
BasicAverageShares,,"230,859,993","227,519,771","220,865,518","216,264,207","211,450,699","208,101,883","205,791,699","205,593,653","205,395,330","197,840,180","190,650,400","181,567,464","178,385,984","178,314,638","178,317,769","178,314,750","178,294,605","178,234,481","112,149,638","65,438,739","65,354,649","65,286,722","65,312,288","65,303,057","65,248,203","65,172,799","65,160,290","59,323,799","59,185,225","55,232,721","47,359,949","43,655,292","38,968,403","38,050,301","37,358,334","37,357,112","37,286,121","37,106,473","37,178,162","37,147,942","37,035,970",,"32,986,657","25,154,284","25,136,140"
DilutedAverageShares,,"231,564,970","227,519,771","222,063,910","216,264,207","212,624,305","209,322,132","206,727,167","206,219,162","206,006,285","199,048,481","191,952,389","182,254,100","178,385,984","178,314,638","178,941,213","178,684,024","178,516,388","178,428,200","112,418,100","65,670,853","65,920,486","65,671,345","65,591,428","65,503,383","65,248,203","65,424,854","65,398,175","59,543,781","59,559,253","55,844,007","47,877,202","44,096,297","38,968,403","38,680,409","37,828,573","37,357,112","37,739,964","37,594,583","37,465,114","37,191,687","37,058,886",,"33,049,621","25,226,179","25,211,585"
TotalExpenses,"363,620,000","94,242,000","92,745,000","89,539,000","87,094,000","89,418,000","86,508,000","84,329,000","86,305,000","85,758,000","80,397,000","81,448,000","88,207,000","71,663,000","101,514,000","78,011,000","67,724,000","69,209,000","75,424,000","49,128,000","33,311,000","30,200,000","25,300,000","25,217,000","22,704,000","26,415,000","30,092,000","22,786,000","27,331,000","22,153,000","23,799,000","15,988,000","17,681,000","15,203,000","13,782,000","11,315,000","11,644,000","12,963,000","12,423,000","11,274,000","11,046,000","11,624,000","11,592,000","11,502,000","9,213,000","8,756,000"
NetIncomeFromContinuingAndDiscontinuedOperation,"-106,101,000","40,602,000","-24,353,000","10,223,000","-132,573,000","33,447,000","37,117,000","36,460,000","29,623,000","35,217,000","39,741,000","23,282,000","83,677,000","-77,704,000","-19,394,000","35,218,000","200,787,000","62,471,000","103,945,000","15,095,000","20,520,000","18,823,000","23,175,000","25,337,000","37,475,000","-15,711,000","25,067,000","18,061,000","16,835,000","19,450,000","22,250,000","17,204,000","14,801,000","-7,303,000","12,999,000","11,821,000","-662,000","9,557,000","3,959,000","5,226,000","5,923,000","4,405,000","7,164,000","2,344,000","2,087,000","1,248,000"
NormalizedIncome,"-86,534,400","40,871,117.595","-4,072,870","10,969,283.955","-129,794,620","32,937,659.794","37,712,680","36,881,940","29,684,106.801","35,427,763.921","47,167,569.582","37,409,857.25","92,948,383.867","-1,302,200","-6,832,890","35,352,211.235","59,303,306.394","63,794,199.409","58,574,827.052","29,057,000","18,100,800","18,823,000","24,926,400","24,466,400","37,506,200","19,258,000","23,894,600","20,363,800","15,801,200","19,450,000","19,705,900","17,306,700","14,906,300","14,831,000","12,999,000","12,049,150","9,088,000","9,557,000","3,959,000","5,226,000","5,923,000","4,405,000","7,164,000","2,344,000","2,087,000","1,248,000"
InterestIncome,,,,,,,,,,,,,,,,,,,,,,,,,,,,,,,,,,,,,,,,,,,,,"177,000","40,000"
InterestExpense,"99,161,000","24,972,000","25,676,000","24,243,000","24,270,000","24,443,000","24,524,000","24,904,000","25,292,000","25,704,000","27,429,000","29,255,000","33,608,000","36,318,000","37,226,000","37,305,000","36,757,000","35,818,000","32,222,000","24,568,000","15,862,000","15,788,000","15,734,000","15,794,000","16,427,000","16,918,000","16,110,000","15,176,000","14,052,000","13,880,000","14,290,000","10,540,000","10,994,000","11,134,000","10,576,000","9,739,000","10,143,000","10,002,000","11,621,000","9,538,000","8,148,000","7,698,000","7,593,000","7,624,000","7,505,000","7,597,000"
NetInterestIncome,"-99,161,000","-24,972,000","-25,676,000","-24,243,000","-24,270,000","-24,443,000","-24,524,000","-24,904,000","-25,292,000","-25,704,000","-27,429,000","-29,255,000","-33,608,000","-36,318,000","-37,226,000","-37,305,000","-36,757,000","-35,818,000","-32,222,000","-24,568,000","-15,862,000","-15,788,000","-15,734,000","-15,794,000","-16,427,000","-16,918,000","-16,110,000","-15,176,000","-14,052,000","-13,880,000","-14,290,000","-10,540,000","-10,994,000","-11,134,000","-10,576,000","-9,739,000","-10,143,000","-10,002,000","-11,621,000","-9,538,000","-8,148,000","-7,698,000","-7,593,000","-7,624,000","-7,328,000","-7,557,000"
EBIT,"-5,511,000","65,858,000","1,854,000","34,558,000","-107,781,000","58,590,000","61,014,000","61,226,000","55,348,000","61,963,000","68,280,000","53,367,000","118,145,000","-40,762,000","19,007,000","73,265,000","238,151,000","98,809,000","136,681,000","39,442,000","36,398,000","34,579,000","38,904,000","41,106,000","53,893,000","1,175,000","41,194,000","33,210,000","30,878,000","33,319,000","36,526,000","27,738,000","25,790,000","3,813,000","23,575,000","21,560,000","9,481,000","19,559,000","15,580,000","14,764,000","14,071,000","12,103,000","14,757,000","9,968,000","9,592,000","8,845,000"
EBITDA,"174,361,000"
ReconciledCostOfRevenue,"145,236,000","38,115,000","37,384,000","35,836,000","33,901,000","34,080,000","33,096,000","32,994,000","33,301,000","32,162,000","32,176,000","31,191,000","32,080,000","13,025,000","9,004,000","7,050,000","12,983,000","12,808,000","7,480,000","4,465,000","4,407,000","2,420,000","1,447,000","1,404,000","1,440,000","1,412,000","1,135,000",,,,,,,,,,,,,"0","0","0","0","0","0","0"
ReconciledDepreciation,"179,872,000","45,256,000","45,079,000","45,046,000","44,491,000","44,375,000","44,158,000","44,209,000","44,202,000","44,168,000","42,930,000","41,491,000","47,875,000","49,253,000","51,586,000","54,029,000","46,144,000","47,321,000","50,043,000","26,570,000","17,220,000","19,137,000","17,199,000","17,102,000","16,405,000","17,766,000","18,126,000","16,306,000","14,497,000","14,150,000","14,465,000","9,762,000","9,755,000","9,350,000","8,555,000","8,258,000","8,222,000","8,246,000","7,907,000","7,496,000","7,557,000","7,303,000","7,364,000","6,850,000","6,291,000","6,086,000"
NetIncomeFromContinuingOperationNetMinorityInterest,"-106,101,000","40,602,000","-24,353,000","10,223,000","-132,573,000","33,447,000","37,117,000","36,460,000","29,623,000","35,217,000","39,741,000","23,282,000","83,677,000","-77,704,000","-19,394,000","35,218,000","200,787,000","62,471,000","103,945,000","15,095,000","20,520,000","18,823,000","23,175,000","25,337,000","37,475,000","-15,711,000","25,067,000","18,061,000","16,835,000","19,450,000","22,250,000","17,204,000","14,801,000","-7,303,000","12,999,000","11,821,000","-662,000","9,557,000","3,959,000","5,226,000","5,923,000","4,405,000","7,164,000","2,344,000","2,087,000","1,248,000"
TotalUnusualItemsExcludingGoodwill,"-32,611,000","-271,000","-27,781,000","-753,000","-3,806,000","520,000","-816,000","-578,000","-62,000","-217,000","-7,634,000","-14,629,000","-9,366,000","-104,660,000","-17,207,000","-137,000","141,910,000","-1,334,000","45,584,000","-23,270,000","4,032,000","0","-2,919,000","1,451,000","-52,000","-34,969,000","1,954,000","-3,838,000","1,723,000","0","3,914,000","-158,000","-162,000","-22,134,000","0","-351,000","-9,750,000",,"-2,481,000",,,,,,,
TotalUnusualItems,"-32,611,000","-271,000","-27,781,000","-753,000","-3,806,000","520,000","-816,000","-578,000","-62,000","-217,000","-7,634,000","-14,629,000","-9,366,000","-104,660,000","-17,207,000","-137,000","141,910,000","-1,334,000","45,584,000","-23,270,000","4,032,000","0","-2,919,000","1,451,000","-52,000","-34,969,000","1,954,000","-3,838,000","1,723,000","0","3,914,000","-158,000","-162,000","-22,134,000","0","-351,000","-9,750,000",,"-2,481,000",,,,,,,
NormalizedEBITDA,"206,972,000","111,385,000","74,714,000","80,357,000","-59,484,000","102,445,000","105,988,000","106,013,000","99,612,000","106,348,000","119,946,000","111,088,000","176,987,000","113,151,000","87,800,000","127,431,000","143,069,000","148,148,000","142,689,000","89,282,000","49,586,000","53,716,000","59,022,000","56,757,000","70,350,000","53,910,000","57,366,000","53,354,000","43,652,000","47,469,000","47,077,000","37,658,000","35,707,000","35,297,000","32,130,000","30,169,000","27,453,000","27,805,000","23,487,000","22,260,000","21,628,000","19,406,000","22,121,000","16,818,000","15,883,000","14,931,000"
TaxRateForCalcs,"0.4","0.007","0.27","0.009","0.27","0.021","0.27","0.27","0.014","0.029","0.027","0.034","0.01","0.27","0.27","0.02","0.003","0.008","0.005","0.4","0.4","0.4","0.4","0.4","0.4","0","0.4","0.4","0.4","0.4","0.35","0.35","0.35","0","0.35","0.35","0","0.35","0.35","0.35","0.35","0.35","0.35","0.35","0.35","0.35"
TaxEffectOfUnusualItems,"-13,044,400","-1,882.405","-7,500,870","-6,716.045","-1,027,620","10,659.794","-220,320","-156,060","-893.199","-6,236.079","-207,430.418","-501,142.75","-94,616.133","-28,258,200","-4,645,890","-2,788.765","426,306.394","-10,800.591","213,827.052","-9,308,000","1,612,800","0","-1,167,600","580,400","-20,800","0","781,600","-1,535,200","689,200","0","1,369,900","-55,300","-56,700","0","0","-122,850","0","0","0","0","0","0","0","0","0","0"