name,ttm,02/28/2022,11/30/2021,08/31/2021,05/31/2021,02/28/2021,11/30/2020,08/31/2020,05/31/2020,02/29/2020,11/30/2019,08/31/2019,05/31/2019,02/28/2019,11/30/2018,08/31/2018,05/31/2018,02/28/2018,11/30/2017,08/31/2017,05/31/2017,02/28/2017,11/30/2016,08/31/2016,05/31/2016,02/29/2016,11/30/2015,08/31/2015,05/31/2015,02/28/2015,11/30/2014,08/31/2014,05/31/2014,02/28/2014,11/30/2013,08/31/2013,05/31/2013,02/28/2013,11/30/2012,08/31/2012,05/31/2012,02/29/2012,11/30/2011,08/31/2011,05/31/2011,02/28/2011,11/30/2010,08/31/2010,05/31/2010,02/28/2010,11/30/2009,08/31/2009,05/31/2009,02/28/2009,11/30/2008,08/31/2008,05/31/2008,02/29/2008,11/30/2007,08/31/2007,05/31/2007,02/28/2007,11/30/2006,08/31/2006,05/31/2006,02/28/2006,11/30/2005,08/31/2005,05/31/2005,02/28/2005,11/30/2004,08/31/2004,05/31/2004,02/29/2004,11/30/2003,08/31/2003,05/31/2003,02/28/2003,11/30/2002,08/31/2002,05/31/2002,02/28/2002,11/30/2001,08/31/2001,05/31/2001,02/28/2001,11/30/2000,08/31/2000,05/31/2000,02/29/2000,11/30/1999,08/31/1999,05/31/1999,02/28/1999,11/30/1998,08/31/1998,05/31/1998,02/28/1998,11/30/1997,08/31/1997,05/31/1997,02/28/1997,11/30/1996,08/31/1996,05/31/1996,02/29/1996,11/30/1995,08/31/1995,05/31/1995,02/28/1995,11/30/1994,08/31/1994,05/31/1994,02/28/1994,11/30/1993,08/31/1993,05/31/1993,02/28/1993,11/30/1992,08/31/1992,05/31/1992,02/29/1992,11/30/1991,08/31/1991,05/31/1991,02/28/1991,11/30/1990,08/31/1990,05/31/1990,02/28/1990,11/30/1989,08/31/1989
TotalRevenue,"1,529,900,000","344,500,000","524,200,000","259,800,000","401,400,000","277,500,000","406,200,000","215,200,000","284,000,000","373,300,000","597,200,000","232,600,000","470,700,000","360,100,000","604,700,000","218,400,000","496,200,000","344,700,000","598,300,000","189,200,000","499,600,000","336,200,000","623,100,000","282,700,000","513,800,000","366,000,000","601,800,000","191,200,000","304,300,000","382,100,000","665,600,000","283,800,000","549,300,000","373,500,000","623,200,000","276,300,000","502,100,000","380,500,000","616,200,000","293,600,000","678,500,000","467,000,000","685,300,000","318,000,000","545,800,000","384,300,000","667,900,000","290,900,000","538,400,000","398,800,000","660,100,000","315,600,000","490,300,000","424,900,000","661,600,000","285,000,000","504,200,000","458,400,000","746,200,000","586,900,000","611,700,000","497,000,000","735,500,000","334,900,000","601,000,000","487,700,000","696,700,000","498,400,000","592,100,000","480,800,000","683,300,000","323,700,000","587,400,000","472,000,000","699,000,000","475,400,000","557,400,000","433,700,000","660,300,000","306,900,000","541,000,000","432,700,000","637,200,000","306,100,000","498,900,000","433,000,000","668,300,000","362,100,000","401,900,000","312,800,000","507,800,000","180,000,000","334,000,000","267,300,000","403,200,000","150,200,000","297,900,000","239,000,000","354,800,000","166,600,000","254,800,000","210,700,000","342,200,000","158,600,000","282,700,000","216,100,000","294,600,000","135,200,000","228,800,000","179,900,000","254,100,000","87,100,000","191,200,000","150,300,000","212,900,000","77,200,000","163,900,000","131,500,000","191,900,000","65,000,000","141,700,000","119,600,000","170,200,000","57,800,000","105,800,000","105,700,000","105,700,000","105,700,000","93,600,000","93,700,000","93,600,000","93,600,000"
	OperatingRevenue,"1,529,900,000","344,500,000","524,200,000","259,800,000","401,400,000","277,500,000","406,200,000","215,200,000","284,000,000","373,300,000","597,200,000","232,600,000","470,700,000","360,100,000","604,700,000","218,400,000","496,200,000","344,700,000","598,300,000","189,200,000","499,600,000","336,200,000","623,100,000","282,700,000","513,800,000","366,000,000","601,800,000","191,200,000","304,300,000","382,100,000","665,600,000","283,800,000","549,300,000","373,500,000","623,200,000","276,300,000","502,100,000","380,500,000","616,200,000","293,600,000","678,500,000","467,000,000","685,300,000","318,000,000","545,800,000","384,300,000","667,900,000","290,900,000","538,400,000","398,800,000","660,100,000","315,600,000","490,300,000","424,900,000","661,600,000","285,000,000","504,200,000","458,400,000","746,200,000","586,900,000","611,700,000","497,000,000","735,500,000","334,900,000","601,000,000","487,700,000","696,700,000","498,400,000","592,100,000","480,800,000","683,300,000","323,700,000","587,400,000","472,000,000","699,000,000","475,400,000","557,400,000","433,700,000","660,300,000","306,900,000","541,000,000","432,700,000","637,200,000","306,100,000","498,900,000","433,000,000","668,300,000","362,100,000","401,900,000","312,800,000","507,800,000","180,000,000","334,000,000","267,300,000","403,200,000","150,200,000","297,900,000","239,000,000","354,800,000","166,600,000","254,800,000","210,700,000","342,200,000","158,600,000","282,700,000","216,100,000","294,600,000","135,200,000","228,800,000","179,900,000","254,100,000","87,100,000","191,200,000","150,300,000","212,900,000","77,200,000","163,900,000","131,500,000","191,900,000","65,000,000","141,700,000","119,600,000","170,200,000","57,800,000","105,800,000","105,700,000","105,700,000","105,700,000","93,600,000","93,700,000","93,600,000","93,600,000"
CostOfRevenue,"766,800,000","169,600,000","238,000,000","133,300,000","198,000,000","146,000,000","199,300,000","123,200,000","166,600,000","183,000,000","264,300,000","137,100,000","215,300,000","176,900,000","262,400,000","125,300,000","209,000,000","166,400,000","253,600,000","115,600,000","213,200,000","160,300,000","271,300,000","169,700,000","212,700,000","178,000,000","257,100,000","114,500,000","119,600,000","200,000,000","288,700,000","150,200,000","252,600,000","190,700,000","264,800,000","137,900,000","224,000,000","191,100,000","263,400,000","151,100,000","323,500,000","219,600,000","285,700,000","160,400,000","241,800,000","193,800,000","291,200,000","147,700,000","238,800,000","192,700,000","269,700,000","156,100,000","225,600,000","214,100,000","284,400,000","149,000,000","224,900,000","225,600,000","318,100,000","324,500,000","267,900,000","242,500,000","323,100,000","171,800,000","269,600,000","242,200,000","298,300,000","293,000,000","259,100,000","233,900,000","301,100,000","176,400,000","270,200,000","229,700,000","305,500,000","281,400,000","241,800,000","198,300,000","281,800,000","160,200,000","249,300,000","190,500,000","259,700,000","152,700,000","258,100,000","203,200,000","284,900,000","184,900,000","130,300,000","155,600,000","236,800,000","108,300,000","103,300,000","133,500,000","187,300,000","85,200,000","99,100,000","121,800,000","176,100,000","95,500,000","112,200,000","118,800,000","165,800,000","93,700,000","120,700,000","106,600,000","133,800,000","75,500,000","90,900,000","84,000,000","111,900,000","48,600,000","71,700,000","71,200,000","93,100,000","43,600,000","67,300,000","63,000,000","83,100,000","38,500,000","69,800,000","57,000,000",,,,,,,,,,
GrossProfit,"763,100,000","174,900,000","286,200,000","126,500,000","203,400,000","131,500,000","206,900,000","92,000,000","117,400,000","190,300,000","332,900,000","95,500,000","255,400,000","183,200,000","342,300,000","93,100,000","287,200,000","178,300,000","344,700,000","73,600,000","286,400,000","175,900,000","351,800,000","113,000,000","301,100,000","188,000,000","344,700,000","76,700,000","184,700,000","182,100,000","376,900,000","133,600,000","296,700,000","182,800,000","358,400,000","138,400,000","278,100,000","189,400,000","352,800,000","142,500,000","355,000,000","247,400,000","399,600,000","157,600,000","304,000,000","190,500,000","376,700,000","143,200,000","299,600,000","206,100,000","390,400,000","159,500,000","264,700,000","210,800,000","377,200,000","136,000,000","279,300,000","232,800,000","428,100,000","262,400,000","343,800,000","254,500,000","412,400,000","163,100,000","331,400,000","245,500,000","398,400,000","205,400,000","333,000,000","246,900,000","382,200,000","147,300,000","317,200,000","242,300,000","393,500,000","194,000,000","315,600,000","235,400,000","378,500,000","146,700,000","291,700,000","242,200,000","377,500,000","153,400,000","240,800,000","229,800,000","383,400,000","177,200,000","271,600,000","157,200,000","271,000,000","71,700,000","230,700,000","133,800,000","215,900,000","65,000,000","198,800,000","117,200,000","178,700,000","71,100,000","142,600,000","91,900,000","176,400,000","64,900,000","162,000,000","109,500,000","160,800,000","59,700,000","137,900,000","95,900,000","142,200,000","38,500,000","119,500,000","79,100,000","119,800,000","33,600,000","96,600,000","68,500,000","108,800,000","26,500,000","71,900,000","62,600,000",,,,,,,,,,
OperatingExpense,"721,300,000","194,400,000","202,800,000","158,500,000","211,800,000","143,800,000","152,800,000","137,000,000","145,800,000","210,300,000","227,800,000","182,900,000","211,900,000","204,600,000","244,100,000","176,900,000","203,200,000","197,700,000","237,500,000","168,700,000","200,500,000","199,500,000","240,400,000","176,100,000","223,300,000","197,500,000","239,600,000","156,200,000","153,500,000","217,300,000","261,200,000","187,000,000","222,200,000","217,100,000","250,300,000","184,300,000","222,500,000","217,100,000","251,900,000","190,000,000","256,400,000","251,500,000","248,400,000","187,500,000","247,500,000","212,600,000","246,600,000","187,900,000","235,800,000","205,000,000","243,600,000","190,500,000","210,500,000","210,600,000","258,000,000","200,900,000","225,200,000","232,200,000","297,900,000","257,200,000","273,600,000","262,300,000","286,000,000","229,200,000","264,400,000","263,300,000","283,100,000","230,600,000","253,300,000","241,100,000","261,800,000","218,300,000","283,500,000","244,600,000","280,100,000","223,800,000","262,100,000","231,500,000","255,100,000","208,800,000","204,100,000","215,600,000","265,300,000","195,100,000","253,000,000","213,500,000","282,000,000","184,000,000","218,200,000","149,500,000","191,000,000","105,300,000","190,500,000","128,900,000","159,300,000","88,800,000","160,400,000","127,400,000","131,100,000","87,300,000","155,500,000","107,700,000","110,800,000","84,100,000","137,000,000","92,400,000","107,600,000","72,800,000","113,400,000","81,700,000","96,500,000","55,100,000","100,900,000","67,600,000","81,100,000","46,700,000","83,400,000","55,800,000","72,100,000","41,300,000","52,200,000","53,300,000",,,,,,,,,,
	SellingGeneralAndAdministration,"663,800,000","180,800,000","188,300,000","143,600,000","197,300,000","129,100,000","137,000,000","121,500,000","130,500,000","194,900,000","212,400,000","167,500,000","197,100,000","190,900,000","229,700,000","163,700,000","191,200,000","186,200,000","227,000,000","158,800,000","190,400,000","190,000,000","230,800,000","166,600,000","214,700,000","188,300,000","229,000,000","145,700,000","143,600,000","205,800,000","248,200,000","173,500,000","206,800,000","202,900,000","234,400,000","168,400,000","205,300,000","200,600,000","235,200,000","173,900,000","234,200,000","235,500,000","229,600,000","171,000,000","229,800,000","198,100,000","229,100,000","170,600,000","219,900,000","187,900,000","224,400,000","173,700,000","206,300,000","193,700,000","242,400,000","184,700,000","206,800,000","217,400,000","281,600,000","240,500,000","255,100,000","246,700,000","270,000,000","212,300,000","247,700,000","246,600,000","266,300,000","215,000,000","229,300,000","228,000,000","249,200,000","204,900,000","269,700,000","231,100,000","265,600,000","208,800,000","238,000,000","219,900,000","244,400,000","196,300,000","192,400,000","205,900,000","256,800,000","187,300,000","230,200,000","207,200,000","270,500,000","175,300,000","164,700,000","143,100,000","185,000,000","100,700,000","133,200,000","123,600,000","153,600,000","83,400,000","111,300,000","122,200,000","125,500,000","82,300,000","108,800,000","103,600,000","106,700,000","80,600,000","103,500,000","89,100,000","104,500,000","70,300,000","96,900,000","79,000,000","93,800,000","53,000,000","84,300,000","65,400,000","79,400,000","45,500,000","66,400,000","55,800,000","72,100,000","40,000,000","51,800,000","51,900,000",,,,,,,,,,
	DepreciationAmortizationDepletionIncomeStatement,"57,500,000","13,600,000","14,500,000","14,900,000","14,500,000","14,700,000","15,800,000","15,500,000","15,300,000","15,400,000","15,400,000","15,400,000","14,800,000","13,700,000","14,400,000","13,200,000","12,000,000","11,500,000","10,500,000","9,900,000","10,100,000","9,500,000","9,600,000","9,500,000","8,600,000","9,200,000","10,600,000","10,500,000","9,900,000","11,500,000","13,000,000","13,500,000","15,400,000","14,200,000","15,900,000","15,900,000","17,200,000","16,500,000","16,700,000","16,100,000","22,200,000","16,000,000","15,500,000","15,100,000","16,700,000","14,500,000","14,500,000","14,400,000","15,800,000","14,200,000","14,800,000","14,700,000","15,300,000","14,500,000","15,600,000","16,200,000","18,400,000","14,800,000","16,300,000","16,700,000","18,500,000","15,600,000","16,000,000","16,900,000","16,700,000","16,700,000","16,800,000","15,600,000","24,000,000","13,100,000","12,600,000","13,400,000","13,700,000","13,500,000","13,300,000","13,000,000","13,200,000","11,600,000","10,700,000","10,600,000","10,600,000","9,700,000","8,500,000","7,800,000","22,800,000","6,300,000","11,500,000","8,700,000","53,500,000","6,400,000","6,000,000","4,600,000","57,300,000","5,300,000","5,700,000","5,400,000","49,100,000","5,200,000","5,600,000","5,000,000","46,700,000","4,100,000","4,100,000","3,500,000","33,500,000","3,300,000","3,100,000","2,500,000","16,500,000","2,700,000","2,700,000","2,100,000","16,600,000","2,200,000","1,700,000","1,200,000",,,,"1,300,000","400,000","1,400,000",,,,,,,,,,
		DepreciationAndAmortizationInIncomeStatement,"57,500,000","13,600,000","14,500,000","14,900,000","14,500,000","14,700,000","15,800,000","15,500,000","15,300,000","15,400,000","15,400,000","15,400,000","14,800,000","13,700,000","14,400,000","13,200,000","12,000,000","11,500,000","10,500,000","9,900,000","10,100,000","9,500,000","9,600,000","9,500,000","8,600,000","9,200,000","10,600,000","10,500,000","9,900,000","11,500,000","13,000,000","13,500,000","15,400,000","14,200,000","15,900,000","15,900,000","17,200,000","16,500,000","16,700,000","16,100,000","22,200,000","16,000,000","15,500,000","15,100,000","16,700,000","14,500,000","14,500,000","14,400,000","15,800,000","14,200,000","14,800,000","14,700,000","15,300,000","14,500,000","15,600,000","16,200,000","18,400,000","14,800,000","16,300,000","16,700,000","18,500,000","15,600,000","16,000,000","16,900,000","16,700,000","16,700,000","16,800,000","15,600,000","24,000,000","13,100,000","12,600,000","13,400,000","13,700,000","13,500,000","13,300,000","13,000,000","13,200,000","11,600,000","10,700,000","10,600,000","10,600,000","9,700,000","8,500,000","7,800,000","22,800,000","6,300,000","11,500,000","8,700,000","53,500,000","6,400,000","6,000,000","4,600,000","57,300,000","5,300,000","5,700,000","5,400,000","49,100,000","5,200,000","5,600,000","5,000,000","46,700,000","4,100,000","4,100,000","3,500,000","33,500,000","3,300,000","3,100,000","2,500,000","16,500,000","2,700,000","2,700,000","2,100,000","16,600,000","2,200,000","1,700,000","1,200,000",,,,"1,300,000","400,000","1,400,000",,,,,,,,,,
			DepreciationIncomeStatement,,,,,,,,,,,,,,,,,,,,,,,,,,,,,,,,,,,,,,,,,,,,,,,,,,,,,,,,,,,,,,,,,,,,,,,,,,,,,,,,,"10,200,000","9,500,000","8,300,000","7,600,000",,,,,,,,,,,,,,,,,,,,,,,,,,,,,,,,,,,,,,,,,,,,,,,,
			Amortization,,,,,,,,,,,,,,,,,,,,,,,,,,,,,,,,,,,,,,,,,,,,,,,,,,,,,,,,,,,,,,,,,,,,,,,,,,,,,,,,,"400,000","200,000","200,000","200,000",,,,,,,,,,,,,,,,,,,,,,,,,,,,,,,,,,,,,,,,,,,,,,,,
				AmortizationOfIntangiblesIncomeStatement,,,,,,,,,,,,,,,,,,,,,,,,,,,,,,,,,,,,,,,,,,,,,,,,,,,,,,,,,,,,,,,,,,,,,,,,,,,,,,,,,"400,000","200,000","200,000","200,000",,,,,,,,,,,,,,,,,,,,,,,,,,,,,,,,,,,,,,,,,,,,,,,,
	ProvisionForDoubtfulAccounts,,,,,,,,,,,,,,,,,,,,,,,,,,,,,,,,,,,,,,,,,,,"3,300,000","1,400,000","1,000,000",,"3,000,000","2,900,000","100,000","2,900,000","4,400,000","2,100,000",,"2,400,000",,,,,,,,,,,,,,,,,,,,,,,,,,,,,,,,,,,,,,,,,,,,,,,,,,,,,,,,,,,,,,,,,,,,,,,,,,,,,,
	OtherOperatingExpenses,,,,,,,,,,,,,,,,,,,,,,,,,,,,,,,,,,,,,,,,,,,,,,,,,,,,,,,,,,,,,,,,,,,,,,,,,"100,000",,"1,200,000","2,000,000","10,900,000",,,"1,900,000","1,100,000",,,,,,,,,,,,,,,,,,,,,,,,,,,,,,,,,,,,,,,,,,,,,,,,,,,
OperatingIncome,"41,800,000","-19,500,000","83,400,000","-32,000,000","-8,400,000","-12,300,000","54,100,000","-45,000,000","-28,400,000","-20,000,000","105,100,000","-87,400,000","43,500,000","-21,400,000","98,200,000","-83,800,000","84,000,000","-19,400,000","107,200,000","-95,100,000","85,900,000","-23,600,000","111,400,000","-63,100,000","77,800,000","-9,500,000","105,100,000","-79,500,000","31,200,000","-35,200,000","115,700,000","-53,400,000","74,500,000","-34,300,000","108,100,000","-45,900,000","55,600,000","-27,700,000","100,900,000","-47,500,000","98,600,000","-4,100,000","151,200,000","-29,900,000","56,500,000","-22,100,000","130,100,000","-44,700,000","63,800,000","1,100,000","146,800,000","-31,000,000","54,200,000","200,000","119,200,000","-64,900,000","54,100,000","600,000","130,200,000","5,200,000","70,200,000","-7,800,000","126,400,000","-66,100,000","67,000,000","-17,800,000","115,300,000","-25,200,000","79,700,000","5,800,000","120,400,000","-71,000,000","33,700,000","-2,300,000","113,400,000","-29,800,000","53,500,000","3,900,000","123,400,000","-62,100,000","87,600,000","26,600,000","112,200,000","-41,700,000","-12,200,000","16,300,000","101,400,000","-6,800,000","53,400,000","7,700,000","80,000,000","-33,600,000","40,200,000","4,900,000","56,600,000","-23,800,000","38,400,000","-10,200,000","47,600,000","-16,200,000","-12,900,000","-15,800,000","65,600,000","-19,200,000","25,000,000","17,100,000","53,200,000","-13,100,000","24,500,000","14,200,000","45,700,000","-16,600,000","18,600,000","11,500,000","38,700,000","-13,100,000","13,200,000","12,700,000","36,700,000","-14,800,000","19,700,000","9,300,000","170,200,000","57,800,000","-277,100,000","105,700,000","105,700,000","105,700,000","-246,100,000","93,700,000","93,600,000","93,600,000"
NetNonOperatingInterestIncomeExpense,"-3,900,000","-400,000","-500,000","-1,300,000","-1,700,000","-1,700,000","-1,200,000","-1,200,000","-900,000","300,000","0","700,000","1,100,000","1,000,000","500,000","800,000","600,000","200,000","0","300,000","0","-300,000","-400,000","-300,000","-300,000","-200,000","-500,000","-100,000","-900,000","-700,000","-1,000,000","-900,000","-1,000,000","-1,900,000","-2,100,000","-1,900,000","-3,000,000","-4,100,000","-3,700,000","-3,700,000","-3,800,000","-3,900,000","-3,900,000","-3,900,000","-3,900,000","-3,900,000","-4,000,000","-3,800,000","-4,000,000","-4,000,000","-4,300,000","-3,900,000","-4,500,000","-5,600,000",,,,,,,,,,,,,,,,,,,,,,,,,,,,,,,,,,,,,,,,,,,,,,,,,,,,,,,,,,,,,,,,,,,,,,,,,,,,,,
	InterestIncomeNonOperating,,,,,,,,,,,,,,,,,"600,000",,,,,,,,,,,,,,,,,,,,,,,,,,,,,,,,,,,,,,,,,,,,,,,,,,,,,,,,,,,,,,,,,,,,,,,,,,,,,,,,,,,,,,,,,,,,,,,,,,,,,,,,,,,,,,,,,,,
	InterestExpenseNonOperating,,,,,,,,,,,"0","700,000","-100,000","1,000,000","500,000","800,000","1,500,000","200,000","0","300,000","1,400,000","300,000","400,000","300,000","1,400,000","200,000","500,000","100,000","1,200,000","700,000","1,000,000","900,000","1,600,000","1,900,000","2,100,000","1,900,000","4,200,000","4,100,000","3,700,000","3,700,000","4,800,000","3,900,000",,"3,900,000",,"3,900,000",,,,"4,000,000","4,300,000","3,900,000",,,,,,,,,,,,,,,,,,,,,,,,,,,,,,,,,,,,,,,,,,,,,,,,,,,,,,,,,,,,,,,,,,,,,,,,,,,,,,,,
	TotalOtherFinanceCost,,"400,000","500,000","1,300,000","1,700,000","1,700,000","1,200,000","1,200,000","900,000","-300,000",,"-700,000","-1,100,000","-1,000,000","-500,000","-800,000",,"-200,000",,"-300,000",,,,,,,,,,,,,,,,,,,,,,,"3,900,000","-3,900,000","3,900,000",,"4,000,000","3,800,000",,"4,000,000","4,300,000","3,900,000",,"5,600,000",,,,,,,,,,,,,,,,,,,,,,,,,,,,,,,,,,,,,,,,,,,,,,,,,,,,,,,,,,,,,,,,,,,,,,,,,,,,,,
OtherIncomeExpense,"6,100,000","100,000","6,200,000",,"18,100,000","-8,000,000","-5,300,000","-5,600,000","-18,100,000","-40,400,000","-200,000","-400,000","-12,800,000","-400,000","-300,000","-400,000","-12,900,000","-44,100,000","-15,500,000","-6,800,000","-8,500,000","-1,600,000","-4,800,000","-2,900,000","-19,400,000","-6,900,000","2,200,000","-1,500,000","-22,600,000","-3,200,000","-2,300,000","-2,200,000","-27,000,000","-4,700,000","-13,400,000","-1,400,000","-3,000,000",,"-4,000,000","-500,000","-7,300,000","-7,800,000","-11,200,000","-3,300,000","-10,200,000","-7,900,000","-1,400,000","-2,100,000","-4,900,000","-3,400,000","-41,200,000","-3,400,000","-6,300,000","-36,000,000","-11,400,000",,"3,500,000","-900,000",,,"0","3,000,000",,,,,,,,,,,"7,900,000",,"-1,200,000","-2,000,000","-10,900,000","2,900,000",,"-1,900,000",,,,,,,,,"0",,"-8,500,000",,,,,,"-11,400,000","10,000,000",,,,,,,,,,,,,,,,,,,"4,700,000","-1,500,000","-1,300,000",,"-800,000","-3,100,000",,,,,,,,,,
	GainOnSaleOfSecurity,,,,,,,,,,,,,"-1,000,000",,,,,,,,,,,,"0",,"2,200,000",,"-100,000",,"600,000",,"-1,100,000","-4,700,000",,,,,,,,,,,,,,,,"-1,500,000",,,,,,,,,,,,,,,,,,,,,,,,,,,,,,,,,,,,,,,,,,,,,,,,,,,,,,,,,,,,,,,,,,,,,,,,,,,,,,,,,,
	SpecialIncomeCharges,"6,000,000","0","6,200,000","0","18,100,000","-8,100,000","-5,300,000","-5,400,000","-17,800,000","-40,000,000","-2,700,000","-1,600,000","-11,500,000","0","0","0","-10,100,000","-4,300,000","0","-6,700,000","-21,700,000","0","-4,800,000","-2,900,000","-19,400,000","-6,900,000","0","-1,500,000","-22,500,000","0","-2,900,000","-2,200,000","-25,900,000","0","-13,400,000","-1,400,000","-13,400,000","0","-4,000,000","-500,000","-7,300,000","-7,800,000","-11,200,000","-3,300,000","-6,600,000","-7,900,000","-1,400,000","-2,100,000","-4,900,000","-3,400,000","-41,200,000","-3,400,000","-6,300,000","-36,000,000","-11,400,000",,"3,500,000","-900,000",,,"0","3,000,000",,,,,,,,,,,"7,900,000",,"-1,200,000","-2,000,000","-10,900,000","2,900,000",,"-1,900,000",,,,,,,,,"0",,"-8,500,000",,,,,,"-11,400,000","10,000,000",,,,,,,,,,,,,,,,,,,"4,700,000","-1,500,000","-1,300,000",,"-800,000","-3,100,000",,,,,,,,,,
		RestructuringAndMergernAcquisition,,,,,,"1,000,000","5,300,000","12,000,000",,,,,,,,,,,,,,,,,,,,,,,,,,,,,,,,,"2,800,000","3,900,000","5,000,000","3,300,000","2,400,000","1,200,000","1,000,000","2,100,000","1,900,000","1,900,000","1,100,000","4,300,000","6,700,000","5,800,000","11,400,000",,,,,,,,,,,,,,,,,,,,,,,,,,,,,,,,,,,,,,,,,,,,,,,,,,,,,,,,,,,,,,,,,,,,,,,,,,,,,
		ImpairmentOfCapitalAssets,"200,000","0",,,"200,000","10,900,000",,,"600,000","40,000,000",,,"900,000","0","0","0","200,000","4,300,000","0","6,700,000","6,800,000","0",,,"7,500,000","6,900,000","0",,"12,900,000","0","2,900,000",,"14,600,000","0","13,400,000",,"0","0",,,"0","800,000",,,"3,400,000","0","0",,"3,000,000","0","40,100,000",,"0","17,000,000",,,,,,,,,,,,,,,,,,,,,,,,,,,,,,,,,,,,,,,,,,,,,,,,,,,,,,,,,,,,,,,,,,,,,,,,,,,,,,
		WriteOff,,,,,,"10,900,000","2,100,000","1,400,000","8,300,000","43,000,000","2,700,000","1,600,000","1,300,000","1,600,000",,"1,400,000","1,600,000","1,700,000","4,300,000",,"1,700,000","1,600,000","4,800,000","2,900,000","3,400,000","3,100,000","4,300,000","1,500,000","1,700,000","3,200,000","4,200,000","2,200,000","1,800,000","2,500,000","2,500,000","1,400,000","3,000,000",,"4,000,000","500,000","4,500,000","3,100,000",,,,"6,700,000",,,,,,,,,,,,,,,,,,,,,,,,,,,,,,,,,,,,,,,,,,,,,,,,,,,,,,,,,,,,,,,,,,,,,,,,,,,,,,,,,,,,,,
		OtherSpecialCharges,,,,,,,,,,,,,,,,,,,,,,,,,,,,,,,,,,,,,,,,,,,"6,200,000",,"800,000",,"400,000",,"0","1,500,000",,"-900,000","-400,000","13,200,000",,,,,,,,,,,,,,,,,,,,,,,,,,,,,,,,,,,,,,,,,,,,,,,,,,,,,,,,,,,,,,,,,,,,,,,,,,,,,,
		GainOnSaleOfPPE,"6,200,000","0","6,200,000","0","0","3,800,000","0","6,600,000",,,,,,,,,,,,,,,,,,,,,,,,,,,,,,,,,,,,,,,,,,,,,,,,,,,,,,,,,,,,,,,,,,,,,,,,,,,,,,,,,,,,,,,,,,,,,,,,,,,,,,,,,,,,,,,,,,,,,,,,,,,,
	OtherNonOperatingIncomeExpenses,"100,000","100,000",,,"0","100,000",,"-200,000","-300,000","-400,000","-200,000","-400,000","-300,000","-400,000","-300,000","-400,000","-2,800,000","-39,800,000","-15,500,000","-100,000",,,,,,,,,"100,000",,,,,,,,,,,,"-100,000",,,,,,,,,,,,,,,,,,,,,,,,,,,,,,,,,,,,,,,,,,,,,,,,,,,,,,,,,,,,,,,,,,,,,,,,,,,,,,,,,,,,,,,,,,,
PretaxIncome,"44,000,000","-19,800,000","89,100,000","-33,300,000","8,000,000","-22,000,000","47,600,000","-51,800,000","-47,400,000","-60,100,000","104,900,000","-87,100,000","31,800,000","-20,800,000","98,400,000","-83,400,000","71,700,000","-63,300,000","91,700,000","-101,600,000","64,200,000","-23,900,000","111,000,000","-63,400,000","58,100,000","-16,600,000","106,800,000","-79,600,000","7,700,000","-35,900,000","112,400,000","-54,300,000","46,500,000","-40,900,000","92,600,000","-47,800,000","39,200,000","-31,800,000","97,200,000","-51,200,000","87,500,000","-15,800,000","136,100,000","-37,100,000","43,200,000","-33,900,000","124,700,000","-50,600,000","54,900,000","-6,300,000","101,300,000","-38,300,000","43,400,000","-41,400,000","100,800,000","-70,700,000","52,200,000","-6,400,000","120,700,000","-3,200,000","63,100,000","-12,100,000","118,100,000","-73,500,000","59,700,000","-24,600,000","1,062,000","-33,700,000","66,100,000","-1,100,000","112,700,000","-78,000,000","34,400,000","-9,400,000","104,200,000","-38,700,000","45,300,000","-700,000","115,200,000","-69,700,000","80,400,000","18,700,000","104,000,000","-49,700,000","-20,100,000","5,800,000","87,900,000","-16,500,000","49,400,000","3,200,000","65,800,000","-38,000,000","35,700,000","300,000","51,200,000","-28,200,000","22,400,000","-5,000,000","42,000,000","-21,300,000","-17,500,000","-20,200,000","61,400,000","-22,600,000","-2,200,000","14,300,000","50,200,000","-15,600,000","22,800,000","12,900,000","44,400,000","-17,700,000","17,900,000","10,800,000","37,700,000","-13,700,000","17,200,000","10,700,000","34,500,000","-15,600,000","7,000,000","6,200,000",,,,,,,,,,
TaxProvision,"7,400,000","-4,700,000","20,700,000","-8,900,000","300,000","-8,000,000","12,400,000","-12,000,000","-34,400,000","-16,800,000","33,800,000","-28,600,000","13,900,000","-8,200,000","26,800,000","-22,100,000","20,900,000","-14,100,000","34,600,000","-37,900,000","24,600,000","-8,400,000","43,100,000","-23,900,000","23,200,000","-9,400,000","41,600,000","-30,700,000","4,700,000","-13,800,000","43,800,000","-20,300,000","18,300,000","-28,800,000","34,300,000","-17,700,000","13,200,000","-11,700,000","35,300,000","-19,200,000","27,100,000","-5,900,000","52,800,000","-12,000,000","17,000,000","-9,900,000","47,600,000","-16,400,000","23,800,000","-1,700,000","44,500,000","-13,700,000","10,800,000","-6,300,000","42,400,000","-26,000,000","20,400,000","-1,800,000","45,100,000","-400,000","22,700,000","-4,400,000","43,000,000","-26,600,000","21,300,000","-9,100,000","39,300,000","-12,500,000","23,500,000","-400,000","40,000,000","-27,700,000","11,900,000","-3,400,000","37,500,000","-13,900,000","16,600,000","-200,000","40,200,000","-25,100,000","28,400,000","6,800,000","37,500,000","-17,900,000","-7,000,000","2,100,000","31,600,000","-5,900,000","17,700,000","1,200,000","24,500,000","-14,400,000","13,300,000","100,000","19,500,000","-10,700,000","8,500,000","-1,900,000","16,000,000","-8,100,000","-6,000,000","-7,700,000","22,900,000","-8,600,000","-3,900,000","5,400,000","19,100,000","-5,800,000","8,300,000","4,900,000","17,100,000","-6,500,000","7,200,000","4,400,000","14,600,000","-6,400,000","6,800,000","4,300,000","13,300,000","-5,700,000","2,300,000","2,500,000",,,,,,,,,,
NetIncomeCommonStockholders,"36,400,000","-15,300,000","68,300,000","-24,200,000","7,600,000","-13,900,000","35,100,000","-39,800,000","-13,000,000","-43,300,000","70,900,000","-58,500,000","17,900,000","-12,600,000","71,400,000","-61,300,000","50,800,000","-49,200,000","57,100,000","-63,700,000","39,400,000","-15,400,000","67,900,000","-39,600,000","34,000,000","-9,000,000","64,900,000","-49,400,000","282,300,000","-22,100,000","68,500,000","-34,100,000","28,100,000","-12,100,000","58,300,000","-29,900,000","21,500,000","-20,100,000","61,800,000","-32,100,000","57,000,000","-10,300,000","82,800,000","-27,100,000","24,800,000","-25,100,000","74,900,000","-35,200,000","29,200,000","-5,600,000","55,500,000","-23,000,000","27,700,000","-36,000,000","43,100,000","-49,100,000","-7,900,000","-82,100,000","75,600,000","-2,800,000","40,400,000","-7,700,000","75,100,000","-46,900,000","38,400,000","-15,500,000","66,900,000","-21,200,000","42,600,000","-700,000","72,700,000","-50,300,000","22,500,000","-6,000,000","66,700,000","-24,800,000","28,700,000","-500,000","75,000,000","-44,600,000","52,000,000","11,900,000","66,500,000","-37,000,000","-13,100,000","3,700,000","56,300,000","-10,600,000","31,700,000","2,000,000","41,300,000","-23,600,000","22,400,000","200,000","31,700,000","-17,500,000","13,900,000","-3,100,000","26,000,000","-13,200,000","-11,500,000","-12,500,000","38,500,000","-14,000,000","1,700,000","8,900,000","31,100,000","-9,800,000","14,500,000","8,000,000","27,300,000","-11,200,000","10,700,000","6,400,000","23,100,000","-15,400,000","10,400,000","6,400,000","21,200,000","-9,900,000","4,700,000","3,700,000",,,"3,500,000","3,500,000","3,400,000","3,400,000","700,000","700,000","700,000","700,000"
	NetIncome,"36,400,000","-15,300,000","68,300,000","-24,200,000","7,600,000","-13,900,000","35,100,000","-39,800,000","-13,000,000","-43,300,000","71,000,000","-58,500,000","17,900,000","-12,600,000","71,600,000","-61,300,000","50,800,000","-49,200,000","57,100,000","-63,700,000","39,400,000","-15,400,000","67,900,000","-39,600,000","34,000,000","-9,000,000","64,900,000","-49,400,000","282,300,000","-22,100,000","68,500,000","-34,100,000","28,100,000","-12,100,000","58,300,000","-29,900,000","21,500,000","-20,100,000","61,800,000","-32,100,000","57,000,000","-10,300,000","82,800,000","-27,100,000","24,800,000","-25,100,000","74,900,000","-35,200,000","29,200,000","-5,600,000","55,500,000","-23,000,000","27,700,000","-36,000,000","43,100,000","-49,100,000","-7,900,000","-82,100,000","75,600,000","-2,800,000","40,400,000","-7,700,000","75,100,000","-46,900,000","38,400,000","-15,500,000","66,900,000","-21,200,000","42,600,000","-700,000","72,700,000","-50,300,000","22,500,000","-6,000,000","66,700,000","-24,800,000","28,700,000","-500,000","75,000,000","-44,600,000","52,000,000","11,900,000","66,500,000","-37,000,000","-13,100,000","3,700,000","56,300,000","-10,600,000","31,700,000","2,000,000","41,300,000","-23,600,000","22,400,000","200,000","31,700,000","-17,500,000","13,900,000","-3,100,000","26,000,000","-13,200,000","-11,500,000","-12,500,000","38,500,000","-14,000,000","1,700,000","8,900,000","31,100,000","-9,800,000","14,500,000","8,000,000","27,300,000","-11,200,000","10,700,000","6,400,000","23,100,000","-15,400,000","10,400,000","6,400,000","21,200,000","-9,900,000","4,700,000","3,700,000",,,"3,500,000","3,500,000","3,400,000","3,400,000","700,000","700,000","700,000","700,000"
		NetIncomeIncludingNoncontrollingInterests,"36,600,000","-15,100,000","68,400,000","-24,400,000","7,700,000","-14,000,000","35,200,000","-39,800,000","-13,000,000","-43,300,000","71,100,000","-58,500,000","17,900,000","-12,600,000","71,600,000","-61,300,000","50,800,000","-49,200,000","57,100,000","-63,700,000","39,400,000","-15,400,000","67,900,000","-39,600,000","34,000,000","-9,000,000","64,900,000","-49,400,000","282,300,000","-22,100,000","68,500,000","-34,100,000","28,100,000","-12,100,000","58,300,000","-29,900,000","21,500,000","-20,100,000","61,800,000","-32,100,000","57,000,000","-10,300,000","82,800,000","-27,100,000","24,800,000","-25,100,000","74,900,000","-35,200,000","29,200,000","-5,600,000","55,500,000","-23,000,000","27,700,000","-36,000,000","43,100,000","-49,100,000","-7,900,000","-82,100,000","75,600,000","-2,800,000","40,400,000","-7,700,000","75,100,000","-46,900,000","38,400,000","-15,500,000","66,900,000","-21,200,000","42,600,000","-700,000","72,700,000","-50,300,000","22,500,000","-6,000,000","66,700,000","-24,800,000","28,700,000","-500,000","75,000,000","-44,600,000","52,000,000","11,900,000","66,500,000","-37,000,000","-13,100,000","3,700,000","56,300,000","-10,600,000","31,700,000","2,000,000","41,300,000","-23,600,000","22,400,000","200,000","31,700,000","-17,500,000","13,900,000","-3,100,000","26,000,000","-13,200,000","-11,500,000","-12,500,000","38,500,000","-14,000,000","1,700,000","8,900,000","31,100,000","-9,800,000","14,500,000","8,000,000","27,300,000","-11,200,000","10,700,000","6,400,000","23,100,000","-15,400,000","10,400,000","6,400,000","21,200,000","-9,900,000","4,700,000","3,700,000","15,100,000","-10,500,000","3,500,000","3,500,000","3,400,000","3,400,000","700,000","700,000","700,000","700,000"
			NetIncomeContinuousOperations,"36,600,000","-15,100,000","68,400,000","-24,400,000","7,700,000","-14,000,000","35,200,000","-39,800,000","-13,000,000","-43,300,000","71,100,000","-58,500,000","17,900,000","-12,600,000","71,600,000","-61,300,000","50,800,000","-49,200,000","57,100,000","-63,700,000","39,600,000","-15,500,000","67,900,000","-39,500,000","34,900,000","-7,200,000","65,200,000","-48,900,000","3,000,000","-22,100,000","68,600,000","-34,000,000","28,200,000","-12,100,000","58,300,000","-30,100,000","26,000,000","-20,100,000","61,900,000","-32,000,000","60,400,000","-9,900,000","83,300,000","-25,100,000","26,200,000","-24,000,000","77,100,000","-34,200,000","31,100,000","-4,600,000","56,800,000","-24,600,000","32,600,000","-35,100,000","58,400,000","-44,700,000","31,800,000","-4,600,000","75,600,000","-2,800,000","40,400,000","-7,700,000","75,100,000","-46,900,000","38,400,000","-15,500,000","66,900,000","-21,200,000","42,600,000","-700,000","72,700,000","-50,300,000","22,500,000","-6,000,000","66,700,000","-24,800,000","28,700,000","-500,000","75,000,000","-44,600,000","52,000,000","11,900,000","66,500,000","-31,800,000","-13,100,000","3,700,000","56,300,000","-10,600,000","31,700,000","2,000,000","41,300,000","-23,600,000","22,400,000","200,000","31,700,000","-17,500,000","13,900,000","-3,100,000","26,000,000","-13,200,000","-11,500,000","-12,500,000","38,500,000","-14,000,000","1,700,000","8,900,000","31,100,000","-9,800,000","14,500,000","8,000,000","27,300,000","-11,200,000","10,700,000","6,400,000","23,100,000","-7,300,000","10,400,000","6,400,000","21,200,000","-9,900,000","4,700,000","3,700,000","15,100,000","-10,500,000","3,500,000","3,500,000","3,400,000","3,400,000","700,000","700,000","700,000","700,000"
			NetIncomeDiscontinuousOperations,,,,,,,,,,,,,,,,,"0","0","0","0","-200,000","100,000","0","-100,000","-900,000","-1,800,000","-300,000","-500,000","279,300,000","0","-100,000","-100,000","-100,000","0","0","200,000","-4,500,000","0","-100,000","-100,000","-3,400,000","-400,000","-500,000","-2,000,000","-1,400,000","-1,100,000","-2,200,000","-1,000,000","-1,900,000","-1,000,000","-1,300,000","1,600,000","-4,900,000","-900,000","-15,300,000","-4,400,000","-39,700,000","-77,500,000",,,,,,,,,,,,,,,,,,,,,,,,,,,,,,,,,,,,,,,,,,,,,,,,,,,,,,,,,,,,,,,,,,,,,,,,,,
			NetIncomeExtraordinary,,,,,,,,,,,,,,,,,,,,,,,,,,,,,,,,,,,,,,,,,,,,,,,,,,,,,,,,,,,,,,,,,,,,,,,,,,,,,,,,,"0",,,"-5,200,000",,,,,,,,,,,,,,,,,,,,,,,,,,,,,"0",,,"-8,100,000",,,,,,,,,,,,,,,,
		MinorityInterests,"-200,000","-200,000","-100,000","200,000","-100,000","100,000","-100,000","0","-200,000","0","-100,000","0",,,,,,,,,,,,,,,,,,,,,,,,,,,,,,,,,,,,,,,,,,,,,,,,,,,,,,,,,,,,,,,,,,,,,,,,,,,,,,,,,,,,,,,,,,,,,,,,,,,,,,,,,,,,,,,,,,,,,,,,
	OtherunderPreferredStockDividend,,,,,,,,,,,"100,000",,,,"200,000",,,,,,,,,,,,,,,,,,,,,,,,,,,,,,,,,,,,,,,,,,,,,,,,,,,,,,,,,,,,,,,,,,,,,,,,,,,,,,,,,,,,,,,,,,,,,,,,,,,,,,,,,,,,,,,,,,,,,
DilutedNIAvailtoComStockholders,"36,400,000","-15,300,000","68,300,000","-24,200,000","7,600,000","-13,900,000","35,100,000","-39,800,000","-13,000,000","-43,300,000","70,900,000","-58,500,000","17,900,000","-12,600,000","71,400,000","-61,300,000","50,800,000","-49,200,000","57,100,000","-63,700,000","39,400,000","-15,400,000","67,900,000","-39,600,000","34,000,000","-9,000,000","64,900,000","-49,400,000","282,300,000","-22,100,000","68,500,000","-34,100,000","28,100,000","-12,100,000","58,300,000","-29,900,000","21,500,000","-20,100,000","61,800,000","-32,100,000","57,000,000","-10,300,000","82,800,000","-27,100,000","24,800,000","-25,100,000","74,900,000","-35,200,000","29,200,000","-5,600,000","55,500,000","-23,000,000","27,700,000","-36,000,000","43,100,000","-49,100,000","-7,900,000","-82,100,000","75,600,000","-2,800,000","40,400,000","-7,700,000","75,100,000","-46,900,000","38,400,000","-15,500,000","66,900,000","-21,200,000","42,600,000","-700,000","72,700,000","-50,300,000","22,500,000","-6,000,000","66,700,000","-24,800,000","28,700,000","-500,000","75,000,000","-44,600,000","52,000,000","11,900,000","66,500,000","-37,000,000","-13,100,000","3,700,000","56,300,000","-10,600,000","31,700,000","2,000,000","41,300,000","-23,600,000","22,400,000","200,000","31,700,000","-17,500,000","13,900,000","-3,100,000","26,000,000","-13,200,000","-11,500,000","-12,500,000","38,500,000","-14,000,000","1,700,000","8,900,000","31,100,000","-9,800,000","14,500,000","8,000,000","27,300,000","-11,200,000","10,700,000","6,400,000","23,100,000","-15,400,000","10,400,000","6,400,000","21,200,000","-9,900,000","4,700,000","3,700,000",,,"3,500,000","3,500,000","3,400,000","3,400,000","700,000","700,000","700,000","700,000"
BasicEPS,,"-0.44","1.97","-0.7","0.22","-0.41","1.02","-1.16","-0.38","-1.25","2.04","-1.68","0.51","-0.36","2.03","-1.75","1.45","-1.408","1.63","-1.81","1.12","-0.44","1.96","-1.15","0.99","-0.26","1.89","-1.48","8.57","-0.68","2.09","-1.05","0.87","-0.38","1.82","-0.94","0.67","-0.63","1.93","-1.02","1.8","-0.1","2.64","-0.87","0.8","-0.81","2.17","-0.98",,"-0.15","1.52","-0.63",,"-0.98","1.15","-1.3",,"-2.14","1.96","-0.07",,"-0.18","1.77","-1.12",,"-0.37","1.62","-0.52",,"-0.02","1.83","-1.27",,"-0.15","1.7","-0.63",,"-0.01","1.92","-1.14",,"0.32","1.88","-1.05",,"0.11","1.63","-0.31",,"0.06","1.245","-0.72",,"0.01","0.97","-0.54",,"-0.1","0.81","-0.41",,"-0.39","1.21","-0.44",,"0.28","0.96","-0.31",,"0.25","0.84","-0.36",,"0.2","0.72","-0.51",,"0.2","0.68","-0.44",,"0.17","0.71","-0.49",,"0.16","0.16","0.16",,"0.03","0.03","0.03"
DilutedEPS,,"-0.44","1.91","-0.7","0.22","-0.41","1.02","-1.16","-0.38","-1.25","2.02","-1.68","0.5","-0.36","1.99","-1.75","1.43","-1.41","1.6","-1.81","1.1","-0.44","1.92","-1.15","0.97","-0.26","1.84","-1.48","8.3","-0.68","2.05","-1.05","0.85","-0.38","1.8","-0.94","0.66","-0.63","1.89","-1.02","1.76","-0.1","2.6","-0.87","0.78","-0.81","2.14","-0.98",,"-0.15","1.51","-0.63",,"-0.98","1.15","-1.3",,"-2.14","1.93","-0.07",,"-0.18","1.75","-1.12",,"-0.37","1.59","-0.52",,"-0.02","1.8","-1.27",,"-0.15","1.67","-0.63",,"-0.01","1.85","-1.14",,"0.31","1.69","-1.05",,"0.1","1.475","-0.31",,"0.055","1.15","-0.72",,"0.01","0.91","-0.54",,"-0.1","0.76","-0.41",,"-0.39","1.11","-0.44",,"0.28","0.91","-0.31",,"0.25","0.84","-0.36",,"0.2","0.72","-0.51",,"0.2","0.65","-0.44",,"0.16","0.66","-0.49",,"0.16","0.16","0.16",,"0.03","0.03","0.03"
BasicAverageShares,,"34,577,000","34,630,000","34,417,000","34,378,000","34,348,000","34,345,000","34,258,000","34,244,000","34,544,000","34,774,000","34,871,000","35,189,000","35,265,000","35,200,000","35,049,000","34,890,000","34,948,000","35,034,000","35,200,000","34,983,000","34,781,000","34,506,000","34,420,000","34,221,000","34,301,000","34,251,000","33,402,000","32,914,000","32,746,000","32,714,000","32,367,000","32,240,000","32,014,000","31,864,000","31,800,000","31,800,000","32,000,000","31,900,000","31,500,000","31,500,000","31,100,000","31,200,000","31,000,000","31,000,000","30,900,000","34,400,000","36,100,000",,"36,600,000","36,400,000","36,400,000",,"36,900,000","37,600,000","37,900,000",,"38,364,486","38,571,429","40,000,000",,"42,777,778","42,429,379","41,875,000",,"41,891,892","41,296,296","40,769,231",,"35,000,000","39,726,776","39,606,299",,"40,000,000","39,235,294","39,365,079",,"38,974,359","39,062,500","39,122,807",,"37,187,500","35,372,340","35,238,095",,"33,636,364","34,539,877","34,193,548",,"33,333,333","33,172,691","32,777,778",,"32,272,727","32,680,412","32,407,407",,"31,000,000","32,098,765","32,195,122",,"32,051,282","31,818,182","31,818,182",,"31,785,714","32,395,833","31,612,903",,"32,000,000","32,500,000","31,111,111",,"32,000,000","32,083,333","30,196,078",,"32,000,000","31,176,471","22,500,000",,"21,764,706","22,704,000",,,"21,875,000","21,250,000","21,250,000",,"23,333,333","23,333,333","23,333,333"
DilutedAverageShares,,"35,761,000","35,577,000","35,473,000","35,108,000","34,687,000","34,407,000","34,393,000","34,244,000","34,842,000","35,112,000","35,174,000","35,652,000","35,807,000","35,900,000","35,751,000","35,497,000","34,948,000","35,588,000","35,200,000","35,709,000","34,781,000","35,214,000","34,420,000","34,832,000","34,977,000","35,126,000","33,402,000","33,950,000","33,486,000","33,331,000","33,045,000","32,825,000","32,596,000","32,289,000","32,500,000","32,300,000","32,000,000","32,700,000","32,100,000","32,200,000","31,100,000","31,700,000","31,000,000","31,500,000","30,900,000","34,900,000","36,100,000",,"36,600,000","36,800,000","36,600,000",,"36,900,000","37,700,000","37,900,000",,"38,364,486","39,170,984","40,000,000",,"42,777,778","42,914,286","41,875,000",,"41,891,892","42,075,472","40,769,231",,"35,000,000","40,388,889","39,606,299",,"40,000,000","39,940,120","39,365,079",,"40,533,333","40,540,541","39,122,807",,"38,387,097","39,349,112","35,238,095",,"37,000,000","38,169,492","34,193,548",,"36,363,636","35,913,043","32,777,778",,"33,023,256","34,835,165","32,407,407",,"31,000,000","34,210,526","32,195,122",,"32,051,282","34,684,685","31,818,182",,"31,785,714","34,175,824","31,612,903",,"32,000,000","32,500,000","31,111,111",,"32,000,000","32,083,333","30,196,078",,"32,000,000","32,615,385","22,500,000",,"23,125,000","22,704,000",,,"21,875,000","21,250,000","21,250,000",,"23,333,333","23,333,333","23,333,333"
TotalOperatingIncomeAsReported,"41,600,000","-19,500,000","83,400,000","-32,000,000","9,700,000","-24,200,000","48,800,000","-57,000,000","-46,200,000","-60,000,000","105,100,000","-87,400,000","32,000,000","-21,400,000","98,200,000","-83,800,000","73,900,000","-23,700,000","107,200,000","-101,800,000","64,200,000","-23,600,000","111,400,000","-63,100,000","58,400,000","-16,400,000","105,100,000","-79,500,000","8,700,000","-35,200,000","112,800,000","-53,400,000","48,600,000","-34,300,000","94,700,000","-45,900,000","42,200,000","-27,700,000","100,900,000","-47,500,000","91,400,000","-11,900,000","140,000,000","-33,200,000","50,700,000","-30,000,000","129,100,000","-46,800,000","58,900,000","-800,000","105,600,000","-35,300,000","47,500,000","-22,600,000","107,800,000","-64,900,000","54,100,000","600,000","130,200,000","5,200,000","70,200,000","-7,800,000","126,400,000","-66,100,000","67,000,000","-17,800,000","115,300,000","-25,200,000","79,700,000","5,800,000","120,400,000","-71,000,000","33,700,000","-2,300,000","113,400,000","-29,800,000","53,500,000","3,900,000","123,400,000","-62,100,000","87,600,000","26,600,000","112,200,000","-41,700,000","-12,200,000","16,300,000","101,400,000","-6,800,000","53,400,000","7,700,000","80,000,000","-33,600,000","40,200,000","4,900,000","56,600,000","-23,800,000","38,400,000","-10,200,000","47,600,000","-16,200,000","-12,900,000","-15,800,000","65,600,000","-19,200,000","25,000,000","17,100,000","53,200,000","-13,100,000","24,500,000","14,200,000","45,700,000","-16,600,000","18,600,000","11,500,000","38,700,000","-13,100,000","13,200,000","12,700,000","36,700,000","-14,800,000","19,700,000","9,300,000",,,,,,,,,,
TotalExpenses,"1,488,100,000","364,000,000","440,800,000","291,800,000","409,800,000","289,800,000","352,100,000","260,200,000","312,400,000","393,300,000","492,100,000","320,000,000","427,200,000","381,500,000","506,500,000","302,200,000","412,200,000","364,100,000","491,100,000","284,300,000","413,700,000","359,800,000","511,700,000","345,800,000","436,000,000","375,500,000","496,700,000","270,700,000","273,100,000","417,300,000","549,900,000","337,200,000","474,800,000","407,800,000","515,100,000","322,200,000","446,500,000","408,200,000","515,300,000","341,100,000","579,900,000","471,100,000","534,100,000","347,900,000","489,300,000","406,400,000","537,800,000","335,600,000","474,600,000","397,700,000","513,300,000","346,600,000","436,100,000","424,700,000","542,400,000","349,900,000","450,100,000","457,800,000","616,000,000","581,700,000","541,500,000","504,800,000","609,100,000","401,000,000","534,000,000","505,500,000","581,400,000","523,600,000","512,400,000","475,000,000","562,900,000","394,700,000","553,700,000","474,300,000","585,600,000","505,200,000","503,900,000","429,800,000","536,900,000","369,000,000","453,400,000","406,100,000","525,000,000","347,800,000","511,100,000","416,700,000","566,900,000","368,900,000","348,500,000","305,100,000","427,800,000","213,600,000","293,800,000","262,400,000","346,600,000","174,000,000","259,500,000","249,200,000","307,200,000","182,800,000","267,700,000","226,500,000","276,600,000","177,800,000","257,700,000","199,000,000","241,400,000","148,300,000","204,300,000","165,700,000","208,400,000","103,700,000","172,600,000","138,800,000","174,200,000","90,300,000","150,700,000","118,800,000","155,200,000","79,800,000","122,000,000","110,300,000",,,,,,,,,,
NetIncomeFromContinuingAndDiscontinuedOperation,"36,400,000","-15,300,000","68,300,000","-24,200,000","7,600,000","-13,900,000","35,100,000","-39,800,000","-13,000,000","-43,300,000","71,000,000","-58,500,000","17,900,000","-12,600,000","71,600,000","-61,300,000","50,800,000","-49,200,000","57,100,000","-63,700,000","39,400,000","-15,400,000","67,900,000","-39,600,000","34,000,000","-9,000,000","64,900,000","-49,400,000","282,300,000","-22,100,000","68,500,000","-34,100,000","28,100,000","-12,100,000","58,300,000","-29,900,000","21,500,000","-20,100,000","61,800,000","-32,100,000","57,000,000","-10,300,000","82,800,000","-27,100,000","24,800,000","-25,100,000","74,900,000","-35,200,000","29,200,000","-5,600,000","55,500,000","-23,000,000","27,700,000","-36,000,000","43,100,000","-49,100,000","-7,900,000","-82,100,000","75,600,000","-2,800,000","40,400,000","-7,700,000","75,100,000","-46,900,000","38,400,000","-15,500,000","66,900,000","-21,200,000","42,600,000","-700,000","72,700,000","-50,300,000","22,500,000","-6,000,000","66,700,000","-24,800,000","28,700,000","-500,000","75,000,000","-44,600,000","52,000,000","11,900,000","66,500,000","-31,800,000","-13,100,000","3,700,000","56,300,000","-10,600,000","31,700,000","2,000,000","41,300,000","-23,600,000","22,400,000","200,000","31,700,000","-17,500,000","13,900,000","-3,100,000","26,000,000","-13,200,000","-11,500,000","-12,500,000","38,500,000","-14,000,000","1,700,000","8,900,000","31,100,000","-9,800,000","14,500,000","8,000,000","27,300,000","-11,200,000","10,700,000","6,400,000","23,100,000","-7,300,000","10,400,000","6,400,000","21,200,000","-9,900,000","4,700,000","3,700,000",,,"3,500,000","3,500,000","3,400,000","3,400,000","700,000","700,000","700,000","700,000"
NormalizedIncome,"31,409,090.909","-15,300,000","63,538,400","-24,200,000","-9,821,250","-8,748,400","39,016,700","-35,652,800","-6,000","-14,500,000","71,000,000","-58,500,000","27,025,000","-12,600,000","71,600,000","-61,300,000","57,955,927.476","-45,858,900","57,100,000","-59,499,100","52,985,046.729","-15,500,000","67,900,000","-39,500,000","46,553,356.282","-3,060,000","63,858,000","-48,900,000","16,560,000","-22,100,000","70,003,000","-34,000,000","44,574,193.548","-9,045,000","66,742,000","-30,100,000","34,887,755.102","-20,100,000","61,900,000","-32,000,000","65,439,085.714","-5,012,658.228","90,154,959.589","-22,867,385.445","32,386,111.111","-18,407,079.646","77,965,597.434","-32,780,632.411","34,285,000","-2,117,460.317","83,580,000","-22,416,187.99","37,332,258.065","-4,578,260.87","65,810,000","-44,700,000","29,667,816.092","-3,953,125","75,600,000","-2,800,000","40,400,000","-9,609,090.909","75,100,000","-46,900,000","38,400,000","-15,500,000","66,900,000","-21,200,000","42,600,000","-700,000","72,700,000","-50,300,000","17,332,848.837","-6,000,000","67,468,138.196","-23,518,346.253","35,605,739.514","-2,571,428.571","75,000,000","-43,384,218.077","52,000,000","11,900,000","66,500,000","-31,800,000","-13,100,000","3,700,000","56,300,000","-10,600,000","31,700,000","2,000,000","46,635,106.383","-23,600,000","22,400,000","200,000","31,700,000","-17,500,000","20,974,107.143","-9,300,000","26,000,000","-13,200,000","-11,500,000","-12,500,000","38,500,000","-14,000,000","1,700,000","8,900,000","31,100,000","-9,800,000","14,500,000","8,000,000","27,300,000","-11,200,000","10,700,000","6,400,000","23,100,000","-7,300,000","7,558,139.535","7,300,000","21,998,840.58","-9,900,000","5,237,142.857","5,560,000",,,"3,500,000","3,500,000","3,400,000","3,400,000","700,000","700,000","700,000","700,000"
InterestIncome,,,,,,,,,,,,,,,,,"600,000",,,,,,,,,,,,,,,,,,,,,,,,,,,,,,,,,,,,,,,,,,,,,,,,,,,,,,,,,,,,,,,,,,,,,,,,,,,,,,,,,,,,,,,,,,,,,,,,,,,,,,,,,,,,,,,,,,,
InterestExpense,,,,,,,,,,,"0","700,000","-100,000","1,000,000","500,000","800,000","1,500,000","200,000","0","300,000","1,400,000","300,000","400,000","300,000","1,400,000","200,000","500,000","100,000","1,200,000","700,000","1,000,000","900,000","1,600,000","1,900,000","2,100,000","1,900,000","4,200,000","4,100,000","3,700,000","3,700,000","4,800,000","3,900,000",,"3,900,000",,"3,900,000",,,,"4,000,000","4,300,000","3,900,000",,,,,,,,,,,,,,,,,,,,,,,,,,,,,,,,,,,,,,,,,,,,,,,,,,,,,,,,,,,,,,,,,,,,,,,,,,,,,,,,
NetInterestIncome,"-3,900,000","-400,000","-500,000","-1,300,000","-1,700,000","-1,700,000","-1,200,000","-1,200,000","-900,000","300,000","0","700,000","1,100,000","1,000,000","500,000","800,000","600,000","200,000","0","300,000","0","-300,000","-400,000","-300,000","-300,000","-200,000","-500,000","-100,000","-900,000","-700,000","-1,000,000","-900,000","-1,000,000","-1,900,000","-2,100,000","-1,900,000","-3,000,000","-4,100,000","-3,700,000","-3,700,000","-3,800,000","-3,900,000","-3,900,000","-3,900,000","-3,900,000","-3,900,000","-4,000,000","-3,800,000","-4,000,000","-4,000,000","-4,300,000","-3,900,000","-4,500,000","-5,600,000",,,,,,,,,,,,,,,,,,,,,,,,,,,,,,,,,,,,,,,,,,,,,,,,,,,,,,,,,,,,,,,,,,,,,,,,,,,,,,
EBIT,"41,400,000","-19,500,000","83,400,000","-32,000,000","-8,800,000","-12,300,000","54,100,000","-45,000,000","-84,400,000","-20,000,000","105,100,000","-87,400,000","35,200,000","-21,400,000","98,200,000","-83,800,000","7,800,000","-19,400,000","107,200,000","-95,100,000","65,600,000","-23,600,000","111,400,000","-63,100,000","59,500,000","-16,400,000","107,300,000","-79,500,000","8,900,000","-35,200,000","113,400,000","-53,400,000","48,100,000","-39,000,000","94,700,000","-45,900,000","43,400,000","-27,700,000","100,900,000","-47,500,000","92,300,000","-11,900,000","151,200,000","-33,200,000","43,900,000","-30,000,000","130,100,000","-44,700,000","12,500,000","1,100,000","146,800,000","-31,000,000","-900,000","200,000","119,200,000","-64,900,000","54,100,000","600,000","130,200,000","5,200,000","70,200,000","-7,800,000","126,400,000","-66,100,000","67,000,000","-17,800,000","115,300,000","-25,200,000","79,700,000","5,800,000","120,400,000","-71,000,000","33,700,000","-2,300,000","113,400,000","-29,800,000","53,500,000","3,900,000","123,400,000","-62,100,000","87,600,000","26,600,000","112,200,000","-41,700,000","-12,200,000","16,300,000","101,400,000","-6,800,000","53,400,000","7,700,000","80,000,000","-33,600,000","40,200,000","4,900,000","56,600,000","-23,800,000","38,400,000","-10,200,000","47,600,000","-16,200,000","-12,900,000","-15,800,000","65,600,000","-19,200,000","25,000,000","17,100,000","53,200,000","-13,100,000","24,500,000","14,200,000","45,700,000","-16,600,000","18,600,000","11,500,000","38,700,000","-13,100,000","13,200,000","12,700,000","36,700,000","-14,800,000","19,700,000","9,300,000","170,200,000","57,800,000","-277,100,000","105,700,000","105,700,000","105,700,000","-246,100,000","93,700,000","93,600,000","93,600,000"
EBITDA,"132,300,000"
ReconciledCostOfRevenue,"733,400,000","160,700,000","229,300,000","125,000,000","190,500,000","138,500,000","191,700,000","116,000,000","159,500,000","175,700,000","257,100,000","130,000,000","208,700,000","170,100,000","256,200,000","119,300,000","203,600,000","160,700,000","248,200,000","110,000,000","207,000,000","154,700,000","265,300,000","163,800,000","206,800,000","171,100,000","250,000,000","107,600,000","133,900,000","185,000,000","273,100,000","135,700,000","235,400,000","174,900,000","249,800,000","124,200,000","210,600,000","177,300,000","251,400,000","139,300,000","304,800,000","183,200,000","297,600,000","148,500,000","241,800,000","193,800,000","291,200,000","147,700,000","238,800,000","192,700,000","269,700,000","156,100,000","180,800,000","235,700,000","273,700,000","139,000,000","213,000,000","216,400,000","307,500,000","311,600,000","254,800,000","227,300,000","308,100,000","156,300,000","255,700,000","225,800,000","279,200,000","274,600,000","240,700,000","217,000,000","283,000,000","162,100,000","251,300,000","203,300,000","288,200,000","264,900,000","225,300,000","184,500,000","264,400,000","146,900,000","249,300,000","190,500,000","259,900,000","152,900,000","189,300,000","210,100,000","284,900,000","184,900,000","130,300,000","155,600,000","235,900,000","108,300,000","103,300,000","133,600,000","187,300,000","85,200,000","99,100,000","121,700,000","176,200,000","95,500,000","112,200,000","118,800,000","165,800,000","93,700,000","120,700,000","106,600,000","133,700,000","75,500,000","90,900,000","84,000,000","111,900,000","48,600,000","71,700,000","71,200,000","93,100,000","43,600,000","67,300,000","63,000,000","83,100,000","38,500,000","69,800,000","57,000,000",,,,,,,,,,
ReconciledDepreciation,"90,900,000","22,500,000","23,200,000","23,200,000","22,000,000","22,200,000","23,400,000","22,700,000","22,400,000","22,700,000","22,600,000","22,500,000","21,400,000","20,500,000","20,600,000","19,200,000","17,400,000","17,200,000","15,900,000","15,500,000","16,300,000","15,100,000","15,600,000","15,400,000","14,500,000","16,100,000","17,700,000","17,400,000","-4,400,000","26,500,000","28,600,000","28,000,000","32,600,000","30,000,000","30,900,000","29,600,000","30,600,000","30,300,000","28,700,000","27,900,000","40,900,000","52,400,000","3,600,000","27,000,000","16,700,000","14,500,000","14,500,000","14,400,000","15,800,000","14,200,000","14,800,000","14,700,000","60,100,000","-7,100,000","26,300,000","26,200,000","30,300,000","24,000,000","26,900,000","29,600,000","31,600,000","30,800,000","31,000,000","32,400,000","30,600,000","33,100,000","35,900,000","34,000,000","42,400,000","30,000,000","30,700,000","27,700,000","32,600,000","39,900,000","30,600,000","29,500,000","29,700,000","25,400,000","28,100,000","23,900,000","10,600,000","9,700,000","8,300,000","7,600,000","91,600,000","-600,000","11,500,000","8,700,000","53,500,000","6,400,000","6,900,000","4,600,000","57,300,000","5,200,000","5,700,000","5,400,000","49,100,000","5,300,000","5,500,000","5,000,000","46,700,000","4,100,000","4,100,000","3,500,000","33,500,000","3,300,000","3,200,000","2,500,000","16,500,000","2,700,000","2,700,000","2,100,000","16,600,000","2,200,000","1,700,000","1,200,000",,,,"1,300,000","400,000","1,400,000",,,,,,,,,,
NetIncomeFromContinuingOperationNetMinorityInterest,"36,400,000","-15,300,000","68,300,000","-24,200,000","7,600,000","-13,900,000","35,100,000","-39,800,000","-13,000,000","-43,300,000","71,000,000","-58,500,000","17,900,000","-12,600,000","71,600,000","-61,300,000","50,800,000","-49,200,000","57,100,000","-63,700,000","39,600,000","-15,500,000","67,900,000","-39,500,000","34,900,000","-7,200,000","65,200,000","-48,900,000","3,000,000","-22,100,000","68,600,000","-34,000,000","28,200,000","-12,100,000","58,300,000","-30,100,000","26,000,000","-20,100,000","61,900,000","-32,000,000","60,400,000","-9,900,000","83,300,000","-25,100,000","26,200,000","-24,000,000","77,100,000","-34,200,000","31,100,000","-4,600,000","56,800,000","-24,600,000","32,600,000","-35,100,000","58,400,000","-44,700,000","31,800,000","-4,600,000","75,600,000","-2,800,000","40,400,000","-7,700,000","75,100,000","-46,900,000","38,400,000","-15,500,000","66,900,000","-21,200,000","42,600,000","-700,000","72,700,000","-50,300,000","22,500,000","-6,000,000","66,700,000","-24,800,000","28,700,000","-500,000","75,000,000","-44,600,000","52,000,000","11,900,000","66,500,000","-31,800,000","-13,100,000","3,700,000","56,300,000","-10,600,000","31,700,000","2,000,000","41,300,000","-23,600,000","22,400,000","200,000","31,700,000","-17,500,000","13,900,000","-3,100,000","26,000,000","-13,200,000","-11,500,000","-12,500,000","38,500,000","-14,000,000","1,700,000","8,900,000","31,100,000","-9,800,000","14,500,000","8,000,000","27,300,000","-11,200,000","10,700,000","6,400,000","23,100,000","-7,300,000","10,400,000","6,400,000","21,200,000","-9,900,000","4,700,000","3,700,000",,,"3,500,000","3,500,000","3,400,000","3,400,000","700,000","700,000","700,000","700,000"
TotalUnusualItemsExcludingGoodwill,"6,000,000","0","6,200,000","0","18,100,000","-8,100,000","-5,300,000","-5,400,000","-17,800,000","-40,000,000","-2,700,000","-1,600,000","-12,500,000","0","0","0","-10,100,000","-4,300,000","0","-6,700,000","-21,700,000","0","-4,800,000","-2,900,000","-19,400,000","-6,900,000","2,200,000","-1,500,000","-22,600,000","0","-2,300,000","-2,200,000","-27,000,000","-4,700,000","-13,400,000","-1,400,000","-13,400,000","0","-4,000,000","-500,000","-7,300,000","-7,800,000","-11,200,000","-3,300,000","-10,200,000","-7,900,000","-1,400,000","-2,100,000","-4,900,000","-3,400,000","-41,200,000","-3,400,000","-6,300,000","-36,000,000","-11,400,000",,"3,500,000","-900,000",,,"0","3,000,000",,,,,,,,,,,"7,900,000",,"-1,200,000","-2,000,000","-10,900,000","2,900,000",,"-1,900,000",,,,,,,,,"0",,"-8,500,000",,,,,,"-11,400,000","10,000,000",,,,,,,,,,,,,,,,,,,"4,700,000","-1,500,000","-1,300,000",,"-800,000","-3,100,000",,,,,,,,,,
TotalUnusualItems,"6,000,000","0","6,200,000","0","18,100,000","-8,100,000","-5,300,000","-5,400,000","-17,800,000","-40,000,000","-2,700,000","-1,600,000","-12,500,000","0","0","0","-10,100,000","-4,300,000","0","-6,700,000","-21,700,000","0","-4,800,000","-2,900,000","-19,400,000","-6,900,000","2,200,000","-1,500,000","-22,600,000","0","-2,300,000","-2,200,000","-27,000,000","-4,700,000","-13,400,000","-1,400,000","-13,400,000","0","-4,000,000","-500,000","-7,300,000","-7,800,000","-11,200,000","-3,300,000","-10,200,000","-7,900,000","-1,400,000","-2,100,000","-4,900,000","-3,400,000","-41,200,000","-3,400,000","-6,300,000","-36,000,000","-11,400,000",,"3,500,000","-900,000",,,"0","3,000,000",,,,,,,,,,,"7,900,000",,"-1,200,000","-2,000,000","-10,900,000","2,900,000",,"-1,900,000",,,,,,,,,"0",,"-8,500,000",,,,,,"-11,400,000","10,000,000",,,,,,,,,,,,,,,,,,,"4,700,000","-1,500,000","-1,300,000",,"-800,000","-3,100,000",,,,,,,,,,
NormalizedEBITDA,"126,300,000","3,000,000","100,400,000","-8,800,000","-4,900,000","18,000,000","82,800,000","-16,900,000","-44,200,000","42,700,000","127,700,000","-64,900,000","69,100,000","-900,000","118,800,000","-64,600,000","35,300,000","2,100,000","123,100,000","-72,900,000","103,600,000","-8,500,000","127,000,000","-47,700,000","93,400,000","6,600,000","122,800,000","-62,100,000","41,400,000","-8,700,000","144,300,000","-25,400,000","107,700,000","-4,300,000","139,000,000","-16,300,000","87,400,000","2,600,000","129,600,000","-19,600,000","140,500,000","48,300,000","177,900,000","-2,900,000","70,800,000","-7,600,000","146,000,000","-28,200,000","33,200,000","18,700,000","202,800,000","-12,900,000","65,500,000","50,700,000","156,900,000","-38,700,000","80,900,000","25,500,000","157,100,000","34,800,000","101,800,000","20,000,000","157,400,000","-33,700,000","97,600,000","15,300,000","151,200,000","8,800,000","122,100,000","35,800,000","151,100,000","-43,300,000","58,400,000","37,600,000","145,200,000","1,700,000","94,100,000","26,400,000","151,500,000","-36,300,000","98,200,000","36,300,000","120,700,000","-33,900,000","79,400,000","22,600,000","112,900,000","1,900,000","106,900,000","14,100,000","95,400,000","-29,000,000","97,500,000","10,200,000","62,300,000","-18,400,000","98,900,000","-14,900,000","53,200,000","-11,200,000","33,800,000","-11,700,000","69,700,000","-15,700,000","58,500,000","20,400,000","56,400,000","-10,600,000","41,000,000","16,900,000","48,400,000","-14,500,000","35,200,000","13,700,000","40,400,000","-11,900,000","8,500,000","14,200,000","38,000,000","-13,500,000","20,900,000","13,800,000","170,200,000","57,800,000","-277,100,000","105,700,000","105,700,000","105,700,000","-246,100,000","93,700,000","93,600,000","93,600,000"
TaxRateForCalcs,"0.168","0.237","0.232","0.267","0.038","0.364","0.261","0.232","0.27","0.28","0.322","0.328","0.27","0.394","0.272","0.265","0.291","0.223","0.377","0.373","0.383","0.351","0.388","0.377","0.399","0.4","0.39","0.386","0.4","0.384","0.39","0.373","0.394","0.35","0.37","0.37","0.337","0.368","0.363","0.375","0.31","0.373","0.388","0.323","0.394","0.292","0.382","0.324","0.35","0.27","0.35","0.358","0.249","0.152","0.35","0.368","0.391","0.281","0.374","0.125","0.36","0.364","0.364","0.362","0.357","0.37","0.4","0.371","0.356","0.364","0.355","0.355","0.346","0.362","0.36","0.359","0.366","0.286","0.349","0.36","0.353","0.364","0.361","0.36","0.348","0.362","0.359","0.358","0.358","0.375","0.372","0.379","0.373","0.333","0.381","0.379","0.379","0.38","0.381","0.38","0.343","0.381","0.373","0.381","0.4","0.378","0.38","0.372","0.364","0.38","0.385","0.367","0.4","0.4","0.387","0.4","0.395","0.4","0.386","0.365","0.329","0.4",,,"0.4","0.4","0.4","0.4","0.4","0.4","0.4","0.4"
TaxEffectOfUnusualItems,"1,009,090.909","0","1,438,400","0","678,750","-2,948,400","-1,383,300","-1,252,800","-4,806,000","-11,200,000","0","0","-3,375,000","0","0","0","-2,944,072.524","-958,900","0","-2,499,100","-8,314,953.271","0","0","0","-7,746,643.718","-2,760,000","858,000","0","-9,040,000","0","-897,000","0","-10,625,806.452","-1,645,000","-4,958,000","0","-4,512,244.898","0","0","0","-2,260,914.286","-2,912,658.228","-4,345,040.411","-1,067,385.445","-4,013,888.889","-2,307,079.646","-534,402.566","-680,632.411","-1,715,000","-917,460.317","-14,420,000","-1,216,187.99","-1,567,741.935","-5,478,260.87","-3,990,000","0","1,367,816.092","-253,125","0","0","0","1,090,909.091","0","0","0","0","0","0","0","0","0","0","2,732,848.837","0","-431,861.804","-718,346.253","-3,994,260.486","828,571.429","0","-684,218.077","0","0","0","0","0","0","0","0","0","0","-3,164,893.617","0","0","0","0","0","-4,325,892.857","3,800,000","0","0","0","0","0","0","0","0","0","0","0","0","0","0","0","0","0","0","1,858,139.535","-600,000","-501,159.42","0","-262,857.143","-1,240,000",,,"0","0","0","0","0","0","0","0"