name,ttm,03/31/2022,12/31/2021,09/30/2021,06/30/2021,03/31/2021,12/31/2020,09/30/2020,06/30/2020,03/31/2020,12/31/2019,09/30/2019,06/30/2019,03/31/2019,12/31/2018,09/30/2018,06/30/2018,03/31/2018,12/31/2017,09/30/2017,06/30/2017,03/31/2017,12/31/2016,09/30/2016,06/30/2016,03/31/2016,12/31/2015,09/30/2015,06/30/2015,03/31/2015,12/31/2014,09/30/2014,06/30/2014,03/31/2014,12/31/2013,09/30/2013,06/30/2013,03/31/2013,12/31/2012,09/30/2012,06/30/2012,03/31/2012,12/31/2011,09/30/2011,06/30/2011,03/31/2011,12/31/2010,09/30/2010,06/30/2010,03/31/2010,12/31/2009,09/30/2009,06/30/2009,03/31/2009,12/31/2008,09/30/2008,06/30/2008,03/31/2008,12/31/2007,09/30/2007,06/30/2007,03/31/2007,12/31/2006,09/30/2006,06/30/2006,03/31/2006,12/31/2005,09/30/2005,06/30/2005,03/31/2005,12/31/2004,09/30/2004,06/30/2004,03/31/2004,12/31/2003,09/30/2003,06/30/2003,03/31/2003,12/31/2002,09/30/2002,06/30/2002,03/31/2002,12/31/2001,09/30/2001,06/30/2001,03/31/2001,12/31/2000,09/30/2000,06/30/2000,03/31/2000,12/31/1999,09/30/1999,06/30/1999,03/31/1999,12/31/1998,09/30/1998,06/30/1998,03/31/1998,12/31/1997,09/30/1997,06/30/1997,03/31/1997,12/31/1996,09/30/1996,06/30/1996,03/31/1996,12/31/1995,09/30/1995,06/30/1995,03/31/1995,12/31/1994,09/30/1994,06/30/1994,03/31/1994,12/31/1993,09/30/1993,06/30/1993,03/31/1993,12/31/1992,09/30/1992,06/30/1992,03/31/1992,12/31/1991,09/30/1991,06/30/1991,03/31/1991,12/31/1990,09/30/1990,06/30/1990,03/31/1990,12/31/1989,09/30/1989,06/30/1989,03/31/1989,10/31/1988,07/31/1988,04/30/1988,01/31/1988,10/31/1987,07/31/1987,04/30/1987,01/31/1987,10/31/1986,07/31/1986,04/30/1986,01/31/1986,10/31/1985
TotalRevenue,"4,177,565,000","1,112,403,000","1,043,255,000","1,034,372,000","987,535,000","1,077,981,000","970,268,000","918,241,000","820,035,000","802,965,000","850,760,000","769,241,000","812,572,000","798,212,000","820,814,000","778,786,000","796,092,000","794,482,000","812,733,000","731,346,000","773,242,000","777,710,000","809,054,000","721,467,000","751,710,000","749,271,000","769,384,000","714,525,000","754,354,000","748,117,000","783,443,000","718,314,000","746,746,000","747,123,000","668,574,000","609,951,000","625,505,000","652,352,000","629,421,000","581,182,000","597,372,000","602,506,000","586,568,000","572,999,000","576,774,000","579,699,000","571,251,000","533,165,000","555,273,000","530,863,000","531,759,000","497,217,000","513,949,000","510,595,000","516,950,000","516,439,000","548,782,000","573,451,000","572,922,000","539,334,000","565,492,000","607,555,000","473,818,000","400,334,000","431,345,000","441,798,000","430,084,000","406,369,000","440,236,000","452,923,000","437,782,000","403,352,000","432,057,000","589,618,000","604,216,000","571,100,000","586,242,000","580,093,000","576,529,000","543,808,000","566,328,000","585,758,000","630,877,000","582,979,000","618,711,000","677,776,000","437,019,000","659,861,000","702,100,000","869,466,000","810,700,000","776,800,000","830,200,000","904,100,000","773,500,000","712,500,000","671,900,000","682,700,000","644,000,000","584,800,000","601,100,000","638,400,000","609,500,000","544,500,000","564,700,000","575,500,000","546,800,000","403,500,000","353,600,000","348,100,000","315,300,000","277,800,000","262,900,000","261,300,000","246,300,000","211,400,000","217,000,000","224,400,000","200,700,000","183,900,000","187,100,000","200,700,000","181,100,000","152,500,000","156,100,000","153,500,000","144,500,000","129,000,000","139,000,000","150,700,000","-48,400,000","181,900,000","189,300,000","131,700,000","140,400,000","136,200,000","153,800,000","136,300,000","123,200,000","126,700,000","111,700,000","108,600,000","83,100,000","68,800,000","60,800,000","70,000,000","61,900,000"
	OperatingRevenue,"3,894,361,000","1,042,156,000","975,631,000","965,180,000","911,394,000","1,018,450,000","909,405,000","861,987,000","769,395,000","745,411,000","789,761,000","708,236,000","754,582,000","736,580,000","764,604,000","715,656,000","732,049,000","794,482,000","662,999,000","731,346,000","773,242,000","777,710,000","772,341,000","682,895,000","706,423,000","706,617,000","722,695,000","668,266,000","706,346,000","707,605,000","742,652,000","672,070,000","705,946,000","702,670,000","621,093,000","573,217,000","589,523,000","618,199,000","500,155,000","581,182,000","597,372,000","602,506,000","586,568,000","572,999,000","576,774,000","579,699,000","571,251,000","533,165,000","555,273,000","530,863,000","531,759,000","497,217,000","513,949,000","510,595,000","516,950,000","516,439,000","548,782,000","573,451,000","572,922,000","539,334,000","565,492,000","607,555,000","473,818,000","400,334,000","431,345,000","441,798,000","430,084,000","406,369,000","440,236,000","452,923,000","437,782,000","403,352,000","432,057,000","589,618,000","604,216,000","571,100,000","586,242,000","580,093,000","576,529,000","543,808,000","566,328,000","585,758,000","630,877,000","582,979,000","618,711,000","677,776,000","437,019,000","659,861,000","702,100,000","869,466,000","810,700,000","776,800,000","830,200,000","904,100,000","773,500,000","712,500,000","671,900,000","682,700,000","644,000,000","584,800,000","601,100,000","638,400,000","609,500,000","544,500,000","564,700,000","575,500,000","546,800,000","403,500,000","353,600,000","348,100,000","315,300,000","277,800,000","262,900,000","261,300,000","246,300,000","211,400,000","217,000,000","224,400,000","200,700,000","183,900,000","187,100,000","200,700,000","181,100,000","152,500,000","156,100,000","153,500,000","144,500,000","129,000,000","139,000,000","150,700,000","-48,400,000","181,900,000","189,300,000","131,700,000","140,400,000","136,200,000","153,800,000","136,300,000","123,200,000","126,700,000","111,700,000","108,600,000","83,100,000","68,800,000","60,800,000","70,000,000","61,900,000"
CostOfRevenue,"2,879,481,000","735,490,000","718,880,000","701,353,000","718,822,000","700,474,000","654,908,000","654,585,000","601,268,000","623,921,000","632,892,000","609,509,000","621,426,000","606,378,000","610,551,000","612,616,000","607,965,000","598,720,000","600,856,000","581,644,000","589,797,000","600,545,000","598,278,000","580,722,000","590,339,000","587,775,000","584,062,000","572,581,000","587,624,000","570,168,000","578,032,000","570,016,000","590,882,000","580,741,000","520,505,000","493,872,000","499,684,000","492,752,000","481,221,000","459,911,000","469,183,000","474,939,000","456,551,000","465,949,000","461,751,000","453,253,000","446,280,000","430,518,000","445,975,000","418,556,000","413,683,000","396,054,000","412,124,000","410,475,000","425,205,000","434,370,000","441,422,000","435,854,000","451,457,000","436,814,000","462,131,000","466,401,000","371,920,000","328,308,000","348,208,000","355,995,000","359,102,000","348,094,000","364,849,000","355,136,000","358,034,000","335,083,000","358,673,000","475,567,000","514,018,000","502,473,000","491,824,000","467,538,000","498,460,000","468,399,000","475,055,000","466,594,000","535,968,000","515,960,000","532,141,000","566,888,000","489,115,000","490,093,000","515,235,000","613,497,000","657,100,000","586,500,000","583,200,000","629,300,000","563,800,000","490,500,000","441,600,000","423,700,000","415,900,000","394,100,000","400,200,000","413,000,000","411,900,000","378,500,000","386,000,000","383,500,000","379,500,000","273,100,000","225,300,000","210,600,000","188,800,000","183,800,000","169,800,000","157,500,000","151,200,000","142,200,000","143,300,000","140,900,000","127,400,000","125,000,000","124,900,000","125,700,000","119,500,000","106,100,000","104,600,000","99,500,000","98,800,000","90,900,000","96,400,000","100,100,000","-71,000,000","145,500,000","144,200,000",,,,,,,,,,,,,,
GrossProfit,"1,298,084,000","376,913,000","324,375,000","333,019,000","268,713,000","377,507,000","315,360,000","263,656,000","218,767,000","179,044,000","217,868,000","159,732,000","191,146,000","191,834,000","210,263,000","166,170,000","188,127,000","195,762,000","211,877,000","149,702,000","183,445,000","177,165,000","210,776,000","140,745,000","161,371,000","161,496,000","185,322,000","141,944,000","166,730,000","177,949,000","205,411,000","148,298,000","155,864,000","166,382,000","148,069,000","116,079,000","125,821,000","159,600,000","148,200,000","121,271,000","128,189,000","127,567,000","130,017,000","107,050,000","115,023,000","126,446,000","124,971,000","102,647,000","109,298,000","112,307,000","118,076,000","101,163,000","101,825,000","100,120,000","91,745,000","82,069,000","107,360,000","137,597,000","121,465,000","102,520,000","103,361,000","141,154,000","101,898,000","72,026,000","83,137,000","85,803,000","70,982,000","58,275,000","75,387,000","97,787,000","79,748,000","68,269,000","73,384,000","114,051,000","90,198,000","68,627,000","94,418,000","112,555,000","78,069,000","75,409,000","91,273,000","119,164,000","94,909,000","67,019,000","86,570,000","110,888,000","-52,096,000","169,768,000","186,865,000","255,969,000","153,600,000","190,300,000","247,000,000","274,800,000","209,700,000","222,000,000","230,300,000","259,000,000","228,100,000","190,700,000","200,900,000","225,400,000","197,600,000","166,000,000","178,700,000","192,000,000","167,300,000","130,400,000","128,300,000","137,500,000","126,500,000","94,000,000","93,100,000","103,800,000","95,100,000","69,200,000","73,700,000","83,500,000","73,300,000","58,900,000","62,200,000","75,000,000","61,600,000","46,400,000","51,500,000","54,000,000","45,700,000","38,100,000","42,600,000","50,600,000","22,600,000","36,400,000","45,100,000",,,,,,,,,,,,,,
OperatingExpense,"138,142,000","41,704,000","35,859,000","36,477,000","29,038,000","36,733,000","31,098,000","40,986,000","37,169,000","31,813,000","25,580,000","29,406,000","29,370,000","42,530,000","38,509,000","41,070,000","31,136,000","34,784,000","32,116,000","39,213,000","40,590,000","42,504,000","35,062,000","26,916,000","36,260,000","37,508,000","31,407,000","28,158,000","33,568,000","35,055,000","42,992,000","39,748,000","46,127,000","56,010,000","59,344,000","33,764,000","31,162,000","30,866,000","41,978,000","26,410,000","29,558,000","25,959,000","26,479,000","23,863,000","24,685,000","28,833,000","23,654,000","26,860,000","26,974,000","26,201,000","32,337,000","20,961,000","26,466,000","14,556,000","23,407,000","20,420,000","19,967,000","26,181,000","21,174,000","33,257,000","20,538,000","43,079,000","32,831,000","51,706,000","23,803,000","29,401,000","-20,068,000","47,199,000","17,966,000","25,278,000","44,455,000","28,579,000","16,400,000","15,418,000","30,973,000","54,194,000","39,511,000","16,307,000","56,481,000","50,434,000","19,592,000","15,731,000","16,858,000","17,049,000","18,423,000","43,002,000","63,366,000","77,742,000","80,386,000","82,469,000","93,800,000","81,000,000","84,300,000","75,600,000","85,500,000","63,800,000","59,900,000","59,900,000","61,200,000","55,700,000","53,600,000","53,900,000","51,100,000","46,900,000","49,500,000","45,600,000","48,400,000","36,900,000","33,400,000","33,300,000","44,700,000","27,800,000","27,700,000","27,700,000","37,500,000","21,700,000","20,800,000","21,900,000","22,200,000","21,800,000","20,200,000","21,900,000","21,300,000","16,300,000","16,600,000","16,100,000","14,600,000","13,700,000","13,700,000","13,100,000","-1,000,000","17,500,000","18,500,000",,,,,,,,,,,,,,
	SellingGeneralAndAdministration,"138,142,000","41,704,000","35,859,000","36,477,000","29,038,000","36,733,000","31,098,000","40,986,000","37,169,000","31,813,000","25,580,000","29,406,000","29,370,000","42,530,000","38,509,000","41,070,000","31,136,000","34,784,000","32,116,000","39,213,000","40,590,000","42,504,000","35,062,000","26,916,000","36,260,000","37,508,000","31,407,000","28,158,000","33,568,000","35,055,000","42,992,000","39,748,000","46,127,000","56,010,000","59,344,000","33,764,000","31,162,000","30,866,000","41,978,000","26,410,000","29,558,000","25,959,000","26,479,000","23,863,000","24,685,000","28,833,000","23,654,000","26,860,000","26,974,000","26,201,000","33,077,000","20,961,000","26,466,000","21,786,000","24,607,000","16,107,000","21,658,000","26,181,000","39,652,000","32,074,000","30,281,000","35,399,000","31,015,000","20,956,000","20,922,000","24,891,000","22,849,000","19,753,000","22,494,000","19,716,000","30,549,000","25,298,000","24,028,000","51,021,000","67,651,000","52,771,000","37,992,000","21,411,000","31,937,000","22,492,000","19,592,000","15,731,000","16,858,000","17,049,000","18,423,000","17,979,000","19,901,000","20,185,000","19,733,000","20,113,000","26,800,000","19,300,000","16,800,000","19,700,000","17,100,000","15,400,000","17,300,000","17,000,000","17,600,000","16,800,000","15,800,000","16,600,000","22,400,000","12,300,000","14,800,000","13,800,000","17,900,000","12,200,000","11,000,000","12,500,000","16,200,000","10,700,000","11,400,000","13,500,000","15,700,000","9,100,000","9,000,000","9,900,000","9,800,000","9,300,000","9,000,000","10,600,000","10,700,000","7,900,000","8,800,000","7,900,000","7,300,000","7,500,000","6,800,000","6,500,000","6,600,000","7,400,000","7,600,000",,,,,,,,,,,,,,
		GeneralAndAdministrativeExpense,"138,142,000","41,704,000","35,859,000","36,477,000","29,038,000","36,733,000","31,098,000","40,986,000","37,169,000","31,813,000","25,580,000","29,406,000","29,370,000","42,530,000","38,509,000","41,070,000","31,136,000","34,784,000","32,116,000","39,213,000","40,590,000","42,504,000","35,062,000","26,916,000","36,260,000","37,508,000","31,407,000","28,158,000","33,568,000","35,055,000","42,992,000","39,748,000","46,127,000","56,010,000","59,344,000","33,764,000","31,162,000","30,866,000","41,978,000",,,,,,,,,,,,,,,,,,,,,,,,,,,,,,,,,,,,,,,,,,,,,,,,,,,,,,,,,,,,,,,,,,,,,,,,,,,,,,,,,,,,,,,,,,,,,,,,,,,,,,,,,,,,
			OtherGandA,"138,142,000","41,704,000","35,859,000","36,477,000","29,038,000","36,733,000","31,098,000","40,986,000","37,169,000","31,813,000","25,580,000","29,406,000","29,370,000","42,530,000","38,509,000","41,070,000","31,136,000","34,784,000","32,116,000","39,213,000","40,590,000","42,504,000","35,062,000","26,916,000","36,260,000","37,508,000","31,407,000","28,158,000","33,568,000","35,055,000","42,992,000","39,748,000","46,127,000","56,010,000","59,344,000","33,764,000","31,162,000","30,866,000","41,978,000",,,,,,,,,,,,,,,,,,,,,,,,,,,,,,,,,,,,,,,,,,,,,,,,,,,,,,,,,,,,,,,,,,,,,,,,,,,,,,,,,,,,,,,,,,,,,,,,,,,,,,,,,,,,
	DepreciationAmortizationDepletionIncomeStatement,,,,,,,,,,,,,,,,,,,,,,,,,,,,,,,,,,,,,,,,,,,,,,,,,,,,,,,,,,,,,,,,,,,,,,,,,,,,,,,,,,,,,,,"43,465,000","57,557,000","60,653,000","62,356,000","67,000,000","61,700,000","67,500,000","55,900,000","68,400,000","48,400,000","42,600,000","42,900,000","43,600,000","38,900,000","37,800,000","37,300,000","28,700,000","34,600,000","34,700,000","31,800,000","30,500,000","24,700,000","22,400,000","20,800,000","28,500,000","17,100,000","16,300,000","14,200,000","21,800,000","12,600,000","11,800,000","12,000,000","12,400,000","12,500,000","11,200,000","11,300,000","10,600,000","8,400,000","7,800,000","8,200,000","7,300,000","6,200,000","6,900,000","6,600,000","-7,600,000","10,100,000","10,900,000",,,,,,,,,,,,,,
		DepreciationAndAmortizationInIncomeStatement,,,,,,,,,,,,,,,,,,,,,,,,,,,,,,,,,,,,,,,,,,,,,,,,,,,,,,,,,,,,,,,,,,,,,,,,,,,,,,,,,,,,,,,"43,465,000","57,557,000","60,653,000","62,356,000","67,000,000","61,700,000","67,500,000","55,900,000","68,400,000","48,400,000","42,600,000","42,900,000","43,600,000","38,900,000","37,800,000","37,300,000","28,700,000","34,600,000","34,700,000","31,800,000","30,500,000","24,700,000","22,400,000","20,800,000","28,500,000","17,100,000","16,300,000","14,200,000","21,800,000","12,600,000","11,800,000","12,000,000","12,400,000","12,500,000","11,200,000","11,300,000","10,600,000","8,400,000","7,800,000","8,200,000","7,300,000","6,200,000","6,900,000","6,600,000","-7,600,000","10,100,000","10,900,000",,,,,,,,,,,,,,
	OtherOperatingExpenses,,,,,,,,,,,,,,,,,,,,,,,,,,,,,,,,,,,,,,,,"-315,000","-1,058,000","490,000",,"5,001,000","9,843,000","420,000",,,"-13,602,000",,,"2,221,000",,"-7,230,000","-1,200,000","4,313,000","-1,691,000",,"-18,478,000","1,183,000","-9,743,000","7,680,000","1,816,000","30,750,000","2,881,000","4,510,000","-42,917,000","27,446,000","-4,528,000","5,562,000","13,906,000","3,281,000","-7,628,000","-35,603,000","-36,678,000","1,423,000","1,519,000","-5,104,000","24,544,000","27,942,000",,,,,,"25,023,000",,,,,,,,,,,,,,,,,,,,,,,,,,,,,,,,,,,,,,,,,,,,,,,,,,,,,,,,,,,,,
OperatingIncome,"1,159,942,000","335,209,000","288,516,000","296,542,000","239,675,000","340,774,000","284,262,000","222,670,000","181,598,000","147,231,000","192,288,000","130,326,000","161,776,000","149,304,000","171,754,000","125,100,000","156,991,000","160,978,000","179,761,000","110,489,000","142,855,000","134,661,000","175,714,000","113,829,000","125,111,000","123,988,000","153,915,000","113,786,000","133,162,000","142,894,000","162,419,000","108,550,000","109,737,000","110,372,000","88,725,000","82,315,000","94,659,000","128,734,000","106,222,000","94,861,000","98,631,000","101,608,000","103,538,000","83,187,000","90,338,000","97,613,000","101,317,000","75,787,000","82,324,000","86,106,000","85,739,000","80,202,000","75,359,000","85,564,000","68,338,000","61,649,000","87,393,000","111,416,000","100,291,000","69,263,000","82,823,000","98,075,000","69,067,000","20,320,000","59,334,000","56,402,000","91,050,000","11,076,000","57,421,000","72,509,000","35,293,000","39,690,000","56,984,000","98,633,000","59,225,000","14,433,000","54,907,000","96,248,000","21,588,000","24,975,000","71,681,000","103,433,000","78,051,000","49,970,000","68,147,000","67,886,000","-115,462,000","92,026,000","106,479,000","173,500,000","59,800,000","109,300,000","162,700,000","199,200,000","124,200,000","158,200,000","170,400,000","199,100,000","166,900,000","135,000,000","147,300,000","171,500,000","146,500,000","119,100,000","129,200,000","146,400,000","118,900,000","93,500,000","94,900,000","104,200,000","81,800,000","66,200,000","65,400,000","76,100,000","57,600,000","47,500,000","52,900,000","61,600,000","51,100,000","37,100,000","42,000,000","53,100,000","40,300,000","30,100,000","34,900,000","37,900,000","31,100,000","24,400,000","28,900,000","37,500,000","23,600,000","18,900,000","26,600,000","131,700,000","140,400,000","136,200,000","-302,900,000","136,300,000","123,200,000","126,700,000","-212,200,000","108,600,000","83,100,000","68,800,000","-152,600,000","70,000,000","61,900,000"
NetNonOperatingInterestIncomeExpense,"-153,826,000","-39,028,000","-38,745,000","-38,618,000","-37,435,000","-35,812,000","-36,224,000","-40,721,000","-41,767,000","-44,351,000","-44,458,000","-46,678,000","-47,317,000","-47,390,000","-47,042,000","-46,419,000","-44,519,000","-43,576,000","-43,652,000","-42,754,000","-42,083,000","-40,636,000","-40,105,000","-39,508,000","-39,398,000","-43,082,000","-43,055,000","-43,921,000","-42,982,000","-42,939,000","-42,892,000","-43,376,000","-46,307,000","-44,996,000","-38,771,000","-38,080,000","-32,740,000","-32,769,000","-75,330,000","-21,125,000","-15,224,000","-23,389,000","-6,059,000","-18,725,000","-7,298,000","-17,048,000","43,476,000","-31,497,000","-32,483,000","-32,301,000","-37,414,000","-28,799,000","-31,801,000","-30,967,000",,,,,,,,,,,,,,,,,,,,,,,,,,,,,,,,,,,,,,,,,,,,,,,,,,,,,,,,,,,,,,,,,,,,,,,,,,,,,,,,,,,,,,,,,,,,,
	InterestIncomeNonOperating,,,,,,,,,,,,,,,,,,,,,,,,,,,,,,,,,,,,,,,,"12,443,000","18,670,000","10,199,000","27,247,000","14,313,000","26,581,000","16,511,000",,,,,,"584,000","585,000","703,000",,,,,,,,,,,,,,,,,,,,,,,,,,,,,,,,,,,,,,,,,,,,,,,,,,,,,,,,,,,,,,,,,,,,,,,,,,,,,,,,,,,,,,,,,,,,,
	InterestExpenseNonOperating,"153,826,000","39,028,000","38,745,000","38,618,000","37,435,000","35,812,000","36,224,000","40,721,000","41,767,000","44,351,000","44,458,000","46,678,000","47,317,000","47,390,000","47,042,000","46,419,000","44,519,000","43,576,000","43,652,000","42,754,000","42,083,000","40,636,000","40,105,000","39,508,000","39,398,000","43,082,000","43,055,000","43,921,000","42,982,000","42,939,000","42,892,000","43,376,000","46,307,000","44,996,000","38,771,000","38,080,000","32,740,000","32,769,000","34,018,000","33,568,000","33,894,000","33,588,000","33,306,000","33,038,000","33,879,000","33,559,000","31,915,000","31,497,000","32,483,000","32,301,000","35,542,000","29,383,000","32,386,000","31,670,000",,,,,,,,,,,,,,,,,,,,,,,,,,,,,,,,,,,,,,,,,,,,,,,,,,,,,,,,,,,,,,,,,,,,,,,,,,,,,,,,,,,,,,,,,,,,,
OtherIncomeExpense,"29,613,000","617,000","11,383,000","16,022,000","1,591,000","1,607,000","1,417,000","-17,106,000","1,892,000","3,159,000","47,342,000","-10,779,000","-18,376,000","-1,606,000","1,300,000","7,355,000","6,843,000","-7,033,000","-2,473,000","-1,157,000","746,000","4,501,000","3,679,000","642,000","-53,074,000","-1,139,000","2,839,000","4,180,000","-5,691,000","-1,837,000","58,064,000","26,561,000","5,886,000","-1,278,000","-272,000","1,647,000","-5,776,000","-1,953,000","15,857,000","-9,811,000","-19,833,000","-6,784,000","-24,706,000","-20,420,000","-38,213,000","-16,571,000","-82,178,000","-6,603,000","17,584,000","-2,364,000","6,515,000","-1,438,000","-3,656,000","64,000","-3,241,000","-17,937,000","-222,000","-10,874,000","193,804,000","6,297,000","2,457,000","-11,536,000","-38,772,000","-17,974,000","-1,249,000","-2,096,000","-6,416,000","-23,003,000","-3,163,000","-4,082,000","45,349,000","1,288,000","-8,517,000","43,244,000","47,748,000","9,813,000","879,000","13,346,000","-16,162,000","-15,665,000","-226,131,000","4,326,000","-579,639,000","4,325,000","-15,496,000","-22,069,000","-487,257,000","6,155,000","-5,554,000","3,515,000","-267,700,000","-300,000","12,800,000","-75,300,000","8,300,000","18,100,000","10,500,000","6,700,000","11,000,000","9,300,000","7,000,000","68,600,000","3,500,000","5,700,000","2,500,000","-500,000","2,300,000","800,000","1,800,000","-1,400,000","1,800,000","3,100,000","2,200,000","2,500,000","5,400,000","5,400,000","1,700,000","900,000","2,000,000","3,300,000","3,900,000","700,000","3,100,000","1,200,000","2,000,000","2,000,000","1,600,000","4,600,000","5,300,000","2,100,000","-3,700,000","4,300,000","7,400,000",,,,,,,,,,,,,,
	EarningsFromEquityInterest,,,,,,,,,,,,,,,,,,,,,,,,,,,,,,,,,,,,,,,,,,,,,,,,,,,,,,,,,,,"27,877,000","2,460,000","5,559,000",,,,,,,,,,,,,,,,,,,,,,,,,,,,,,,,,,,,,,,,,,,,,,,,,,,,,,,,,,,,,,,,,,,,,,,,,,,,,,,,,,,,,,
	SpecialIncomeCharges,"19,166,000","489,000","9,937,000","7,804,000","936,000","1,266,000","1,184,000","-17,735,000","726,000","4,406,000","48,657,000","-10,799,000","-19,250,000","-2,326,000","956,000","7,203,000","4,963,000","-7,417,000","-3,098,000","-1,433,000","753,000","4,935,000","3,613,000","532,000","-52,539,000","-928,000","3,119,000","3,846,000","-5,582,000","-1,779,000","57,861,000","26,570,000","5,836,000","-2,812,000","-730,000","981,000","-5,077,000","-969,000","12,189,000","-9,811,000","-19,833,000","-6,784,000","-24,706,000","-20,420,000","-38,213,000","-16,571,000","-82,178,000","-6,603,000","17,584,000","-2,364,000","6,515,000","-1,438,000","-3,656,000","64,000","-3,241,000","-17,937,000","-222,000","-10,874,000","165,927,000","3,837,000","-3,102,000","-11,536,000","-38,772,000","-17,974,000","-1,249,000","-2,096,000","-6,416,000","-23,003,000","-3,163,000","-4,082,000","45,349,000","1,288,000","-8,517,000","43,244,000","47,748,000","9,813,000","879,000","13,346,000","-16,162,000","-15,665,000","-226,131,000","4,326,000","-579,639,000","4,325,000","-15,496,000","-22,069,000","-487,257,000","6,155,000","-5,554,000","3,515,000","-267,700,000","-300,000","12,800,000","-75,300,000","8,300,000","18,100,000","10,500,000","6,700,000","11,000,000","9,300,000","7,000,000","68,600,000","3,500,000","5,700,000","2,500,000","-500,000","2,300,000","800,000","1,800,000","-1,400,000","1,800,000","3,100,000","2,200,000","2,500,000","5,400,000","5,400,000","1,700,000","900,000","2,000,000","3,300,000","3,900,000","700,000","3,100,000","1,200,000","2,000,000","2,000,000","1,600,000","4,600,000","5,300,000","2,100,000","-3,700,000","4,300,000","7,400,000",,,,,,,,,,,,,,
		RestructuringAndMergernAcquisition,,,,,,,,"-543,000","-737,000",,"-48,099,000","1,479,000","11,823,000","1,878,000","-616,000","-7,970,000","-6,865,000","-482,000","-1,470,000",,"-753,000","-4,935,000","-3,613,000","-557,000",,"347,000","-3,119,000","-10,764,000","5,582,000","1,779,000","-57,861,000","-26,889,000","-34,994,000","2,812,000","730,000","-981,000","5,545,000","969,000","2,416,000",,,,,,,,,,,,,,,,,"12,819,000","3,858,000","12,046,000","10,355,000","-6,069,000",,,,,,,,,,,,,,,,,,,,,"231,674,000","4,894,000","586,716,000","6,185,000","26,223,000",,,,,,,,,,,,,,,,,,,,,,,,,,,,,,,,,,,,,,,,,,,,,,,,,,,,,,,,,,,,,,
		ImpairmentOfCapitalAssets,,,"1,798,000","1,441,000","105,000","60,000","1,798,000","71,000",,"3,084,000","3,419,000","892,000","2,180,000","2,424,000","3,525,000","88,000",,"794,000","4,972,000","81,000","5,169,000","11,816,000","1,242,000","307,000","31,326,000","1,773,000","871,000","1,636,000","642,000","3,692,000",,,"943,000","4,739,000",,,,,"386,000","344,000",,"490,000",,,,"420,000",,"7,291,000","-13,602,000","480,000",,,"6,289,000",,,,,,,,,,,,,,,,,,,,,,,,,,,,,,,,,,,,,,,,,,,,,,,,,,,,,,,,,,,,,,,,,,,,,,,,,,,,,,,,,,,,,,,,,,,,,,
		WriteOff,"3,556,000","212,000","1,798,000","1,441,000","105,000","60,000","1,798,000","71,000",,"3,084,000","3,419,000","892,000","2,180,000","2,424,000","3,525,000","88,000",,"794,000","4,972,000","81,000","5,169,000","11,816,000","1,242,000","307,000","31,326,000","1,773,000","871,000","1,636,000","642,000","3,692,000","-79,000","319,000","943,000","4,739,000",,,,,,,,,,,,,,,,,,,,,,,,,,,,,,,,,,,,,,,,,,,,,,,,,,,,,,,,,,,,,,,,,,,,,,,,,,,,,,,,,,,,,,,,,,,,,,,,,,,,,,,,,,,,,,,,,
		OtherSpecialCharges,,,"0",,"5,226,000",,"0","18,278,000","11,000","139,000","-558,000","9,320,000","7,427,000","448,000","-340,000","767,000","1,902,000","7,899,000","4,568,000","1,290,000",,,"0","25,000","21,898,000","581,000","0","6,918,000",,,"0",,"29,158,000",,"0",,"-468,000",,"-11,958,000","9,467,000","19,833,000","6,294,000","24,706,000","20,420,000","38,213,000","16,151,000","76,347,000","-688,000","-3,982,000","1,884,000",,,"-2,633,000",,,"5,118,000","-3,636,000","-1,172,000","-176,282,000","2,232,000",,,,,,,,,,,,,,,,,,,,,"-5,543,000","-9,220,000","-7,077,000","-10,510,000","-10,727,000",,,,,,,,,,,,,,,,,,,,,,,,,,,,,,,,,,,,,,,,,,,,,,,,,,,,,,,,,,,,,,
		GainOnSaleOfBusiness,,,,,,,"2,982,000","614,000","737,000","7,629,000","51,518,000","-587,000","-9,643,000","546,000","4,141,000","8,058,000","6,865,000","1,276,000","6,442,000","-62,000","5,922,000","16,751,000","4,855,000","864,000","685,000","1,426,000","3,990,000","12,400,000","-4,940,000","1,913,000","57,782,000","26,889,000","35,937,000","1,927,000","2,183,000","981,000","-5,545,000","-969,000","-2,416,000",,,,,,,,,,,,,,,,,,,,,,,,,,,,,,,,,,,,,,,,,,,,,,,,,,,,,,,,,,,,,,,,,,,,,,,,,,,,,,,,,,,,,,,,,,,,,,,,,,,,,,,,,,,,
		GainOnSaleOfPPE,"27,948,000","701,000","11,735,000","9,245,000","6,267,000","1,326,000","2,982,000","614,000","737,000","7,629,000","51,518,000","-587,000","-9,643,000","546,000","4,141,000","8,058,000","6,865,000","1,276,000","6,442,000","-62,000","5,922,000","16,751,000","4,855,000","864,000","685,000","1,426,000","3,990,000","12,400,000","-4,940,000","1,913,000","57,782,000","26,889,000","35,937,000","1,927,000","2,183,000","981,000","-5,545,000","-969,000","-2,416,000",,,,,,,,,,,,,,,,,,,,,,,,,,,,,,,,,,,,,,,,,,,,,,,,,,,,,,,,,,,,,,,,,,,,,,,,,,,,,,,,,,,,,,,,,,,,,,,,,,,,,,,,,,,,
	OtherNonOperatingIncomeExpenses,"10,447,000","128,000","1,446,000","8,218,000","655,000","341,000","233,000","629,000","1,166,000","-1,247,000","-1,315,000","20,000","874,000","720,000","344,000","152,000","1,880,000","384,000","625,000","276,000","-7,000","-434,000","66,000","110,000","-535,000","-211,000","-280,000","334,000","-109,000","-58,000","203,000","-9,000","50,000","1,534,000","458,000","666,000","-699,000","-984,000","-333,000",,,,,,,,,,,,,,,,,,,,,,,,,,,,,,,,,,,,,,,,,,,,,,,,,,,,,,,,,,,,,,,,,,,,,,,,,,,,,,,,,,,,,,,,,,,,,,,,,,,,,,,,,,,,
PretaxIncome,"1,035,729,000","296,798,000","261,154,000","273,946,000","203,831,000","306,569,000","249,455,000","164,843,000","141,723,000","106,039,000","195,172,000","72,869,000","96,083,000","100,308,000","126,012,000","86,036,000","119,315,000","110,369,000","133,636,000","66,578,000","101,518,000","98,526,000","139,288,000","74,963,000","32,639,000","79,767,000","113,699,000","74,045,000","84,489,000","98,118,000","177,591,000","91,735,000","69,316,000","64,098,000","49,682,000","45,882,000","56,143,000","94,012,000","46,749,000","63,925,000","63,574,000","71,435,000","72,773,000","44,042,000","44,827,000","63,994,000","71,972,000","28,621,000","67,425,000","51,441,000","54,840,000","49,965,000","39,902,000","54,661,000","28,721,000","15,799,000","52,169,000","66,473,000","244,016,000","42,907,000","41,850,000","58,214,000","5,528,000","8,025,000","41,139,000","38,073,000","32,438,000","-10,302,000","23,855,000","49,333,000","15,125,000","16,371,000","7,857,000","72,339,000","35,384,000","-9,329,000","21,184,000","67,094,000","-8,511,000","-969,000","-195,856,000","64,373,000","-548,824,000","4,863,000","-1,501,000","10,034,000","-667,895,000","24,925,000","27,360,000","107,466,000","-272,500,000","49,600,000","118,800,000","66,400,000","81,400,000","128,500,000","140,500,000","168,100,000","141,600,000","111,600,000","121,300,000","205,500,000","114,400,000","88,800,000","97,600,000","113,200,000","88,100,000","62,000,000","66,500,000","77,600,000","57,100,000","48,300,000","50,700,000","62,900,000","47,600,000","37,600,000","40,300,000","47,900,000","39,300,000","27,500,000","32,000,000","40,600,000","32,200,000","20,400,000","26,200,000","30,100,000","24,000,000","20,000,000","24,700,000","30,800,000","15,400,000","13,700,000","25,300,000",,,,,,,,,,,,,,
TaxProvision,"241,865,000","77,231,000","54,589,000","64,003,000","46,042,000","77,614,000","48,364,000","37,351,000","36,170,000","24,038,000","47,999,000","1,997,000","23,570,000","21,095,000","-67,224,000","17,043,000","16,034,000","28,321,000","-113,759,000","10,437,000","32,956,000","-76,223,000","72,871,000","27,422,000","16,746,000","32,313,000","41,249,000","26,118,000","31,007,000","36,653,000","90,982,000","74,934,000","37,357,000","22,707,000","21,130,000","18,488,000","21,708,000","35,290,000","20,365,000","22,128,000","25,935,000","23,120,000","28,223,000","9,027,000","18,089,000","24,065,000","35,203,000","9,941,000","27,198,000","20,116,000","20,269,000","19,403,000","16,322,000","20,281,000","19,193,000","1,160,000","20,395,000","24,969,000","77,170,000","14,062,000","28,941,000","23,497,000","8,935,000","4,628,000","15,506,000","13,824,000","8,591,000","-1,131,000","10,150,000","17,266,000","-1,745,000","4,079,000","-4,166,000","-4,241,000","1,374,000","-3,753,000","6,805,000","24,825,000","-2,124,000","-125,000","-55,696,000","18,205,000","44,648,000","681,000","9,155,000","6,715,000","-146,404,000","9,839,000","9,567,000","39,225,000","-88,200,000","17,500,000","42,800,000","24,500,000","22,200,000","45,300,000","49,600,000","59,300,000","49,700,000","38,900,000","42,500,000","74,400,000","40,600,000","31,400,000","35,300,000","41,300,000","31,700,000","22,900,000","25,900,000","30,200,000","22,300,000","19,700,000","20,500,000","25,500,000","17,900,000","17,800,000","16,000,000","18,700,000","14,900,000","10,400,000","12,100,000","15,400,000","11,900,000","2,300,000","9,900,000","11,400,000","8,900,000","7,000,000","9,000,000","11,000,000","6,600,000","4,600,000","8,900,000",,,,,,,,,,,,,,
NetIncomeCommonStockholders,"793,573,000","219,513,000","206,500,000","209,855,000","157,705,000","228,879,000","201,043,000","127,415,000","105,508,000","81,941,000","147,152,000","70,792,000","72,329,000","79,323,000","193,046,000","68,935,000","103,239,000","81,988,000","247,316,000","56,164,000","68,481,000","174,702,000","66,246,000","47,727,000","15,620,000","47,445,000","72,354,000","47,448,000","52,595,000","61,375,000","87,794,000","17,651,000","25,922,000","41,102,000","25,833,000","26,779,000","33,615,000","57,620,000","26,383,000","41,062,000","37,076,000","48,025,000","44,550,000","35,496,000","26,093,000","38,764,000","36,455,000","18,765,000","40,285,000","30,912,000","34,302,000","31,162,000","23,104,000","34,530,000","9,528,000","14,639,000","31,397,000","41,519,000","166,799,000","28,170,000","15,118,000","37,642,000","770,000","3,365,000","25,450,000","24,194,000","24,145,000","-9,634,000","13,705,000","-156,121,000","26,244,000","12,576,000","46,360,000","28,519,000","34,010,000","-5,576,000","14,379,000","42,269,000","-4,215,000","4,061,000","-143,015,000","-88,711,000","-591,757,000","4,281,000","-10,585,000","265,000","-1,433,175,000","-23,694,000","38,792,000","74,826,000","-184,300,000","32,100,000","76,000,000","43,800,000","59,200,000","83,200,000","90,900,000","108,800,000","91,900,000","72,700,000","78,800,000","90,300,000","73,800,000","57,400,000","62,300,000","71,900,000","56,400,000","39,100,000","40,600,000","47,400,000","34,800,000","28,600,000","30,200,000","37,400,000","29,700,000","19,800,000","24,300,000","27,200,000","24,400,000","17,100,000","19,900,000","25,200,000","20,300,000","18,100,000","16,300,000","18,700,000","15,100,000","13,000,000","14,300,000","17,800,000","9,900,000","7,300,000","14,300,000",,,,,,,,,,,,,,
	NetIncome,"793,573,000","219,513,000","206,500,000","209,855,000","157,705,000","228,879,000","201,043,000","127,415,000","105,508,000","81,941,000","147,152,000","70,792,000","72,329,000","79,323,000","193,046,000","68,935,000","103,239,000","81,988,000","247,316,000","56,164,000","68,481,000","174,702,000","66,246,000","47,727,000","15,620,000","47,445,000","72,354,000","47,448,000","52,595,000","61,375,000","87,794,000","17,651,000","25,922,000","41,102,000","25,833,000","26,779,000","33,615,000","57,620,000","26,383,000","41,062,000","37,076,000","48,025,000","44,550,000","35,496,000","26,093,000","38,764,000","36,455,000","18,765,000","40,285,000","30,912,000","34,302,000","31,162,000","23,104,000","34,530,000","9,528,000","14,639,000","31,397,000","41,519,000","166,799,000","28,170,000","15,118,000","37,642,000","770,000","3,365,000","25,450,000","24,194,000","24,145,000","-9,634,000","13,705,000","-156,121,000","26,244,000","12,576,000","46,360,000","28,519,000","34,010,000","-5,576,000","14,379,000","42,269,000","-4,215,000","4,061,000","-143,015,000","-88,711,000","-591,757,000","4,281,000","-10,585,000","265,000","-1,433,175,000","-23,694,000","38,792,000","74,826,000","-184,300,000","32,100,000","76,000,000","43,800,000","59,200,000","83,200,000","90,900,000","108,800,000","91,900,000","72,700,000","78,800,000","90,300,000","73,800,000","57,400,000","62,300,000","71,900,000","56,400,000","39,100,000","40,600,000","47,400,000","34,800,000","28,600,000","30,200,000","37,400,000","29,700,000","19,800,000","24,300,000","27,200,000","24,400,000","17,100,000","19,900,000","25,200,000","20,300,000","18,100,000","16,300,000","18,700,000","15,100,000","13,000,000","15,700,000","19,800,000","11,800,000","9,100,000","16,400,000",,,,,,,,,,,,,,
		NetIncomeIncludingNoncontrollingInterests,"793,864,000","219,567,000","206,565,000","209,943,000","157,789,000","228,955,000","201,091,000","127,492,000","105,553,000","82,001,000","147,173,000","70,872,000","72,513,000","79,213,000","193,236,000","68,993,000","103,281,000","82,048,000","247,395,000","56,141,000","68,562,000","174,749,000","66,417,000","47,541,000","15,893,000","47,454,000","72,450,000","47,927,000","53,092,000","61,465,000","87,949,000","17,685,000","31,781,000","41,391,000","28,552,000","27,394,000","34,435,000","58,722,000","26,384,000","41,797,000","37,639,000","48,315,000","44,550,000","35,015,000","26,738,000","39,929,000","36,769,000","18,680,000","40,227,000","31,325,000","34,571,000","30,562,000","23,580,000","34,380,000","9,528,000","14,639,000","31,397,000","41,519,000","166,799,000","28,170,000","15,118,000","37,642,000","770,000","3,365,000","25,450,000","24,194,000","24,145,000","-9,634,000","13,705,000","-156,121,000","26,244,000","12,576,000","46,360,000","28,519,000","34,010,000","-5,576,000","14,379,000","42,269,000","-4,215,000","4,061,000","-143,015,000","-88,711,000","-591,757,000","4,281,000","-10,585,000","265,000","-1,433,175,000","-23,694,000","38,792,000","74,826,000","-184,300,000","32,100,000","76,000,000","43,800,000","59,200,000","83,200,000","90,900,000","108,800,000","91,900,000","72,700,000","78,800,000","90,300,000","73,800,000","57,400,000","62,300,000","71,900,000","56,400,000","39,100,000","40,600,000","47,400,000","34,800,000","28,600,000","30,200,000","37,400,000","29,700,000","19,800,000","24,300,000","27,200,000","24,400,000","17,100,000","19,900,000","25,200,000","20,300,000","18,100,000","16,300,000","18,700,000","15,100,000","13,000,000","15,700,000","19,800,000","11,800,000","9,100,000","16,400,000","19,600,000","-11,400,000","14,800,000","16,500,000","16,900,000","15,600,000","14,500,000","14,900,000","14,800,000","11,100,000","10,800,000","12,300,000","11,000,000","8,800,000"
			NetIncomeContinuousOperations,"793,864,000","219,567,000","206,565,000","209,943,000","157,789,000","228,955,000","201,091,000","127,492,000","105,553,000","82,001,000","147,173,000","70,872,000","72,513,000","79,213,000","193,236,000","68,993,000","103,281,000","82,048,000","247,395,000","56,141,000","68,562,000","174,749,000","66,417,000","47,541,000","15,893,000","47,454,000","72,450,000","47,927,000","53,482,000","61,465,000","86,609,000","16,801,000","31,959,000","41,391,000","28,552,000","27,394,000","34,435,000","58,722,000","26,384,000","41,797,000","37,639,000","48,315,000","44,550,000","35,015,000","26,738,000","39,929,000","36,769,000","18,680,000","40,227,000","31,325,000","34,571,000","30,562,000","23,580,000","34,380,000","9,528,000","14,639,000","31,774,000","41,504,000","166,846,000","28,845,000","12,909,000","34,717,000","-3,407,000","3,397,000","25,633,000","24,249,000","23,847,000","-9,171,000","13,705,000","32,067,000","16,870,000","12,292,000","12,023,000","76,580,000","34,010,000","-5,576,000","14,379,000","42,269,000","-6,387,000","-844,000","-140,160,000","46,168,000","-593,472,000","4,182,000","-10,656,000","3,319,000","-521,491,000","15,086,000","17,793,000","68,241,000","-184,300,000","32,100,000","76,000,000","41,900,000","59,200,000","83,200,000","90,900,000","108,800,000","91,900,000","72,700,000","78,800,000","131,100,000","73,800,000","57,400,000","62,300,000","71,900,000","56,400,000","39,100,000","40,600,000","47,400,000","34,800,000","28,600,000","30,200,000","37,400,000","29,700,000","19,800,000","24,300,000","29,200,000","24,400,000","17,100,000","19,900,000","25,200,000","20,300,000","18,100,000","16,300,000","18,700,000","15,100,000","13,000,000","15,700,000","19,800,000","8,800,000","9,100,000","16,400,000","19,600,000","-11,400,000","14,800,000","16,500,000","16,900,000","15,600,000","14,500,000","14,900,000","14,800,000","11,100,000","10,800,000","12,300,000","11,000,000","8,800,000"
			NetIncomeDiscontinuousOperations,,,,,,,,,,,,,,,,,,,,,,,"0","0","0",,"0","0","-390,000","0","1,340,000","884,000","-178,000",,,,,,,,,,,,,,,,,,"0","0","0","0","0",,"-377,000","15,000","-47,000","-675,000","2,209,000","2,925,000","4,177,000","-32,000","-183,000","-55,000","298,000","-463,000",,"-650,000","8,387,000","284,000","34,337,000",,,,,,,,,,,,,,"-2,369,000","-38,780,000","5,611,000",,,,,,,,,,,,,,,,,,,,,,,,,,,,,,,,,,,,,,,,,,,,,,,,,,,,,,,,,,
			NetIncomeExtraordinary,,,,,,,,,,,,,,,,,,,,,,,,,,,,,,,,,,,,,,,,,,,,,,,,,,,,,,,,,,,,,,,,,,,"0",,,"-187,538,000",,,,"-48,061,000",,,,,"0",,,"-135,560,000","0",,,"-7,601,000",,,,,,,,,,,,,,,,,,,,,,,,,,,,,"0",,,"-2,000,000",,,,,,,,,,,,,,,,,,,,,,,,,,,,,
			NetIncomeFromTaxLossCarryforward,,,,,,,,,,,,,,,,,,,,,,,,,,,,,,,,,,,,,,,,,,,,,,,,,,,,,,,,,,,,,,,,,,,,,,,"987,000",,,,,,,,"2,172,000","4,905,000","-2,855,000","681,000","14,000","99,000","71,000","4,547,000","0",,"15,388,000","6,585,000","0",,,"1,900,000",,,,,"0",,,"-40,800,000",,,,,,,,,,,,,,,,,,,,,,,,,,,,,,,,,,,,,,,,,,,,,
		MinorityInterests,"-291,000","-54,000","-65,000","-88,000","-84,000","-76,000","-48,000","-77,000","-45,000","-60,000","-21,000","-80,000","-184,000","110,000","-190,000","-58,000","-42,000","-60,000","-79,000","23,000","-81,000","-47,000","-171,000","186,000","-273,000","-9,000","-96,000","-479,000","-497,000","-90,000","-155,000","-34,000","-5,859,000","-289,000","-2,719,000","-615,000","-820,000","-1,102,000","-1,000","-735,000","-563,000","-290,000","0","481,000","-645,000","-1,165,000","-314,000","85,000","58,000","-413,000","-269,000","600,000","-476,000","150,000",,,,,,,,,,,,,,,,,,,,,,,,,,,,,,,,,,,,,,,,,,,,,,,,,,,,,,,,,,,,,,,,,,,,,,,,,,,,,,,,,,,,,,,,,,,,,
	PreferredStockDividends,,,,,,,,,,,,,,,,,,,,,,,,,,,,,,,,,,,,,,,,,,,,,,,,,,,,,,,,,,,,,,,,,,,,,,,,,,,,,,,,,,,,,,,,,,,,,,,,,,,,,,,,,,,,,,,,,,,,,,,,,,,,,,,"0",,"1,400,000","2,000,000","1,900,000","1,800,000","2,100,000",,,,,,,,,,,,,,
AverageDilutionEarnings,,,,,,,,,,,,"0","0",,"-45,000","15,000","15,000",,,,"13,000",,"8,000","13,000","10,000","12,000","13,000","13,000","12,000","12,000","13,000","0","13,000","13,000","13,000","13,000","13,000","13,000",,,,,,,,,,,,,,,,,,,,,,,,,,,,,,,,,,,,,,,,,,,,,,,,,,,,,,,,,,,,,,,,,,,,,,,,,,,,,,,,,,,,,,,,,,,,,,,,,,,,,,,,,,,,,
DilutedNIAvailtoComStockholders,"793,573,000","219,513,000","206,500,000","209,855,000","157,705,000","228,879,000","201,043,000","127,415,000","105,508,000","81,941,000","147,152,000","70,792,000","72,329,000","79,323,000","193,001,000","68,950,000","103,254,000","81,988,000","247,368,000","56,164,000","68,494,000","174,702,000","66,254,000","47,740,000","15,630,000","47,457,000","72,367,000","47,461,000","52,607,000","61,387,000","87,807,000","17,651,000","25,935,000","41,115,000","25,846,000","26,792,000","33,628,000","57,633,000","26,434,000","41,062,000","37,076,000","48,025,000","44,550,000","35,496,000","26,093,000","38,764,000","36,455,000","18,765,000","40,285,000","30,912,000","34,302,000","31,162,000","23,104,000","34,530,000","9,528,000","14,639,000","31,397,000","41,519,000","166,799,000","28,170,000","15,118,000","37,642,000","770,000","3,365,000","25,450,000","24,194,000","24,145,000","-9,634,000","13,705,000","-156,121,000","26,244,000","12,576,000","46,360,000","28,519,000","34,010,000","-5,576,000","14,379,000","42,269,000","-4,215,000","4,061,000","-143,015,000","-88,711,000","-591,757,000","4,281,000","-10,585,000","265,000","-1,433,175,000","-23,694,000","38,792,000","74,826,000","-184,300,000","32,100,000","76,000,000","43,800,000","59,200,000","83,200,000","90,900,000","108,800,000","91,900,000","72,700,000","78,800,000","90,300,000","73,800,000","57,400,000","62,300,000","71,900,000","56,400,000","39,100,000","40,600,000","47,400,000","34,800,000","28,600,000","30,200,000","37,400,000","29,700,000","19,800,000","24,300,000","27,200,000","24,400,000","17,100,000","19,900,000","25,200,000","20,300,000","18,100,000","16,300,000","18,700,000","15,100,000","13,000,000","14,300,000","17,800,000","9,900,000","7,300,000","14,300,000",,,,,,,,,,,,,,
BasicEPS,,"1.36","1.26","1.25","0.94","1.35",,"0.72","0.59","0.45","0.81","0.39","0.4","0.44","1.07","0.38","0.57","0.44","1.32","0.3","0.37","0.93","0.35","0.25","0.08","0.24","0.37","0.24","0.26","0.3","0.42","0.08","0.12","0.19","0.12","0.13","0.16","0.27","0.12","0.19","0.17","0.22",,"0.15","0.11","0.16",,"0.08","0.16","0.12",,"0.12","0.09","0.14",,"0.06","0.12","0.16",,"0.1","0.05","0.13",,"0.01","0.09","0.08",,"-0.03","0.05","-0.5",,"0.04","0.15","0.09",,"-0.02","0.05","0.14",,"0.01","-0.49","-0.3",,"0.02","-0.04","0",,"-0.09","0.14","0.27",,"0.12","0.28","0.16",,"0.32","0.36","0.43",,"0.29","0.33","0.38",,"0.25","0.26","0.31",,"0.2","0.21","0.25",,"0.17","0.18","0.22",,"0.12","0.15","0.17",,"0.11","0.13","0.17",,"0.13","0.12","0.14",,"0.033","0.033","0.043",,"0.05","0.1","0.14","-0.08","0.11",,"0.12","0.12","0.11",,"0.11","0.09","0.1",,"0.1","0.08"
DilutedEPS,,"1.34","1.24","1.23","0.92","1.33",,"0.72","0.59","0.45","0.79","0.38","0.39","0.43","1.04","0.37","0.55","0.43","1.29","0.29","0.36","0.91","0.34","0.24","0.08","0.24","0.36","0.23","0.25","0.3","0.42","0.08","0.12","0.19","0.12","0.12","0.16","0.27","0.12","0.19","0.17","0.22",,"0.15","0.11","0.16",,"0.08","0.16","0.12",,"0.12","0.09","0.14",,"0.06","0.12","0.16",,"0.1","0.05","0.13",,"0.01","0.09","0.08",,"-0.03","0.04","-0.5",,"0.04","0.15","0.09",,"-0.02","0.05","0.13",,"0.01","-0.49","-0.3",,"0.02","-0.04","0",,"-0.09","0.14","0.27",,"0.12","0.28","0.16",,"0.32","0.35","0.42",,"0.28","0.31","0.36",,"0.24","0.25","0.29",,"0.19","0.2","0.23",,"0.16","0.17","0.22",,"0.12","0.14","0.17",,"0.11","0.13","0.17",,"0.13","0.12","0.14",,"0.033","0.033","0.043",,"0.05","0.1","0.14","-0.08","0.11",,"0.12","0.12","0.11",,"0.11","0.09","0.1",,"0.1","0.08"
BasicAverageShares,,"161,328,000","164,446,000","167,417,000","168,450,000","169,918,000",,"175,982,000","177,902,000","180,854,000","182,329,000","182,551,000","182,369,000","181,696,000","181,233,000","180,858,000","182,637,000","185,130,000","187,241,000","187,435,000","187,597,000","188,260,000","190,367,000","193,274,000","193,806,000","194,924,000","196,248,000","199,310,000","202,466,000","203,510,000","206,977,000","210,820,000","212,390,000","212,838,000","212,079,000","211,954,000","211,821,000","211,380,000","211,954,000","214,914,000","215,898,000","220,132,000",,"232,917,000","238,498,000","239,772,000",,"246,214,000","251,763,000","254,400,000",,"251,765,000","250,977,000","250,134,000",,"256,788,000","259,034,000","260,805,000",,"284,511,000","290,577,000","293,096,000",,"291,662,000","293,409,000","294,308,000",,"297,421,000","302,363,000","313,490,000",,"336,590,000","307,988,000","303,018,000",,"300,507,000","299,351,000","297,775,000",,"295,151,000","293,872,000","292,653,000",,"290,258,000","284,852,000","273,637,000",,"272,210,000","272,093,000","272,063,000",,"267,500,000","271,428,571","273,750,000",,"260,000,000","252,500,000","253,023,256",,"250,689,655","238,787,879","237,631,579",,"229,600,000","239,615,385","231,935,484",,"195,500,000","193,333,333","189,600,000",,"168,235,294","167,777,778","170,000,000",,"165,000,000","162,000,000","160,000,000",,"155,454,545","153,076,923","148,235,294",,"139,230,769","135,833,333","133,571,429",,"137,110,000","142,996,000","145,448,000",,"146,000,000","143,000,000","144,680,000","144,332,000","143,782,000",,"143,908,000","143,908,000","143,908,000",,"128,294,000","128,294,000","128,294,000",,"113,836,000","112,374,000"
DilutedAverageShares,,"163,807,000","167,189,000","170,005,000","170,863,000","172,367,000",,"178,140,000","179,666,000","183,585,000","185,193,000","185,843,000","185,690,000","185,317,000","185,676,000","185,460,000","187,188,000","189,923,000","191,729,000","192,243,000","192,138,000","192,867,000","192,957,000","196,567,000","196,718,000","198,030,000","199,977,000","203,444,000","206,746,000","207,752,000","210,467,000","213,010,000","215,989,000","217,231,000","216,354,000","216,370,000","215,946,000","215,208,000","215,261,000","218,460,000","218,906,000","223,212,000",,"235,513,000","241,435,000","242,052,000",,"247,523,000","253,583,000","256,154,000",,"253,048,000","251,130,000","250,309,000",,"259,835,000","262,575,000","264,830,000",,"289,597,000","296,124,000","298,621,000",,"295,918,000","297,501,000","298,678,000",,"297,421,000","306,404,000","317,751,000",,"340,215,000","312,725,000","353,088,000",,"300,507,000","299,844,000","348,665,000",,"295,151,000","293,872,000","345,554,000",,"293,763,000","284,852,000","273,966,000",,"272,252,000","272,097,000","273,501,000",,"267,500,000","271,428,571","273,750,000",,"260,000,000","259,714,286","259,047,619",,"259,642,857","254,193,548","250,833,333",,"239,166,667","249,200,000","247,931,034",,"205,789,474","203,000,000","206,086,957",,"178,750,000","177,647,059","170,000,000",,"165,000,000","173,571,429","160,000,000",,"155,454,545","153,076,923","148,235,294",,"139,230,769","135,833,333","133,571,429",,"137,110,000","142,996,000","145,448,000",,"146,000,000","143,000,000","144,680,000","144,332,000","143,782,000",,"143,908,000","143,908,000","143,908,000",,"128,294,000","128,294,000","128,294,000",,"113,836,000","112,374,000"
TotalOperatingIncomeAsReported,"1,184,334,000","335,698,000","298,453,000","304,346,000","245,837,000","342,040,000","285,446,000","223,213,000","182,335,000","151,776,000","240,945,000","128,585,000","150,105,000","146,978,000","172,710,000","132,303,000","161,954,000","163,692,000","176,937,000","109,056,000","143,608,000","139,596,000","179,327,000","114,386,000","94,470,000","123,641,000","157,034,000","124,550,000","127,580,000","141,115,000","220,280,000","135,120,000","144,731,000","107,560,000","87,995,000","83,296,000","89,114,000","127,765,000","103,806,000","95,176,000","99,689,000","101,118,000","107,825,000","78,186,000","80,495,000","97,193,000","103,998,000","68,496,000","95,926,000","85,626,000","91,272,000","77,981,000","69,070,000","85,564,000","60,937,000","48,830,000","83,535,000","99,370,000","89,936,000","75,332,000","82,823,000","98,075,000","50,341,000","20,320,000","59,334,000","56,402,000","50,699,000","11,076,000","57,421,000","72,509,000","35,293,000","39,690,000","56,984,000","98,633,000","59,225,000","14,433,000","54,907,000","96,248,000","21,588,000","24,975,000","-159,993,000","98,539,000","-508,665,000","43,785,000","41,924,000","67,886,000","-115,462,000","92,026,000","106,479,000","173,500,000","59,800,000","109,300,000","162,700,000","199,200,000","124,200,000","158,200,000","170,400,000","199,100,000","166,900,000","135,000,000","147,300,000","171,500,000","146,500,000","119,100,000","129,200,000","146,400,000","118,900,000","93,500,000","94,900,000","104,200,000","81,800,000","66,200,000","65,400,000","76,100,000","57,600,000","47,500,000","52,900,000","61,600,000","51,100,000","37,100,000","42,000,000","53,100,000","40,300,000","30,100,000","34,900,000","37,900,000","31,100,000","24,400,000","28,900,000","37,500,000","23,600,000","18,900,000","26,600,000",,,,,,,,,,,,,,
TotalExpenses,"3,017,623,000","777,194,000","754,739,000","737,830,000","747,860,000","737,207,000","686,006,000","695,571,000","638,437,000","655,734,000","658,472,000","638,915,000","650,796,000","648,908,000","649,060,000","653,686,000","639,101,000","633,504,000","632,972,000","620,857,000","630,387,000","643,049,000","633,340,000","607,638,000","626,599,000","625,283,000","615,469,000","600,739,000","621,192,000","605,223,000","621,024,000","609,764,000","637,009,000","636,751,000","579,849,000","527,636,000","530,846,000","523,618,000","523,199,000","486,321,000","498,741,000","500,898,000","483,030,000","489,812,000","486,436,000","482,086,000","469,934,000","457,378,000","472,949,000","444,757,000","446,020,000","417,015,000","438,590,000","425,031,000","448,612,000","454,790,000","461,389,000","462,035,000","472,631,000","470,071,000","482,669,000","509,480,000","404,751,000","380,014,000","372,011,000","385,396,000","339,034,000","395,293,000","382,815,000","380,414,000","402,489,000","363,662,000","375,073,000","490,985,000","544,991,000","556,667,000","531,335,000","483,845,000","554,941,000","518,833,000","494,647,000","482,325,000","552,826,000","533,009,000","550,564,000","609,890,000","552,481,000","567,835,000","595,621,000","695,966,000","750,900,000","667,500,000","667,500,000","704,900,000","649,300,000","554,300,000","501,500,000","483,600,000","477,100,000","449,800,000","453,800,000","466,900,000","463,000,000","425,400,000","435,500,000","429,100,000","427,900,000","310,000,000","258,700,000","243,900,000","233,500,000","211,600,000","197,500,000","185,200,000","188,700,000","163,900,000","164,100,000","162,800,000","149,600,000","146,800,000","145,100,000","147,600,000","140,800,000","122,400,000","121,200,000","115,600,000","113,400,000","104,600,000","110,100,000","113,200,000","-72,000,000","163,000,000","162,700,000",,,,,,,,,,,,,,
NetIncomeFromContinuingAndDiscontinuedOperation,"793,573,000","219,513,000","206,500,000","209,855,000","157,705,000","228,879,000","201,043,000","127,415,000","105,508,000","81,941,000","147,152,000","70,792,000","72,329,000","79,323,000","193,046,000","68,935,000","103,239,000","81,988,000","247,316,000","56,164,000","68,481,000","174,702,000","66,246,000","47,727,000","15,620,000","47,445,000","72,354,000","47,448,000","52,595,000","61,375,000","87,794,000","17,651,000","25,922,000","41,102,000","25,833,000","26,779,000","33,615,000","57,620,000","26,383,000","41,062,000","37,076,000","48,025,000","44,550,000","35,496,000","26,093,000","38,764,000","36,455,000","18,765,000","40,285,000","30,912,000","34,302,000","31,162,000","23,104,000","34,530,000","9,528,000","14,639,000","31,397,000","41,519,000","166,799,000","28,170,000","15,118,000","37,642,000","770,000","3,365,000","25,450,000","24,194,000","24,145,000","-9,634,000","13,705,000","31,417,000","25,257,000","12,576,000","46,360,000","76,580,000","34,010,000","-5,576,000","14,379,000","42,269,000","-6,387,000","-844,000","-140,160,000","46,168,000","-591,771,000","4,182,000","-10,656,000","3,319,000","-523,860,000","-23,694,000","23,404,000","68,241,000","-184,300,000","32,100,000","76,000,000","41,900,000","59,200,000","83,200,000","90,900,000","108,800,000","91,900,000","72,700,000","78,800,000","131,100,000","73,800,000","57,400,000","62,300,000","71,900,000","56,400,000","39,100,000","40,600,000","47,400,000","34,800,000","28,600,000","30,200,000","37,400,000","29,700,000","19,800,000","24,300,000","29,200,000","24,400,000","17,100,000","19,900,000","25,200,000","20,300,000","18,100,000","16,300,000","18,700,000","15,100,000","13,000,000","15,700,000","19,800,000","11,800,000","9,100,000","16,400,000",,,,,,,,,,,,,,
NormalizedIncome,"778,882,673.26","219,151,140","198,640,130.325","203,877,136","156,980,536","227,933,298","200,088,552.328","141,124,155","104,967,130","78,535,162","110,461,303.276","81,299,427","86,862,750","81,160,540","192,348,120","63,158,194","98,941,042","87,498,831","249,174,800","57,372,019","67,972,725","171,741,000","64,078,200","47,389,712","47,143,400","48,001,800","70,366,545.845","44,959,638","56,518,406","62,488,654","48,844,350","-503,500","22,306,600","42,918,552","26,307,500","26,190,400","36,727,201","58,225,625","18,460,150","47,476,866.907","49,967,450","52,613,352.488","59,674,459.621","51,730,646.474","49,020,800","49,103,460.871","89,870,700","23,074,564.306","29,734,600","32,351,557.94","30,194,960.157","32,041,578.825","25,480,400","34,489,746.071","11,634,650","31,259,022.976","31,909,211.102","48,293,440.765","53,393,372.951","26,265,507.959","14,925,300","41,638,600","19,856,200","14,181,400","26,411,230.317","25,583,959.262","28,563,762.809","11,306,626.966","15,602,800","34,720,345.509","-10,339,400","11,324,918.209","17,133,200","50,633,600","-11,883,892.155","-11,463,800","13,782,363.812","33,861,063.761","5,741,621.079","12,800,231.166","21,665,631.893","43,065,414.009","-245,688,600","462,660.086","-1,358,400","16,560,400","-141,041,767.431","11,360,650.752","21,404,926.974","66,008,972.056","-3,246,385.321","32,294,153.226","67,811,447.811","89,416,114.458","53,163,636.364","71,480,778.21","84,106,761.566","104,463,533.611","84,760,875.706","66,641,666.667","74,252,596.867","87,336,204.38","71,542,132.867","53,715,540.541","60,704,200.82","72,217,579.505","54,927,582.293","38,595,483.871","39,501,052.632","48,255,154.639","33,702,977.233","26,740,000","28,880,000","35,900,000","26,330,672.269","16,560,000","23,274,937.965","28,651,356.994","23,158,269.72","15,048,000","17,474,687.5","24,765,517.241","18,345,652.174","17,035,294.118","15,055,725.191","17,457,475.083","14,093,333.333","10,010,000","12,331,174.089","18,450,000","11,020,000","6,243,795.62","11,603,162.055",,,,,,,,,,,,,,
InterestIncome,,,,,,,,,,,,,,,,,,,,,,,,,,,,,,,,,,,,,,,,"12,443,000","18,670,000","10,199,000","27,247,000","14,313,000","26,581,000","16,511,000",,,,,,"584,000","585,000","703,000",,,,,,,,,,,,,,,,,,,,,,,,,,,,,,,,,,,,,,,,,,,,,,,,,,,,,,,,,,,,,,,,,,,,,,,,,,,,,,,,,,,,,,,,,,,,,
InterestExpense,"153,826,000","39,028,000","38,745,000","38,618,000","37,435,000","35,812,000","36,224,000","40,721,000","41,767,000","44,351,000","44,458,000","46,678,000","47,317,000","47,390,000","47,042,000","46,419,000","44,519,000","43,576,000","43,652,000","42,754,000","42,083,000","40,636,000","40,105,000","39,508,000","39,398,000","43,082,000","43,055,000","43,921,000","42,982,000","42,939,000","42,892,000","43,376,000","46,307,000","44,996,000","38,771,000","38,080,000","32,740,000","32,769,000","34,018,000","33,568,000","33,894,000","33,588,000","33,306,000","33,038,000","33,879,000","33,559,000","31,915,000","31,497,000","32,483,000","32,301,000","35,542,000","29,383,000","32,386,000","31,670,000",,,,,,,,,,,,,,,,,,,,,,,,,,,,,,,,,,,,,,,,,,,,,,,,,,,,,,,,,,,,,,,,,,,,,,,,,,,,,,,,,,,,,,,,,,,,,
NetInterestIncome,"-153,826,000","-39,028,000","-38,745,000","-38,618,000","-37,435,000","-35,812,000","-36,224,000","-40,721,000","-41,767,000","-44,351,000","-44,458,000","-46,678,000","-47,317,000","-47,390,000","-47,042,000","-46,419,000","-44,519,000","-43,576,000","-43,652,000","-42,754,000","-42,083,000","-40,636,000","-40,105,000","-39,508,000","-39,398,000","-43,082,000","-43,055,000","-43,921,000","-42,982,000","-42,939,000","-42,892,000","-43,376,000","-46,307,000","-44,996,000","-38,771,000","-38,080,000","-32,740,000","-32,769,000","-75,330,000","-21,125,000","-15,224,000","-23,389,000","-6,059,000","-18,725,000","-7,298,000","-17,048,000","43,476,000","-31,497,000","-32,483,000","-32,301,000","-37,414,000","-28,799,000","-31,801,000","-30,967,000",,,,,,,,,,,,,,,,,,,,,,,,,,,,,,,,,,,,,,,,,,,,,,,,,,,,,,,,,,,,,,,,,,,,,,,,,,,,,,,,,,,,,,,,,,,,,
EBIT,"1,189,555,000","335,826,000","299,899,000","312,564,000","241,266,000","342,381,000","285,679,000","205,564,000","183,490,000","150,390,000","239,630,000","119,547,000","143,400,000","147,698,000","173,054,000","132,455,000","163,834,000","153,945,000","177,288,000","109,332,000","143,601,000","139,162,000","179,393,000","114,471,000","72,037,000","122,849,000","156,754,000","117,966,000","127,471,000","141,057,000","220,483,000","135,111,000","115,623,000","109,094,000","88,453,000","83,962,000","88,883,000","126,781,000","80,767,000","97,493,000","97,468,000","105,023,000","106,079,000","77,080,000","78,706,000","97,553,000","103,887,000","60,118,000","99,908,000","83,742,000","90,382,000","79,348,000","72,288,000","86,331,000","36,978,000","61,649,000","87,393,000","111,416,000","100,291,000","69,263,000","82,823,000","98,075,000","69,067,000","20,320,000","59,334,000","56,402,000","91,050,000","11,076,000","57,421,000","72,509,000","35,293,000","39,690,000","56,984,000","98,633,000","59,225,000","14,433,000","54,907,000","96,248,000","21,588,000","24,975,000","71,681,000","103,433,000","78,051,000","49,970,000","68,147,000","67,886,000","-115,462,000","92,026,000","106,479,000","173,500,000","59,800,000","109,300,000","162,700,000","199,200,000","124,200,000","158,200,000","170,400,000","199,100,000","166,900,000","135,000,000","147,300,000","171,500,000","146,500,000","119,100,000","129,200,000","146,400,000","118,900,000","93,500,000","94,900,000","104,200,000","81,800,000","66,200,000","65,400,000","76,100,000","57,600,000","47,500,000","52,900,000","61,600,000","51,100,000","37,100,000","42,000,000","53,100,000","40,300,000","30,100,000","34,900,000","37,900,000","31,100,000","24,400,000","28,900,000","37,500,000","23,600,000","18,900,000","26,600,000","131,700,000","140,400,000","136,200,000","-302,900,000","136,300,000","123,200,000","126,700,000","-212,200,000","108,600,000","83,100,000","68,800,000","-152,600,000","70,000,000","61,900,000"
EBITDA,"1,465,562,000"
ReconciledCostOfRevenue,"2,879,481,000","735,490,000","718,880,000","701,353,000","718,822,000","700,474,000","654,908,000","654,585,000","601,268,000","623,921,000","632,892,000","609,509,000","621,426,000","606,378,000","610,551,000","612,616,000","607,965,000","598,720,000","600,856,000","581,644,000","589,797,000","600,545,000","598,278,000","580,722,000","590,339,000","587,775,000","584,062,000","572,581,000","587,624,000","570,168,000","578,032,000","570,016,000","590,882,000","580,741,000","520,505,000","493,872,000","499,684,000","492,752,000","481,221,000","459,911,000","469,183,000","474,939,000","456,551,000","465,949,000","461,751,000","453,253,000","446,280,000","430,518,000","445,975,000","418,556,000","413,683,000","396,054,000","412,124,000","410,475,000","425,205,000","434,370,000","441,422,000","435,854,000","451,457,000","436,814,000","462,131,000","466,401,000","371,920,000","328,308,000","348,208,000","355,995,000","359,102,000","348,094,000","364,849,000","355,136,000","358,034,000","335,083,000","358,673,000","475,567,000","514,018,000","502,473,000","491,824,000","467,538,000","498,460,000","468,399,000","475,055,000","466,594,000","535,968,000","515,960,000","532,141,000","566,888,000","489,115,000","490,093,000","515,235,000","613,497,000","657,100,000","586,500,000","583,200,000","629,300,000","563,800,000","490,500,000","441,600,000","423,700,000","415,900,000","394,100,000","400,200,000","413,000,000","411,900,000","378,500,000","386,000,000","383,500,000","379,500,000","274,600,000","223,800,000","210,600,000","188,800,000","183,800,000","169,800,000","157,500,000","151,200,000","142,200,000","143,300,000","140,900,000","127,400,000","125,000,000","124,900,000","125,700,000","119,500,000","106,100,000","104,600,000","99,500,000","98,800,000","90,900,000","96,200,000","100,100,000","-71,000,000","145,500,000","144,200,000",,,,,,,,,,,,,,
ReconciledDepreciation,"276,007,000","72,359,000","67,781,000","67,648,000","68,219,000","73,822,000","67,783,000","69,781,000","63,489,000","57,093,000","66,341,000","59,218,000","61,505,000","59,915,000","63,310,000","63,648,000","62,618,000","58,909,000","67,796,000","60,995,000","61,334,000","58,768,000","70,620,000","58,563,000","58,651,000","57,100,000","67,548,000","56,865,000","57,086,000","53,823,000","62,714,000","58,636,000","58,192,000","57,539,000","52,205,000","48,353,000","47,017,000","45,230,000","50,229,000","46,555,000","47,013,000","45,259,000","47,935,000","46,443,000","44,121,000","45,185,000","44,076,000","45,085,000","44,096,000","40,749,000","42,772,000","40,459,000","39,723,000","40,510,000","44,309,000","39,777,000","44,816,000","41,581,000","43,021,000","41,200,000","44,189,000","44,104,000","71,674,000","23,931,000","20,583,000","25,087,000","22,654,000","22,400,000","21,266,000","21,129,000","41,686,000","32,407,000","35,410,000","35,790,000","34,426,000","42,275,000","43,415,000","40,942,000","35,504,000","34,818,000","29,533,000","28,691,000","45,782,000","47,953,000","49,930,000","50,272,000","43,465,000","57,557,000","60,653,000","62,356,000","67,000,000","61,700,000","67,500,000","55,900,000","68,400,000","48,400,000","42,600,000","42,900,000","43,600,000","38,900,000","37,800,000","37,300,000","28,700,000","34,600,000","34,700,000","31,800,000","30,500,000","23,200,000","23,900,000","20,800,000","28,500,000","17,100,000","16,300,000","14,200,000","21,800,000","12,600,000","11,800,000","12,000,000","12,400,000","12,500,000","11,200,000","11,300,000","10,600,000","8,400,000","7,800,000","8,200,000","7,300,000","6,200,000","7,100,000","6,600,000","-7,600,000","10,100,000","10,900,000",,,,,,,,,,,,,,
NetIncomeFromContinuingOperationNetMinorityInterest,"793,573,000","219,513,000","206,500,000","209,855,000","157,705,000","228,879,000","201,043,000","127,415,000","105,508,000","81,941,000","147,152,000","70,792,000","72,329,000","79,323,000","193,046,000","68,935,000","103,239,000","81,988,000","247,316,000","56,164,000","68,481,000","174,702,000","66,246,000","47,727,000","15,620,000","47,445,000","72,354,000","47,448,000","52,985,000","61,375,000","86,454,000","16,767,000","26,100,000","41,102,000","25,833,000","26,779,000","33,615,000","57,620,000","26,383,000","41,062,000","37,076,000","48,025,000","44,550,000","35,496,000","26,093,000","38,764,000","36,455,000","18,765,000","40,285,000","30,912,000","34,302,000","31,162,000","23,104,000","34,530,000","9,528,000","14,639,000","31,774,000","41,504,000","166,846,000","28,845,000","12,909,000","34,717,000","-3,407,000","3,397,000","25,633,000","24,249,000","23,847,000","-9,171,000","13,705,000","32,067,000","16,870,000","12,292,000","12,023,000","76,580,000","34,010,000","-5,576,000","14,379,000","42,269,000","-6,387,000","-844,000","-140,160,000","46,168,000","-593,472,000","4,182,000","-10,656,000","3,319,000","-521,491,000","15,086,000","17,793,000","68,241,000","-184,300,000","32,100,000","76,000,000","41,900,000","59,200,000","83,200,000","90,900,000","108,800,000","91,900,000","72,700,000","78,800,000","131,100,000","73,800,000","57,400,000","62,300,000","71,900,000","56,400,000","39,100,000","40,600,000","47,400,000","34,800,000","28,600,000","30,200,000","37,400,000","29,700,000","19,800,000","24,300,000","29,200,000","24,400,000","17,100,000","19,900,000","25,200,000","20,300,000","18,100,000","16,300,000","18,700,000","15,100,000","13,000,000","15,700,000","19,800,000","8,800,000","9,100,000","16,400,000",,,,,,,,,,,,,,
TotalUnusualItemsExcludingGoodwill,"19,166,000","489,000","9,937,000","7,804,000","936,000","1,266,000","1,184,000","-17,735,000","726,000","4,406,000","48,657,000","-10,799,000","-19,250,000","-2,326,000","956,000","7,203,000","4,963,000","-7,417,000","-3,098,000","-1,433,000","753,000","4,935,000","3,613,000","532,000","-52,539,000","-928,000","3,119,000","3,846,000","-5,582,000","-1,779,000","57,861,000","26,570,000","5,836,000","-2,812,000","-730,000","981,000","-5,077,000","-969,000","12,189,000","-9,811,000","-19,833,000","-6,784,000","-24,706,000","-20,420,000","-38,213,000","-16,571,000","-82,178,000","-6,603,000","17,584,000","-2,364,000","6,515,000","-1,438,000","-3,656,000","64,000","-3,241,000","-17,937,000","-222,000","-10,874,000","165,927,000","3,837,000","-3,102,000","-11,536,000","-38,772,000","-17,974,000","-1,249,000","-2,096,000","-6,416,000","-23,003,000","-3,163,000","-4,082,000","45,349,000","1,288,000","-8,517,000","43,244,000","47,748,000","9,813,000","879,000","13,346,000","-16,162,000","-15,665,000","-226,131,000","4,326,000","-579,639,000","4,325,000","-15,496,000","-22,069,000","-487,257,000","6,155,000","-5,554,000","3,515,000","-267,700,000","-300,000","12,800,000","-75,300,000","8,300,000","18,100,000","10,500,000","6,700,000","11,000,000","9,300,000","7,000,000","68,600,000","3,500,000","5,700,000","2,500,000","-500,000","2,300,000","800,000","1,800,000","-1,400,000","1,800,000","3,100,000","2,200,000","2,500,000","5,400,000","5,400,000","1,700,000","900,000","2,000,000","3,300,000","3,900,000","700,000","3,100,000","1,200,000","2,000,000","2,000,000","1,600,000","4,600,000","5,300,000","2,100,000","-3,700,000","4,300,000","7,400,000",,,,,,,,,,,,,,
TotalUnusualItems,"19,166,000","489,000","9,937,000","7,804,000","936,000","1,266,000","1,184,000","-17,735,000","726,000","4,406,000","48,657,000","-10,799,000","-19,250,000","-2,326,000","956,000","7,203,000","4,963,000","-7,417,000","-3,098,000","-1,433,000","753,000","4,935,000","3,613,000","532,000","-52,539,000","-928,000","3,119,000","3,846,000","-5,582,000","-1,779,000","57,861,000","26,570,000","5,836,000","-2,812,000","-730,000","981,000","-5,077,000","-969,000","12,189,000","-9,811,000","-19,833,000","-6,784,000","-24,706,000","-20,420,000","-38,213,000","-16,571,000","-82,178,000","-6,603,000","17,584,000","-2,364,000","6,515,000","-1,438,000","-3,656,000","64,000","-3,241,000","-17,937,000","-222,000","-10,874,000","165,927,000","3,837,000","-3,102,000","-11,536,000","-38,772,000","-17,974,000","-1,249,000","-2,096,000","-6,416,000","-23,003,000","-3,163,000","-4,082,000","45,349,000","1,288,000","-8,517,000","43,244,000","47,748,000","9,813,000","879,000","13,346,000","-16,162,000","-15,665,000","-226,131,000","4,326,000","-579,639,000","4,325,000","-15,496,000","-22,069,000","-487,257,000","6,155,000","-5,554,000","3,515,000","-267,700,000","-300,000","12,800,000","-75,300,000","8,300,000","18,100,000","10,500,000","6,700,000","11,000,000","9,300,000","7,000,000","68,600,000","3,500,000","5,700,000","2,500,000","-500,000","2,300,000","800,000","1,800,000","-1,400,000","1,800,000","3,100,000","2,200,000","2,500,000","5,400,000","5,400,000","1,700,000","900,000","2,000,000","3,300,000","3,900,000","700,000","3,100,000","1,200,000","2,000,000","2,000,000","1,600,000","4,600,000","5,300,000","2,100,000","-3,700,000","4,300,000","7,400,000",,,,,,,,,,,,,,
NormalizedEBITDA,"1,446,396,000","407,696,000","357,743,000","372,408,000","308,549,000","414,937,000","352,278,000","293,080,000","246,253,000","203,077,000","257,314,000","189,564,000","224,155,000","209,939,000","235,408,000","188,900,000","221,489,000","220,271,000","248,182,000","171,760,000","204,182,000","192,995,000","246,400,000","172,502,000","183,227,000","180,877,000","221,183,000","170,985,000","190,139,000","196,659,000","225,336,000","167,177,000","167,979,000","169,445,000","141,388,000","131,334,000","140,977,000","172,980,000","118,807,000","153,859,000","164,314,000","157,066,000","178,720,000","143,943,000","161,040,000","159,309,000","230,141,000","111,806,000","126,420,000","126,855,000","126,639,000","121,245,000","115,667,000","126,777,000","84,528,000","119,363,000","132,431,000","163,871,000","-22,615,000","106,626,000","130,114,000","153,715,000","179,513,000","62,225,000","81,166,000","83,585,000","120,120,000","56,479,000","81,850,000","97,720,000","31,630,000","70,809,000","100,911,000","91,179,000","45,903,000","46,895,000","97,443,000","123,844,000","73,254,000","75,458,000","327,345,000","127,798,000","703,472,000","93,598,000","133,573,000","140,227,000","415,260,000","143,428,000","172,686,000","232,341,000","394,500,000","171,300,000","217,400,000","330,400,000","184,300,000","188,500,000","202,500,000","235,300,000","199,500,000","164,600,000","178,100,000","140,200,000","171,700,000","148,000,000","161,400,000","178,700,000","147,100,000","117,400,000","117,000,000","126,400,000","108,500,000","80,200,000","79,500,000","87,800,000","74,000,000","54,700,000","63,000,000","72,700,000","61,500,000","46,300,000","49,300,000","63,700,000","47,800,000","37,300,000","40,700,000","44,100,000","36,800,000","26,000,000","30,700,000","42,000,000","19,700,000","24,700,000","30,100,000","131,700,000","140,400,000","136,200,000","-302,900,000","136,300,000","123,200,000","126,700,000","-212,200,000","108,600,000","83,100,000","68,800,000","-152,600,000","70,000,000","61,900,000"
TaxRateForCalcs,"0.234","0.26","0.209","0.234","0.226","0.253","0.194","0.227","0.255","0.227","0.246","0.027","0.245","0.21","0.27","0.198","0.134","0.257","0.4","0.157","0.325","0.4","0.4","0.366","0.4","0.4","0.363","0.353","0.367","0.374","0.35","0.35","0.35","0.354","0.35","0.4","0.387","0.375","0.35","0.346","0.35","0.324","0.388","0.205","0.4","0.376","0.35","0.347","0.4","0.391","0.37","0.388","0.35","0.371","0.35","0.073","0.391","0.376","0.316","0.328","0.35","0.4","0.4","0.4","0.377","0.363","0.265","0.11","0.4","0.35","0.4","0.249","0.4","0.4","0.039","0.4","0.321","0.37","0.25","0.129","0.284","0.283","0.4","0.14","0.4","0.4","0.219","0.395","0.35","0.365","0.324","0.353","0.36","0.369","0.273","0.353","0.353","0.353","0.351","0.349","0.35","0.362","0.355","0.354","0.362","0.365","0.36","0.369","0.389","0.389","0.391","0.4","0.4","0.4","0.376","0.4","0.397","0.39","0.379","0.378","0.378","0.379","0.37","0.113","0.378","0.379","0.371","0.35","0.364","0.357","0.4","0.336","0.352",,,,,,,,,,,,,,
TaxEffectOfUnusualItems,"4,475,673.26","127,140","2,077,130.325","1,826,136","211,536","320,298","229,552.328","-4,025,845","185,130","1,000,162","11,966,303.276","-291,573","-4,716,250","-488,460","258,120","1,426,194","665,042","-1,906,169","-1,239,200","-224,981","244,725","1,974,000","1,445,200","194,712","-21,015,600","-371,200","1,131,545.845","1,357,638","-2,048,594","-665,346","20,251,350","9,299,500","2,042,600","-995,448","-255,500","392,400","-1,964,799","-363,375","4,266,150","-3,396,133.093","-6,941,550","-2,195,647.512","-9,581,540.379","-4,185,353.526","-15,285,200","-6,231,539.129","-28,762,300","-2,293,435.694","7,033,600","-924,442.06","2,407,960.157","-558,421.175","-1,279,600","23,746.071","-1,134,350","-1,316,977.024","-86,788.898","-4,084,559.235","52,474,372.951","1,257,507.959","-1,085,700","-4,614,400","-15,508,800","-7,189,600","-470,769.683","-761,040.738","-1,699,237.191","-2,525,373.034","-1,265,200","-1,428,654.491","18,139,600","320,918.209","-3,406,800","17,297,600","1,854,107.845","3,925,200","282,363.812","4,938,063.761","-4,033,378.921","-2,020,768.834","-64,305,368.107","1,223,414.009","-231,855,600","605,660.086","-6,198,400","-8,827,600","-106,807,767.431","2,429,650.752","-1,942,073.026","1,282,972.056","-86,646,385.321","-105,846.774","4,611,447.811","-27,783,885.542","2,263,636.364","6,380,778.21","3,706,761.566","2,363,533.611","3,860,875.706","3,241,666.667","2,452,596.867","24,836,204.38","1,242,132.867","2,015,540.541","904,200.82","-182,420.495","827,582.293","295,483.871","701,052.632","-544,845.361","702,977.233","1,240,000","880,000","1,000,000","2,030,672.269","2,160,000","674,937.965","351,356.994","758,269.72","1,248,000","1,474,687.5","265,517.241","1,145,652.174","135,294.118","755,725.191","757,475.083","593,333.333","1,610,000","1,931,174.089","750,000","-1,480,000","1,443,795.62","2,603,162.055",,,,,,,,,,,,,,