name,ttm,03/31/2022,12/31/2021,09/30/2021,06/30/2021,03/31/2021,12/31/2020,09/30/2020,06/30/2020,03/31/2020,12/31/2019,09/30/2019,06/30/2019,03/31/2019,12/31/2018,09/30/2018,06/30/2018,03/31/2018,12/31/2017,09/30/2017,06/30/2017,03/31/2017,12/31/2016,09/30/2016,06/30/2016,03/31/2016,12/31/2015,09/30/2015,06/30/2015,03/31/2015,12/31/2014,09/30/2014,06/30/2014,03/31/2014,12/31/2013,09/30/2013,06/30/2013,03/31/2013,12/31/2012,09/30/2012,06/30/2012,03/31/2012,12/31/2011,09/30/2011,06/30/2011,03/31/2011,12/31/2010,09/30/2010,06/30/2010,03/31/2010,12/31/2009,09/30/2009,06/30/2009,03/31/2009,12/31/2008,09/30/2008,06/30/2008,03/31/2008,12/31/2007,09/30/2007,06/30/2007,03/31/2007,12/31/2006,09/30/2006,06/30/2006,03/31/2006,12/31/2005,09/30/2005,06/30/2005,03/31/2005,12/31/2004,09/30/2004,06/30/2004,03/31/2004,12/31/2003,09/30/2003,06/30/2003,03/31/2003,12/31/2002,09/30/2002,06/30/2002,03/31/2002,12/31/2001,09/30/2001,06/30/2001,03/31/2001,12/31/2000,09/30/2000,06/30/2000,03/31/2000,12/31/1999,09/30/1999,06/30/1999,03/31/1999,12/31/1998,09/30/1998,06/30/1998,03/31/1998,12/31/1997,09/30/1997,06/30/1997,03/31/1997,12/31/1996,09/30/1996,06/30/1996,03/31/1996,12/31/1995,09/30/1995,06/30/1995,03/31/1995,12/31/1994,09/30/1994,06/30/1994,03/31/1994,12/31/1993,09/30/1993,06/30/1993,03/31/1993,12/31/1992,09/30/1992,06/30/1992,03/31/1992,12/31/1991,09/30/1991,06/30/1991,03/31/1991,12/31/1990,09/30/1990,06/30/1990,03/31/1990,12/31/1989,09/30/1989,06/30/1989,03/31/1989,12/31/1988,09/30/1988,06/30/1988,03/31/1988,12/31/1987,09/30/1987,06/30/1987,03/31/1987,12/31/1986,09/30/1986,06/30/1986,03/31/1986,12/31/1985,09/30/1985
TotalRevenue,"2,044,066,000","581,443,000","501,650,000","485,322,000","475,651,000","455,686,000","443,723,000","424,927,000","400,646,000","414,762,000","423,225,000","416,254,000","409,586,000","400,820,000","405,057,000","408,682,000","404,830,000","405,598,000","408,219,000","386,018,000","372,331,000","359,984,000","368,810,000","354,641,000","343,831,000","334,263,000","335,397,000","335,622,000","337,745,000","325,444,000","322,757,000","322,047,000","318,815,000","302,386,000","299,024,000","280,655,000","274,574,000","271,879,000","261,635,000","251,752,000","241,237,000","237,898,000","226,247,000","233,227,000","237,760,000","232,493,000","231,399,000","219,513,000","228,388,000","221,535,000","283,995,000","275,933,000","252,009,000","248,611,000","268,402,000","316,086,000","329,523,000","333,908,000","353,409,000","349,636,000","343,258,000","322,725,000","315,514,000","298,084,000","285,018,000","277,133,000","203,587,000","193,659,000","190,080,000","185,681,000","182,968,000","172,978,000","169,162,000","167,161,000","171,018,000","161,056,000","153,554,000","150,605,000","149,437,000","153,316,000","158,851,000","159,215,000","164,829,000","163,403,000","168,480,000","161,301,000","157,992,000","155,628,000","146,440,000","138,746,000","123,100,000","117,200,000","111,600,000","104,300,000","108,200,000","90,500,000","85,500,000","81,900,000","84,200,000","74,300,000","70,700,000","63,500,000","62,900,000","60,200,000","61,500,000","63,200,000","60,300,000","56,500,000","55,700,000","64,700,000","69,300,000","66,100,000","64,700,000","63,700,000","65,800,000","64,000,000","59,700,000","57,700,000","54,800,000","51,200,000","51,100,000","51,600,000","51,200,000","47,200,000","46,400,000","44,400,000","45,600,000","41,700,000","42,900,000","41,700,000","41,900,000","38,200,000","36,300,000","32,800,000","33,000,000","33,200,000","32,300,000","33,300,000","32,500,000","29,900,000","30,400,000","29,900,000","31,900,000","27,600,000","30,400,000","28,700,000","26,700,000","26,900,000"
	OperatingRevenue,"2,044,066,000","581,443,000","501,650,000","485,322,000","475,651,000","455,686,000","443,723,000","424,927,000","400,646,000","414,762,000","423,225,000","416,254,000","409,586,000","400,820,000","405,057,000","408,682,000","404,830,000","405,598,000","408,219,000","386,018,000","372,331,000","359,984,000","368,810,000","354,641,000","343,831,000","334,263,000","335,397,000","335,622,000","337,745,000","325,444,000","322,757,000","322,047,000","318,815,000","302,386,000","299,024,000","280,655,000","274,574,000","271,879,000","261,635,000","251,752,000","241,237,000","237,898,000","226,247,000","233,227,000","237,760,000","232,493,000","231,399,000","219,513,000","228,388,000","221,535,000","283,995,000","275,933,000","252,009,000","248,611,000","268,402,000","316,086,000","329,523,000","333,908,000","353,409,000","349,636,000","343,258,000","322,725,000","315,514,000","298,084,000","285,018,000","277,133,000","203,587,000","193,659,000","190,080,000","185,681,000","182,968,000","172,978,000","169,162,000","167,161,000","171,018,000","161,056,000","153,554,000","150,605,000","149,437,000","153,316,000","158,851,000","159,215,000","164,829,000","163,403,000","168,480,000","161,301,000","157,992,000","155,628,000","146,440,000","138,746,000","123,100,000","117,200,000","111,600,000","104,300,000","108,200,000","90,500,000","85,500,000","81,900,000","84,200,000","74,300,000","70,700,000","63,500,000","62,900,000","60,200,000","61,500,000","63,200,000","60,300,000","56,500,000","55,700,000","64,700,000","69,300,000","66,100,000","64,700,000","63,700,000","65,800,000","64,000,000","59,700,000","57,700,000","54,800,000","51,200,000","51,100,000","51,600,000","51,200,000","47,200,000","46,400,000","44,400,000","45,600,000","41,700,000","42,900,000","41,700,000","41,900,000","38,200,000","36,300,000","32,800,000","33,000,000","33,200,000","32,300,000","33,300,000","32,500,000","29,900,000","30,400,000","29,900,000","31,900,000","27,600,000","30,400,000","28,700,000","26,700,000","26,900,000"
CostOfRevenue,"858,356,000","221,159,000","218,965,000","213,155,000","205,077,000","193,127,000","189,984,000","186,913,000","176,902,000","184,265,000","184,736,000","182,755,000","179,569,000","182,268,000","184,911,000","180,523,000","180,561,000","178,200,000","182,751,000","175,440,000","164,781,000","164,066,000","168,048,000","158,106,000","155,922,000","155,982,000","157,999,000","154,179,000","153,359,000","146,184,000","149,236,000","147,734,000","143,250,000","142,968,000","140,712,000","133,580,000","130,511,000","130,543,000","375,693,000","38,265,000","25,884,000","28,467,000","37,695,000","36,929,000","37,914,000","44,616,000","115,577,000","109,163,000","114,072,000","103,844,000","75,164,000","121,276,000","114,347,000","114,421,000","-9,870,000","160,806,000","164,414,000","129,187,000","36,920,000","166,760,000","164,432,000","158,561,000","131,299,000","112,396,000","113,174,000","106,468,000","102,814,000","99,633,000","97,080,000","94,427,000","89,009,000","78,961,000","74,596,000","78,732,000","78,135,000","70,733,000","68,204,000","66,552,000","65,152,000","61,957,000","68,187,000","68,736,000","73,028,000","72,357,000","77,314,000","76,029,000","66,919,000","67,753,000","64,818,000","62,229,000","54,300,000","48,300,000","49,600,000","47,300,000","48,400,000","37,700,000","38,600,000","40,600,000","40,200,000","32,100,000","33,200,000","28,900,000","28,900,000","28,000,000","31,600,000","31,200,000","28,100,000","26,400,000","26,300,000","32,500,000","36,700,000","35,000,000","34,300,000","34,700,000","36,600,000","36,900,000","33,200,000","32,600,000","29,500,000","27,800,000","21,800,000","-4,000,000","25,000,000","24,600,000","22,200,000","20,500,000","21,500,000","18,900,000","19,800,000","19,400,000","20,200,000","17,500,000","17,900,000",,,,,,,,,,,,,,,
GrossProfit,"1,185,710,000","360,284,000","282,685,000","272,167,000","270,574,000","262,559,000","253,739,000","238,014,000","223,744,000","230,497,000","238,489,000","233,499,000","230,017,000","218,552,000","220,146,000","228,159,000","224,269,000","227,398,000","225,468,000","210,578,000","207,550,000","195,918,000","200,762,000","196,535,000","187,909,000","178,281,000","177,398,000","181,443,000","184,386,000","179,260,000","173,521,000","174,313,000","175,565,000","159,418,000","158,312,000","147,075,000","144,063,000","141,336,000","-114,058,000","213,487,000","215,353,000","209,431,000","188,552,000","196,298,000","199,846,000","187,877,000","115,822,000","110,350,000","114,316,000","117,691,000","208,831,000","154,657,000","137,662,000","134,190,000","278,272,000","155,280,000","165,109,000","204,721,000","316,489,000","182,876,000","178,826,000","164,164,000","184,215,000","185,688,000","171,844,000","170,665,000","100,773,000","94,026,000","93,000,000","91,254,000","93,959,000","94,017,000","94,566,000","88,429,000","92,883,000","90,323,000","85,350,000","84,053,000","84,285,000","91,359,000","90,664,000","90,479,000","91,801,000","91,046,000","91,166,000","85,272,000","91,073,000","87,875,000","81,622,000","76,517,000","68,800,000","68,900,000","62,000,000","57,000,000","59,800,000","52,800,000","46,900,000","41,300,000","44,000,000","42,200,000","37,500,000","34,600,000","34,000,000","32,200,000","29,900,000","32,000,000","32,200,000","30,100,000","29,400,000","32,200,000","32,600,000","31,100,000","30,400,000","29,000,000","29,200,000","27,100,000","26,500,000","25,100,000","25,300,000","23,400,000","29,300,000","55,600,000","26,200,000","22,600,000","24,200,000","23,900,000","24,100,000","22,800,000","23,100,000","22,300,000","21,700,000","20,700,000","18,400,000",,,,,,,,,,,,,,,
OperatingExpense,"550,367,000","145,485,000","139,287,000","131,042,000","134,553,000","129,722,000","129,729,000","126,677,000","123,432,000","120,269,000","122,399,000","112,862,000","109,881,000","114,991,000","117,184,000","115,739,000","113,979,000","111,082,000","118,505,000","111,341,000","110,323,000","102,401,000","102,621,000","99,317,000","94,386,000","91,469,000","95,191,000","94,425,000","88,468,000","86,190,000","83,257,000","83,815,000","81,935,000","81,026,000","89,857,000","85,136,000","86,090,000","81,294,000","-170,247,000","159,997,000","161,555,000","161,342,000","144,177,000","145,162,000","145,889,000","133,280,000","63,945,000","55,211,000","57,144,000","64,346,000","103,943,000","59,354,000","47,676,000","60,660,000","180,577,000","30,331,000","29,915,000","66,210,000","170,646,000","27,598,000","25,151,000","24,985,000","52,948,000","57,123,000","51,882,000","52,008,000","44,148,000","40,726,000","42,601,000","39,625,000","40,833,000","39,464,000","42,368,000","38,856,000","39,612,000","41,185,000","33,091,000","32,540,000","30,475,000","38,719,000","37,917,000","39,857,000","42,787,000","44,417,000","45,256,000","43,639,000","48,995,000","46,770,000","47,398,000","45,965,000","41,500,000","41,700,000","37,400,000","33,700,000","37,600,000","34,800,000","31,800,000","28,900,000","27,200,000","30,600,000","28,600,000","26,400,000","23,400,000","23,200,000","23,000,000","22,300,000","23,100,000","21,400,000","22,100,000","24,300,000","24,100,000","23,100,000","22,900,000","22,000,000","21,200,000","20,200,000","20,600,000","20,200,000","21,900,000","20,800,000","24,100,000","48,900,000","19,800,000","17,100,000","18,400,000","18,300,000","19,500,000","18,300,000","18,200,000","17,300,000","17,400,000","15,700,000","13,800,000",,,,,,,,,,,,,,,
	SellingGeneralAndAdministration,"455,410,000","120,500,000","115,544,000","107,960,000","111,406,000","107,061,000","108,270,000","105,532,000","102,652,000","99,719,000","102,113,000","92,506,000","89,678,000","94,981,000","97,432,000","96,079,000","94,680,000","92,106,000","101,598,000","90,648,000","91,159,000","83,579,000","83,930,000","81,353,000","76,668,000","74,010,000","78,269,000","77,480,000","72,014,000","69,837,000","67,235,000","68,423,000","67,020,000","66,228,000","75,306,000","70,691,000","71,933,000","67,348,000","-183,855,000","143,852,000","148,518,000","148,288,000","131,797,000","132,808,000","133,706,000","121,438,000","52,282,000","43,611,000","45,563,000","53,240,000","83,492,000","38,990,000","34,914,000","48,098,000","168,311,000","18,656,000","18,417,000","54,690,000","159,377,000","16,607,000","17,700,000","17,560,000","23,801,000","57,123,000","51,882,000","52,008,000","44,148,000","40,726,000","42,601,000","39,625,000","40,833,000","39,464,000","42,368,000","38,856,000","39,612,000","41,185,000","33,091,000","32,540,000","30,475,000","38,719,000","37,917,000","39,857,000","42,787,000","44,417,000","45,256,000","43,639,000","44,483,000","42,376,000","43,052,000","41,912,000","37,300,000","37,400,000","33,600,000","30,200,000","33,300,000","30,700,000","28,100,000","25,300,000","25,100,000","26,300,000","24,300,000","23,000,000","21,100,000","20,900,000","20,200,000","19,700,000","20,600,000","19,000,000","19,100,000","20,600,000","20,400,000","20,100,000","18,900,000","18,000,000","16,900,000","16,300,000","16,800,000","16,300,000","17,600,000","16,800,000","16,200,000","44,900,000","15,800,000","13,600,000","14,300,000","14,100,000","15,400,000","14,100,000","14,000,000","13,200,000","13,500,000","12,100,000","10,700,000",,,,,,,,,,,,,,,
		GeneralAndAdministrativeExpense,"455,410,000","120,500,000","115,544,000","107,960,000","111,406,000","107,061,000","108,270,000","105,532,000","102,652,000","99,719,000","102,113,000","92,506,000","89,678,000","94,981,000","97,432,000","96,079,000","94,680,000","92,106,000","101,598,000","90,648,000","91,159,000","83,579,000","83,930,000","81,353,000","76,668,000","74,010,000","78,269,000","77,480,000","72,014,000","69,837,000","67,235,000","68,423,000","67,020,000","66,228,000","75,306,000","70,691,000","71,933,000","67,348,000","-183,855,000","143,852,000","148,518,000","148,288,000","131,797,000","132,808,000","133,706,000","121,438,000","52,282,000","43,611,000","45,563,000","53,240,000",,,,,,,,,,,,,,,,,,,,,,,,,,,,,,,,,,,,,,,,,,,,,,,,,,,,,,,,,,,,,,,,,,,,,,,,,,,,,,,,,,,,,,,,,,,,,,,,,,
			SalariesAndWages,"42,265,000","10,566,000","10,278,000","11,318,000","10,103,000","9,752,000","6,556,000","6,467,000","7,062,000","6,929,000","9,027,000","5,453,000","5,064,000","5,038,000","7,409,000","5,878,000","5,323,000","5,195,000","16,839,000","7,088,000","6,259,000","6,180,000","3,973,000","4,066,000","4,189,000","3,789,000","5,836,000","3,867,000","3,859,000","3,750,000","3,982,000","3,786,000","2,872,000","2,823,000","10,868,000","11,097,000","10,607,000","5,293,000","-240,896,000","89,660,000","84,396,000","82,576,000","77,755,000","74,622,000","76,423,000","74,757,000","10,380,000","3,468,000","6,278,000","6,657,000",,,,,,,,,,,,,,,,,,,,,,,,,,,,,,,,,,,,,,,,,,,,,,,,,,,,,,,,,,,,,,,,,,,,,,,,,,,,,,,,,,,,,,,,,,,,,,,,,,
			OtherGandA,"413,145,000","109,934,000","105,266,000","96,642,000","101,303,000","97,309,000","101,714,000","99,065,000","95,590,000","92,790,000","93,086,000","87,053,000","84,614,000","89,943,000","90,023,000","90,201,000","89,357,000","86,911,000","84,759,000","83,560,000","84,900,000","77,399,000","79,957,000","77,287,000","72,479,000","70,221,000","72,433,000","73,613,000","68,155,000","66,087,000","63,253,000","64,637,000","64,148,000","63,405,000","64,438,000","59,594,000","61,326,000","62,055,000","57,041,000","54,192,000","64,122,000","65,712,000","54,042,000","58,186,000","57,283,000","46,681,000","41,902,000","40,143,000","39,285,000","46,583,000",,,,,,,,,,,,,,,,,,,,,,,,,,,,,,,,,,,,,,,,,,,,,,,,,,,,,,,,,,,,,,,,,,,,,,,,,,,,,,,,,,,,,,,,,,,,,,,,,,
	DepreciationAmortizationDepletionIncomeStatement,"94,957,000","24,985,000","23,743,000","23,082,000","23,147,000","22,661,000","21,459,000","21,145,000","20,780,000","20,550,000","20,286,000","20,356,000","20,203,000","20,010,000","19,752,000","19,660,000","19,299,000","18,976,000","16,907,000","20,693,000","19,164,000","18,822,000","18,691,000","17,964,000","17,718,000","17,459,000","16,922,000","16,945,000","16,454,000","16,353,000","16,022,000","15,392,000","14,915,000","14,798,000","14,551,000","14,445,000","14,157,000","13,946,000","13,608,000","16,145,000","13,037,000","13,054,000","12,380,000","12,354,000","12,183,000","11,842,000","11,663,000","11,600,000","11,581,000","11,106,000","20,451,000","20,364,000","12,762,000","12,562,000","12,266,000","11,675,000","11,498,000","11,520,000","11,269,000","10,991,000","7,451,000","7,425,000",,,,,,,,,,,,,,,,,,,,,,,,,"4,512,000","4,394,000","4,346,000","4,053,000","4,200,000","4,300,000","3,800,000","3,500,000","4,300,000","4,100,000","3,700,000","3,600,000","2,100,000","4,300,000","4,300,000","3,400,000","2,300,000","2,300,000","2,800,000","2,600,000","2,500,000","2,400,000","3,000,000","3,700,000","3,700,000","3,000,000","4,000,000","4,000,000","4,300,000","3,900,000","3,800,000","3,900,000","4,300,000","4,000,000","7,900,000","4,000,000","4,000,000","3,500,000","4,100,000","4,200,000","4,100,000","4,200,000","4,200,000","4,100,000","3,900,000","3,600,000","3,100,000",,,,,,,,,,,,,,,
		DepreciationAndAmortizationInIncomeStatement,"94,957,000","24,985,000","23,743,000","23,082,000","23,147,000","22,661,000","21,459,000","21,145,000","20,780,000","20,550,000","20,286,000","20,356,000","20,203,000","20,010,000","19,752,000","19,660,000","19,299,000","18,976,000","16,907,000","20,693,000","19,164,000","18,822,000","18,691,000","17,964,000","17,718,000","17,459,000","16,922,000","16,945,000","16,454,000","16,353,000","16,022,000","15,392,000","14,915,000","14,798,000","14,551,000","14,445,000","14,157,000","13,946,000","13,608,000","16,145,000","13,037,000","13,054,000","12,380,000","12,354,000","12,183,000","11,842,000","11,663,000","11,600,000","11,581,000","11,106,000","20,451,000","20,364,000","12,762,000","12,562,000","12,266,000","11,675,000","11,498,000","11,520,000","11,269,000","10,991,000","7,451,000","7,425,000",,,,,,,,,,,,,,,,,,,,,,,,,"4,512,000","4,394,000","4,346,000","4,053,000","4,200,000","4,300,000","3,800,000","3,500,000","4,300,000","4,100,000","3,700,000","3,600,000","2,100,000","4,300,000","4,300,000","3,400,000","2,300,000","2,300,000","2,800,000","2,600,000","2,500,000","2,400,000","3,000,000","3,700,000","3,700,000","3,000,000","4,000,000","4,000,000","4,300,000","3,900,000","3,800,000","3,900,000","4,300,000","4,000,000","7,900,000","4,000,000","4,000,000","3,500,000","4,100,000","4,200,000","4,100,000","4,200,000","4,200,000","4,100,000","3,900,000","3,600,000","3,100,000",,,,,,,,,,,,,,,
			DepreciationIncomeStatement,"33,270,000","8,098,000","8,340,000","8,408,000","8,424,000","8,309,000","7,901,000","7,945,000","7,640,000","7,473,000","7,274,000","7,409,000","7,422,000","7,331,000","7,277,000","7,255,000","7,138,000","7,122,000","6,964,000","6,948,000","6,599,000","6,800,000","6,983,000","6,576,000","6,434,000","6,447,000","6,098,000","6,108,000","5,843,000","5,995,000","5,954,000","5,579,000","5,331,000","5,584,000","5,447,000","5,616,000","5,730,000","5,704,000","5,763,000","5,761,000","5,630,000","5,432,000","5,123,000","5,346,000","5,391,000","5,611,000","5,510,000","5,602,000","5,584,000","5,206,000",,,,,,,,,,,,,,,,,,,,,,,,,,,,,,,,,,,,,,,,,,,,,,,,,,,,,,,,,,,,,,,,,,,,,,,,,,,,,,,,,,,,,,,,,,,,,,,,,,
			Amortization,"61,687,000","16,887,000","15,403,000","14,674,000","14,723,000","14,352,000","13,558,000","13,200,000","13,140,000","13,077,000","13,012,000","12,947,000","12,781,000","12,679,000","12,475,000","12,405,000","12,161,000","11,854,000","9,943,000","13,745,000","12,565,000","12,022,000","11,708,000","11,388,000","11,284,000","11,012,000","10,824,000","10,837,000","10,611,000","10,358,000","10,068,000","9,813,000","9,584,000","9,214,000","9,104,000","8,829,000","8,427,000","8,242,000","7,845,000","10,384,000","7,407,000","7,622,000","7,257,000","7,008,000","6,792,000","6,231,000","6,153,000","5,998,000","5,997,000","5,900,000",,,,,,,,,,,,,,,,,,,,,,,,,,,,,,,,,,,,,,,,,,,,,,,,,,,,,,,,,,,,,,,,,,,,,,,,,,,,,,,,,,,,,,,,,,,,,,,,,,
				AmortizationOfIntangiblesIncomeStatement,"61,687,000","16,887,000","15,403,000","14,674,000","14,723,000","14,352,000","13,558,000","13,200,000","13,140,000","13,077,000","13,012,000","12,947,000","12,781,000","12,679,000","12,475,000","12,405,000","12,161,000","11,854,000","9,943,000","13,745,000","12,565,000","12,022,000","11,708,000","11,388,000","11,284,000","11,012,000","10,824,000","10,837,000","10,611,000","10,358,000","10,068,000","9,813,000","9,584,000","9,214,000","9,104,000","8,829,000","8,427,000","8,242,000","7,845,000","10,384,000","7,407,000","7,622,000","7,257,000","7,008,000","6,792,000","6,231,000","6,153,000","5,998,000","5,997,000","5,900,000",,,,,,,,,,,,,,,,,,,,,,,,,,,,,,,,,,,,,,,,,,,,,,,,,,,,,,,,,,,,,,,,,,,,,,,,,,,,,,,,,,,,,,,,,,,,,,,,,,
	OtherOperatingExpenses,,,,,,,,,,,,,,,,,,,,,,,,,,,,,,,,,,,,,,,,,,,,"12,316,000",,,,,,,,,,,,,,,,,,,,,,,,,,,,,,,,,,,,,,,,,,,,,,,,,,,,,,,,,,,,,,,,,,,,,,,,,,,,,,,,,,,,,,,,,,,,,,,,,,,,,,,,
OperatingIncome,"635,343,000","214,799,000","143,398,000","141,125,000","136,021,000","132,837,000","124,010,000","111,337,000","100,312,000","110,228,000","116,090,000","120,637,000","120,136,000","103,561,000","102,962,000","112,420,000","110,290,000","116,316,000","106,963,000","99,237,000","97,227,000","93,517,000","98,141,000","97,218,000","93,523,000","86,812,000","82,207,000","87,018,000","95,918,000","93,070,000","90,264,000","90,498,000","93,630,000","78,392,000","68,455,000","61,939,000","57,973,000","60,042,000","56,189,000","53,490,000","53,798,000","48,089,000","44,375,000","51,136,000","53,957,000","54,597,000","51,877,000","55,139,000","57,172,000","53,345,000","104,888,000","95,303,000","89,986,000","73,530,000","97,695,000","124,949,000","135,194,000","138,511,000","145,843,000","155,278,000","153,675,000","139,179,000","131,267,000","128,565,000","119,962,000","118,657,000","56,625,000","53,300,000","50,399,000","51,629,000","53,126,000","54,553,000","52,198,000","49,573,000","53,271,000","49,138,000","52,259,000","51,513,000","53,810,000","52,640,000","52,747,000","50,622,000","49,014,000","46,629,000","45,910,000","41,633,000","42,078,000","41,105,000","34,224,000","30,552,000","27,300,000","27,200,000","24,600,000","23,300,000","22,200,000","18,000,000","15,100,000","12,400,000","16,800,000","11,600,000","8,900,000","8,200,000","10,600,000","9,000,000","6,900,000","9,700,000","9,100,000","8,700,000","7,300,000","7,900,000","8,500,000","8,000,000","7,500,000","7,000,000","8,000,000","6,900,000","5,900,000","4,900,000","3,400,000","2,600,000","5,200,000","6,700,000","6,400,000","5,500,000","5,800,000","5,600,000","4,600,000","4,500,000","4,900,000","5,000,000","4,300,000","5,000,000","4,600,000","32,800,000","-79,900,000","33,200,000","32,300,000","33,300,000","-75,200,000","29,900,000","30,400,000","29,900,000","-83,800,000","27,600,000","30,400,000","28,700,000","-70,000,000","26,900,000"
NetNonOperatingInterestIncomeExpense,"2,862,000","598,000","725,000","791,000","748,000","822,000","833,000","856,000","1,219,000","3,051,000","3,692,000","4,013,000","4,147,000","4,100,000","4,117,000","3,360,000","3,030,000","2,245,000","1,919,000","1,554,000","1,572,000","1,231,000","1,059,000","911,000","846,000","969,000","647,000","731,000","641,000","856,000","990,000","635,000","607,000","664,000","715,000","484,000","574,000","940,000","1,164,000","1,375,000","1,327,000","1,326,000","1,349,000","1,274,000","1,281,000","1,340,000","1,247,000","1,285,000","1,087,000","1,229,000","876,000","863,000","886,000","912,000",,,,,,,,,,,,,,,,,,,,,,,,,,,,,,,,,,,,,,,,,,,,,,,,,,,,,,,,,,,,,,,,,,,,,,,,,,,,,,,,,,,,,,,,,,,,,,
	InterestIncomeNonOperating,"3,552,000","848,000","934,000","892,000","878,000","945,000","986,000","1,009,000","1,370,000","3,203,000","3,845,000","4,167,000","4,313,000","4,257,000","4,251,000","3,482,000","3,162,000","2,502,000","2,129,000","1,899,000","1,686,000","1,343,000","1,174,000","1,026,000","1,033,000","1,083,000","788,000","846,000","755,000","969,000","1,106,000","750,000","721,000","777,000","828,000","679,000","688,000","1,053,000","1,279,000","1,490,000","1,440,000","1,487,000","1,449,000","1,400,000","1,436,000","1,544,000","1,503,000","1,621,000","1,502,000","1,700,000","1,736,000","1,897,000","1,937,000","1,711,000",,,,,,,,,,,,,,,,,,,,,,,,,,,,,,,,,,,,,,,,,,,,,,,,,,,,,,,,,,,,,,,,,,,,,,,,,,,,,,,,,,,,,,,,,,,,,,
	InterestExpenseNonOperating,"690,000","250,000","209,000","101,000","130,000","123,000","153,000","153,000","151,000","152,000","153,000","154,000","166,000","157,000","134,000","122,000","132,000","257,000","210,000","345,000","114,000","112,000","115,000","115,000","187,000","114,000","141,000","115,000","114,000","113,000","116,000","115,000","114,000","113,000","113,000","195,000","114,000","113,000","115,000","115,000","113,000","161,000","100,000","126,000","155,000","204,000","256,000","336,000","415,000","471,000","860,000","1,034,000","1,051,000","799,000",,,,,,,,,,,,,,,,,,,,,,,,,,,,,,,,,,,,,,,,,,,,,,,,,,,,,,,,,,,,,,,,,,,,,,,,,,,,,,,,,,,,,,,,,,,,,,
OtherIncomeExpense,"135,494,000","31,970,000","33,652,000","34,430,000","35,442,000","33,682,000","31,670,000","29,081,000","30,179,000","25,918,000","40,186,000","38,220,000","38,063,000","38,596,000","36,520,000","41,815,000","40,934,000","40,197,000","43,570,000","39,978,000","36,359,000","33,912,000","33,853,000","32,761,000","30,535,000","31,857,000","32,228,000","32,839,000","37,251,000","37,074,000","24,271,000","37,485,000","34,617,000","37,609,000","31,893,000","31,563,000","70,840,000","49,980,000","30,191,000","28,636,000","23,376,000","30,535,000","22,879,000","22,490,000","27,582,000","36,227,000","43,056,000","34,608,000","28,183,000","24,074,000","-3,559,000","15,616,000","-2,533,000","-14,450,000","-59,054,000","-42,047,000","-27,294,000","-24,046,000","-23,880,000","-202,000","1,955,000","-316,000","-512,000","-2,226,000","602,000","1,346,000","21,435,000","21,767,000","17,558,000","15,653,000","13,287,000","15,987,000","12,036,000","11,938,000","4,442,000","6,797,000","1,294,000","3,508,000","1,075,000","3,435,000","3,103,000","2,679,000","2,913,000","2,637,000","2,554,000","2,238,000","2,170,000","1,853,000","1,757,000","1,753,000","1,900,000","1,600,000","2,200,000","2,000,000","1,600,000","1,100,000","1,100,000","700,000","300,000","200,000","300,000",,"200,000","400,000","1,200,000","100,000","400,000","100,000",,"200,000","200,000","100,000","100,000","100,000","100,000","100,000","100,000","100,000","100,000","200,000","100,000","100,000","100,000","200,000","200,000","200,000","200,000","200,000",,,"-100,000",,"100,000",,,,,,,,,,,,,,,
	GainOnSaleOfSecurity,"-1,187,000","-489,000","-500,000","-575,000","377,000","332,000","1,024,000","776,000","1,903,000","-3,989,000","1,053,000","611,000","231,000","1,279,000","135,000","89,000","-139,000","-410,000","233,000","645,000","44,000","347,000","-208,000","196,000","250,000","-126,000","88,000","-756,000","-38,000","250,000","565,000","-478,000","391,000","136,000","21,000","535,000","-177,000","280,000","6,490,000",,,"3,205,000","-552,000","-1,418,000","-1,948,000","7,278,000","18,098,000",,"3,594,000",,,"15,616,000","-2,533,000",,,,,,,,,,,,,,,,,,,,,,,,,,,,,,,,,,,,,,,,,,,,,,,,,,,,,,,,,,,,,,,,,,,,,,,,,,,,,,,,,,,,,,,,,,,,,,,
	EarningsFromEquityInterest,"136,681,000","32,459,000","34,152,000","35,005,000","35,065,000","33,350,000","30,646,000","28,305,000","28,276,000","29,907,000","39,133,000","37,609,000","37,832,000","37,317,000","36,385,000","41,726,000","41,073,000","40,607,000","43,337,000","39,333,000","36,315,000","33,565,000","34,061,000","32,565,000","30,285,000","29,192,000","32,140,000","33,595,000","37,289,000","34,033,000","23,706,000","37,963,000","34,226,000","31,891,000","31,872,000","31,028,000","27,588,000","27,588,000","23,701,000","24,928,000","22,712,000","27,330,000","23,431,000","23,908,000","29,530,000","28,949,000","26,618,000","25,246,000","23,519,000","24,074,000",,,,,,,,,,,,,,,,,"21,000,000","20,956,000","17,636,000","15,226,000","14,169,000","11,859,000","10,680,000","9,003,000","7,698,000","6,288,000","4,861,000","3,614,000","4,009,000","2,861,000","3,103,000","2,679,000","2,913,000","2,637,000","2,554,000","2,238,000",,,,,,,,,,,,,,,,,,,,,,,,,,,,,,,,,,,,,,,,,,,,,,,,,,,,,,,,,,,,,,
	SpecialIncomeCharges,,,,,,,,,,,,,,,,,,,"0","0","0","0","0",,"0","2,791,000","0","0","0","2,791,000","0","0","0","5,582,000","0","0","43,429,000","22,112,000","-7,577,000","3,708,000","664,000",,,"-1,418,000","-1,948,000",,"-1,660,000","9,362,000","1,070,000","17,479,000",,"15,616,000","-2,533,000","-14,450,000","98,964,000","-42,047,000","-27,294,000","-24,046,000","-23,880,000","-202,000","1,955,000","-316,000","-512,000","-2,226,000","602,000","1,346,000","435,000","811,000","-78,000","427,000","-882,000","4,128,000","1,356,000","2,935,000","-3,256,000","509,000","-3,567,000","-106,000","-2,934,000","574,000",,,,,,,"2,170,000","1,853,000","1,757,000","1,753,000","1,900,000","1,600,000","2,200,000","2,000,000","1,600,000","1,100,000","1,100,000","700,000","300,000","200,000","300,000",,"200,000","400,000","1,200,000","100,000","400,000","100,000",,"200,000","200,000","100,000","100,000","100,000","100,000","100,000","100,000","100,000","100,000","200,000","100,000","100,000","100,000","200,000","200,000","200,000","200,000","200,000",,,"-100,000",,"100,000",,,,,,,,,,,,,,,
		OtherSpecialCharges,,,,,,,,,,,,,,,,,,,,,,,,,,,,,,,,,,,"0",,"-43,429,000",,,,,,,,,,,,,,,,,,,,,,,,,,,,,,,,,,,,,,,,,,,,,,,,,,,,,,,,,,,,,,,,,,,,,,,,,,,,,,,,,,,,,,,,,,,,,,,,,,,,,,,,,,,,,,,
		GainOnSaleOfBusiness,,,,,,,,,,,,,,,,,,,"0","0","0","0","0",,"0","2,791,000","0","0","0","2,791,000","0","0","0","5,582,000","0","0","0","22,112,000",,,,,,,,,,,,,,,,,,,,,,,,,,,,,,,,,,,,,,,,,,,,,,,,,,,,,,,,,,,,,,,,,,,,,,,,,,,,,,,,,,,,,,,,,,,,,,,,,,,,,,,,,,,,,,
PretaxIncome,"773,699,000","247,367,000","177,775,000","176,346,000","172,211,000","167,341,000","156,513,000","141,274,000","131,710,000","139,197,000","159,968,000","162,870,000","162,346,000","146,257,000","143,599,000","157,595,000","154,254,000","158,758,000","152,452,000","140,769,000","135,158,000","128,660,000","133,053,000","130,890,000","124,904,000","119,638,000","115,082,000","120,588,000","133,810,000","131,000,000","115,525,000","128,618,000","128,854,000","116,665,000","101,063,000","93,986,000","129,387,000","110,962,000","87,544,000","83,501,000","78,501,000","79,950,000","68,603,000","74,900,000","82,820,000","92,164,000","96,180,000","91,032,000","86,442,000","96,127,000","102,205,000","111,782,000","88,339,000","59,992,000","19,477,000","54,305,000","73,385,000","77,807,000","84,792,000","111,727,000","112,102,000","100,919,000","98,054,000","88,724,000","85,238,000","86,740,000","80,335,000","76,677,000","69,364,000","68,833,000","67,453,000","71,227,000","64,633,000","61,818,000","58,002,000","56,188,000","54,399,000","55,695,000","55,603,000","56,715,000","56,760,000","53,970,000","52,662,000","50,621,000","49,471,000","45,570,000","46,107,000","44,324,000","36,496,000","32,691,000","29,300,000","28,800,000","26,200,000","24,700,000","23,200,000","18,600,000","15,700,000","12,500,000","16,300,000","11,100,000","8,500,000","8,000,000","10,700,000","9,400,000","8,000,000","9,800,000","9,400,000","8,600,000","7,500,000","8,200,000","8,800,000","8,000,000","7,600,000","7,200,000","8,100,000","7,000,000","5,800,000","5,000,000","3,300,000","2,700,000","5,400,000","6,800,000","6,300,000","5,700,000","6,100,000","5,800,000","5,000,000","4,700,000","4,900,000","4,900,000","4,200,000","5,000,000","4,800,000",,,,,,,,,,,,,,,
TaxProvision,"166,268,000","57,059,000","32,475,000","38,301,000","38,433,000","37,871,000","30,631,000","30,178,000","30,644,000","29,955,000","31,231,000","30,702,000","35,806,000","32,276,000","27,565,000","29,276,000","32,577,000","18,920,000","30,308,000","39,030,000","43,389,000","39,923,000","44,442,000","44,186,000","43,899,000","42,141,000","33,703,000","41,163,000","47,570,000","46,389,000","38,428,000","44,635,000","46,041,000","41,845,000","35,548,000","26,791,000","45,893,000","38,692,000","30,570,000","32,415,000","28,762,000","29,715,000","23,750,000","25,256,000","28,707,000","34,124,000","33,278,000","34,311,000","32,603,000","36,269,000","25,636,000","31,109,000","24,212,000","8,929,000","9,828,000","19,810,000","27,221,000","28,861,000","31,160,000","38,428,000","42,601,000","37,542,000","34,430,000","28,175,000","27,327,000","31,834,000","29,080,000","27,481,000","25,180,000","25,124,000","24,452,000","25,820,000","23,429,000","22,409,000","19,779,000","20,789,000","20,128,000","20,607,000","20,574,000","20,984,000","21,001,000","19,969,000","19,485,000","18,730,000","18,304,000","16,861,000","17,521,000","16,843,000","13,869,000","12,422,000","11,300,000","11,100,000","10,100,000","9,500,000","8,900,000","7,000,000","6,100,000","4,900,000","6,400,000","4,200,000","3,400,000","3,200,000","4,200,000","3,500,000","3,100,000","4,000,000","3,700,000","3,700,000","3,000,000","3,300,000","3,400,000","3,100,000","3,000,000","2,800,000","3,100,000","2,700,000","2,200,000","1,900,000","1,200,000","1,000,000","2,000,000","2,600,000","2,400,000","2,200,000","2,400,000","2,300,000","1,900,000","1,700,000","1,900,000","2,000,000","1,400,000","1,900,000","1,800,000",,,,,,,,,,,,,,,
EarningsFromEquityInterestNetOfTax,,,,,,,,,,,,,,,,,,,,,,,,,,,,,,,,,,,,,,,,,,,,,,,,,,"17,479,000",,,,,,,,,,,,,,,,,,,,,,,,,,,,,,,,,,,,,,,,,,,,,,,,,,,,,,,,,,,,,,,,,,,,,,,,,,,,,,,,,,,,,,,,,,,,,,,,,,
NetIncomeCommonStockholders,"607,431,000","190,308,000","145,300,000","138,045,000","133,778,000","129,470,000","125,882,000","111,096,000","101,066,000","109,242,000","128,737,000","132,168,000","126,540,000","113,981,000","116,034,000","128,319,000","121,677,000","139,838,000","122,144,000","101,739,000","91,769,000","88,737,000","88,611,000","86,704,000","81,005,000","77,497,000","81,379,000","79,425,000","86,240,000","84,611,000","77,097,000","83,983,000","82,813,000","74,820,000","65,515,000","67,195,000","83,494,000","71,920,000","56,585,000","50,743,000","49,555,000","49,965,000","44,396,000","49,232,000","53,603,000","57,728,000","62,400,000","56,389,000","53,478,000","59,420,000","45,837,000","52,727,000","41,571,000","34,200,000","9,649,000","34,495,000","46,164,000","48,946,000","53,632,000","73,299,000","69,501,000","63,377,000","63,624,000","60,549,000","57,911,000","54,906,000","51,255,000","49,196,000","44,184,000","43,709,000","43,001,000","45,407,000","41,204,000","39,409,000","38,223,000","35,399,000","34,271,000","35,088,000","35,029,000","35,731,000","35,759,000","34,001,000","33,177,000","31,891,000","31,167,000","28,709,000","28,586,000","27,481,000","22,627,000","20,269,000","19,300,000","17,700,000","16,100,000","15,200,000","15,000,000","11,600,000","9,600,000","7,600,000","9,900,000","6,900,000","5,100,000","4,800,000","-9,800,000","5,900,000","4,900,000","5,800,000","5,700,000","4,900,000","3,600,000","4,900,000","5,400,000","4,900,000","4,600,000","4,400,000","5,000,000","4,300,000","3,600,000","3,100,000","3,700,000","1,700,000","3,400,000","4,200,000","3,900,000","1,000,000","3,700,000","3,500,000","3,100,000","3,000,000","3,000,000","2,900,000","2,800,000","3,100,000","3,000,000",,,,,,,,,,,,,,,
	NetIncome,"607,431,000","190,308,000","145,300,000","138,045,000","133,778,000","129,470,000","125,882,000","111,096,000","101,066,000","109,242,000","128,737,000","132,168,000","126,540,000","113,981,000","116,034,000","128,319,000","121,677,000","139,838,000","122,144,000","101,739,000","91,769,000","88,737,000","88,611,000","86,704,000","81,005,000","77,497,000","81,379,000","79,425,000","86,240,000","84,611,000","77,097,000","83,983,000","82,813,000","74,820,000","65,515,000","67,195,000","83,494,000","71,920,000","56,585,000","50,743,000","49,555,000","49,965,000","44,396,000","49,232,000","53,603,000","57,728,000","62,400,000","56,389,000","53,478,000","59,420,000","45,837,000","52,727,000","41,571,000","51,063,000","9,649,000","34,495,000","46,164,000","48,946,000","53,632,000","73,299,000","69,501,000","63,377,000","63,624,000","60,549,000","57,911,000","54,906,000","51,255,000","49,196,000","44,184,000","43,709,000","43,001,000","45,407,000","41,204,000","39,409,000","38,223,000","35,399,000","34,271,000","35,088,000","35,029,000","35,731,000","35,759,000","34,001,000","33,177,000","31,891,000","31,167,000","28,709,000","28,586,000","27,481,000","22,627,000","20,269,000","19,300,000","17,700,000","16,100,000","15,200,000","15,000,000","11,600,000","9,600,000","7,600,000","9,900,000","6,900,000","5,100,000","4,800,000","-9,800,000","5,900,000","4,900,000","5,800,000","5,700,000","4,900,000","3,600,000","4,900,000","5,400,000","4,900,000","4,600,000","4,400,000","5,000,000","4,300,000","3,600,000","3,100,000","3,700,000","1,700,000","3,400,000","4,200,000","3,900,000","1,000,000","3,700,000","3,500,000","3,100,000","3,000,000","3,000,000","2,900,000","2,800,000","3,100,000","3,000,000",,,,,,,,,,,,,,,
		NetIncomeIncludingNoncontrollingInterests,"607,431,000","190,308,000","145,300,000","138,045,000","133,778,000","129,470,000","125,882,000","111,096,000","101,066,000","109,242,000","128,737,000","132,168,000","126,540,000","113,981,000","116,034,000","128,319,000","121,677,000","139,838,000","122,144,000","101,739,000","91,769,000","88,737,000","88,611,000","86,704,000","81,005,000","77,497,000","81,379,000","79,425,000","86,240,000","84,611,000","77,097,000","83,983,000","82,813,000","74,820,000","65,515,000","67,195,000","83,494,000","72,270,000","56,974,000","51,086,000","49,739,000","50,235,000","44,853,000","49,644,000","54,113,000","58,040,000","62,902,000","56,721,000","53,839,000","59,858,000","76,569,000","80,673,000","64,127,000","67,926,000","31,068,000","65,573,000","83,094,000","88,775,000","95,072,000","119,762,000","116,743,000","104,111,000","99,311,000","100,086,000","94,887,000","89,668,000","51,255,000","49,196,000","44,184,000","43,709,000","43,001,000","45,407,000","41,204,000","39,409,000","38,223,000","35,399,000","34,271,000","35,088,000","35,029,000","35,731,000","35,759,000","34,001,000","33,177,000","31,891,000","31,167,000","28,709,000","28,586,000","27,481,000","22,627,000","20,269,000","19,300,000","17,700,000","16,100,000","15,200,000","15,000,000","11,600,000","9,600,000","7,600,000","9,900,000","6,900,000","5,100,000","4,800,000","-9,800,000","5,900,000","4,900,000","5,800,000","5,700,000","4,900,000","3,600,000","4,900,000","5,400,000","4,900,000","4,600,000","4,400,000","5,000,000","4,300,000","3,600,000","3,100,000","3,700,000","1,700,000","3,400,000","4,200,000","3,900,000","1,000,000","3,700,000","3,500,000","3,100,000","3,000,000","3,000,000","2,900,000","2,800,000","3,100,000","3,000,000","3,200,000","3,100,000","3,200,000","3,600,000","3,300,000","2,800,000","2,700,000","2,200,000","1,700,000","900,000","-10,200,000","900,000","1,200,000","900,000","1,000,000"
			NetIncomeContinuousOperations,"607,431,000","190,308,000","145,300,000","138,045,000","133,778,000","129,470,000","125,882,000","111,096,000","101,066,000","109,242,000","128,737,000","132,168,000","126,540,000","113,981,000","116,034,000","128,319,000","121,677,000","139,838,000","122,144,000","101,739,000","91,769,000","88,737,000","88,611,000","86,704,000","81,005,000","77,497,000","81,379,000","79,425,000","86,240,000","84,611,000","77,097,000","83,983,000","82,813,000","74,820,000","65,515,000","67,195,000","83,494,000","72,270,000","56,974,000","51,086,000","49,739,000","50,235,000","44,853,000","49,644,000","54,113,000","58,040,000","62,902,000","56,721,000","53,839,000","59,858,000","76,569,000","80,673,000","64,127,000","67,926,000","138,905,000","34,495,000","46,164,000","48,946,000","53,632,000","73,299,000","69,501,000","63,377,000","63,624,000","60,549,000","57,911,000","54,906,000","51,255,000","49,196,000","44,184,000","43,709,000","43,001,000","45,407,000","41,204,000","39,409,000","38,223,000","35,399,000","34,271,000","35,088,000","35,029,000","35,731,000","35,759,000","34,001,000","33,177,000","31,891,000","31,167,000","28,709,000","28,586,000","27,481,000","22,627,000","20,269,000","18,000,000","17,700,000","16,100,000","15,200,000","14,300,000","11,600,000","9,600,000","7,600,000","9,900,000","6,900,000","5,100,000","4,800,000","6,500,000","5,900,000","4,900,000","5,800,000","5,700,000","4,900,000","4,500,000","4,900,000","5,400,000","4,900,000","4,600,000","4,400,000","5,000,000","4,300,000","3,600,000","3,100,000","2,100,000","1,700,000","3,400,000","4,200,000","3,900,000","3,500,000","3,700,000","3,500,000","3,100,000","3,000,000","3,000,000","2,900,000","2,800,000","3,100,000","3,000,000","3,200,000","3,100,000","3,200,000","3,600,000","3,300,000","2,800,000","2,700,000","2,200,000","1,700,000","900,000","-10,200,000","900,000","1,200,000","900,000","1,000,000"
			NetIncomeDiscontinuousOperations,,,,,,,,,,,,,,,,,,,,,,,,,,,,,,,,,,,,,,,,,,,,,,,,,,,,,,,,,,,,,,,,,,,,,,,,,,,,,,,,,,,,,,,,,,,,,,,,,,,,,,,,,,,"0",,"-900,000",,,,,,,,,,,,,,"0","-2,500,000",,,,,,,,,,,,,,,,,,,,,,,,
		MinorityInterests,,,,,,,,,,,,,,,,,,,,,,,,,,,,,,,"0","0","0","0","0","0","0","-350,000","-389,000","-343,000","-184,000","-270,000","-457,000","-412,000","-510,000","-312,000","-502,000","-332,000","-361,000","-438,000","-30,732,000","-27,946,000","-22,556,000","-16,863,000","-21,419,000","-31,078,000","-36,930,000","-39,829,000","-41,440,000","-46,463,000","-47,242,000","-40,734,000","-35,687,000","-39,537,000","-36,976,000","-34,762,000",,,,,,,,,,,,,,,,,,,,,,,,,,,,,,,,,,,,,,,,,,,,,,,,,,,,,,,,,,,,,,,,,,,,,,,,,,,,,,,,,,
	OtherunderPreferredStockDividend,,,,,,,,,,,,,,,,,,,,,,,,,,,,,,,,,,,,,,,,,,,,,,,,,,,,,"22,556,000","16,863,000",,,,,,,,,,,,,,,,,,,,,,,,,,,,,,,,,,,,,,,,,,,,,,,,,,,,,,,,,,,,,,,,,,,,,,,,,,,,,,,,,,,,,,,,,,,,,,
DilutedNIAvailtoComStockholders,"607,431,000","190,308,000","145,300,000","138,045,000","133,778,000","129,470,000","125,882,000","111,096,000","101,066,000","109,242,000","128,737,000","132,168,000","126,540,000","113,981,000","116,034,000","128,319,000","121,677,000","139,838,000","122,144,000","101,739,000","91,769,000","88,737,000","88,611,000","86,704,000","81,005,000","77,497,000","81,379,000","79,425,000","86,240,000","84,611,000","77,097,000","83,983,000","82,813,000","74,820,000","65,515,000","67,195,000","83,494,000","71,920,000","56,585,000","50,743,000","49,555,000","49,965,000","44,396,000","49,232,000","53,603,000","57,728,000","62,400,000","56,389,000","53,478,000","59,420,000","45,837,000","52,727,000","41,571,000","34,200,000","9,649,000","34,495,000","46,164,000","48,946,000","53,632,000","73,299,000","69,501,000","63,377,000","63,624,000","60,549,000","57,911,000","54,906,000","51,255,000","49,196,000","44,184,000","43,709,000","43,001,000","45,407,000","41,204,000","39,409,000","38,223,000","35,399,000","34,271,000","35,088,000","35,029,000","35,731,000","35,759,000","34,001,000","33,177,000","31,891,000","31,167,000","28,709,000","28,586,000","27,481,000","22,627,000","20,269,000","19,300,000","17,700,000","16,100,000","15,200,000","15,000,000","11,600,000","9,600,000","7,600,000","9,900,000","6,900,000","5,100,000","4,800,000","-9,800,000","5,900,000","4,900,000","5,800,000","5,700,000","4,900,000","3,600,000","4,900,000","5,400,000","4,900,000","4,600,000","4,400,000","5,000,000","4,300,000","3,600,000","3,100,000","3,700,000","1,700,000","3,400,000","4,200,000","3,900,000","1,000,000","3,700,000","3,500,000","3,100,000","3,000,000","3,000,000","2,900,000","2,800,000","3,100,000","3,000,000",,,,,,,,,,,,,,,
BasicEPS,,"1.38","1.04","0.98","0.94","0.9","0.87","0.76","0.69","0.73","0.86","0.88","0.83","0.74","0.75","0.82","0.77","0.89","0.78","0.64","0.58","0.56","0.55","0.54","0.5","0.48","0.49","0.48","0.52","0.51","0.46","0.5","0.49","0.44","0.39","0.39","0.48","0.42","0.33","0.29","0.28","0.28",,"0.27","0.29","0.31",,"0.3","0.28","0.31",,"0.28","0.22","0.18",,"0.18","0.24","0.25",,"0.38","0.35","0.32",,"0.305","0.295","0.28",,"0.245","0.22","0.215",,"0.22","0.2","0.19",,"0.17","0.165","0.165",,"0.165","0.165","0.155",,"0.145","0.145","0.13",,"0.13","0.108","0.096",,"0.085","0.075","0.07",,"0.055","0.045","0.035",,"0.035","0.025","0.025",,"0.03","0.02","0.025",,"0.025","0.015","0.02",,"0.02","0.02","0.02",,"0.02","0.015","0.015",,"0.01","0.015","0.015",,"0.005","0.015","0.015",,"0.015","0.015","0.015",,"0.015","0.01","0.015",,"0.01","0.015","0.01",,"0.01","0.01","0.005",,"-0.04","0.005","0.005",,"0.005"
DilutedEPS,,"1.36","1.03","0.97","0.93","0.89","0.86","0.75","0.68","0.72","0.84","0.86","0.82","0.73","0.73","0.8","0.75","0.86","0.75","0.63","0.57","0.55","0.55","0.53","0.49","0.47","0.48","0.47","0.51","0.5","0.45","0.49","0.48","0.43","0.37","0.38","0.47","0.41","0.32","0.29","0.28","0.28",,"0.27","0.29","0.31",,"0.3","0.28","0.31",,"0.27","0.22","0.18",,"0.18","0.24","0.25",,"0.37","0.34","0.31",,"0.3","0.285","0.27",,"0.24","0.215","0.21",,"0.215","0.195","0.185",,"0.165","0.16","0.16",,"0.16","0.155","0.15",,"0.14","0.135","0.125",,"0.12","0.1","0.09",,"0.08","0.07","0.065",,"0.05","0.045","0.035",,"0.03","0.025","0.02",,"0.025","0.02","0.025",,"0.025","0.015","0.02",,"0.02","0.02","0.02",,"0.02","0.015","0.015",,"0.01","0.015","0.015",,"0.005","0.015","0.015",,"0.015","0.015","0.015",,"0.015","0.01","0.015",,"0.01","0.015","0.01",,"0.01","0.01","0.005",,"-0.04","0.005","0.005",,"0.005"
BasicAverageShares,,"137,935,000","139,080,000","140,507,000","142,074,000","143,201,000","144,077,000","145,812,000","147,478,000","149,468,000","150,131,000","150,855,000","151,863,000","153,310,000","155,057,000","156,283,000","157,542,000","157,434,000","157,390,000","157,902,000","158,325,000","159,091,000","159,674,000","160,916,000","161,795,000","163,013,000","164,473,000","165,579,000","166,152,000","166,695,000","167,146,000","167,925,000","168,606,000","169,306,000","170,113,000","171,308,000","172,223,000","172,598,000","172,574,000","173,429,000","174,830,000","176,348,000",,"181,718,000","184,585,000","185,787,000",,"187,964,000","189,356,000","189,948,000",,"190,850,000","191,023,000","190,000,000",,"191,554,000","192,187,000","195,784,000",,"192,892,105","198,574,286","198,053,125",,"198,521,311","196,308,475","196,092,857",,"200,800,000","200,836,364","203,297,674",,"206,395,455","206,020,000","207,415,789",,"208,229,412","207,703,030","212,654,545",,"216,551,515","216,721,212","219,361,290",,"219,937,931","214,944,828","220,838,462",,"211,392,308","210,483,721","211,502,609",,"208,235,294","214,666,667","217,142,857",,"210,909,091","213,333,333","217,142,857",,"197,142,857","204,000,000","192,000,000",,"196,666,667","245,000,000","232,000,000",,"196,000,000","240,000,000","245,000,000",,"245,000,000","230,000,000","220,000,000",,"215,000,000","240,000,000","206,666,667",,"170,000,000","226,666,667","280,000,000",,"200,000,000","246,666,667","233,333,333",,"200,000,000","200,000,000","193,333,333",,"206,666,667","300,000,000","281,393,392",,"281,393,392","281,393,392","281,393,392",,"281,705,704","281,417,416","283,483,484",,"282,618,620","281,561,560","275,795,796",,"274,978,980"
DilutedAverageShares,,"139,712,000","141,305,000","142,426,000","144,212,000","145,306,000","146,140,000","147,907,000","149,598,000","152,368,000","153,672,000","154,227,000","155,165,000","156,541,000","158,770,000","160,511,000","162,225,000","163,424,000","163,478,000","161,148,000","161,709,000","162,742,000","162,567,000","163,925,000","165,088,000","166,145,000","168,461,000","169,255,000","169,973,000","170,703,000","171,326,000","172,905,000","172,304,000","173,828,000","174,766,000","176,043,000","176,058,000","176,005,000","174,540,000","175,369,000","175,913,000","177,668,000",,"182,580,000","187,020,000","188,495,000",,"189,521,000","191,500,000","191,062,000",,"192,325,000","191,933,000","190,000,000",,"194,696,000","195,992,000","195,784,000",,"198,105,405","204,414,706","204,441,935",,"201,830,000","203,196,491","203,355,556",,"204,983,333","205,506,977","208,138,095",,"211,195,349","211,302,564","213,021,622",,"214,539,394","214,193,750","219,300,000",,"223,318,750","230,703,226","226,673,333",,"227,792,857","230,866,667","229,672,000",,"229,008,333","226,270,000","225,211,111",,"221,250,000","230,000,000","233,846,154",,"232,000,000","213,333,333","217,142,857",,"230,000,000","204,000,000","240,000,000",,"236,000,000","245,000,000","232,000,000",,"196,000,000","240,000,000","245,000,000",,"245,000,000","230,000,000","220,000,000",,"215,000,000","240,000,000","206,666,667",,"170,000,000","226,666,667","280,000,000",,"200,000,000","246,666,667","233,333,333",,"200,000,000","200,000,000","193,333,333",,"206,666,667","300,000,000","281,393,392",,"281,393,392","281,393,392","281,393,392",,"281,705,704","281,417,416","283,483,484",,"282,618,620","281,561,560","275,795,796",,"274,978,980"
TotalOperatingIncomeAsReported,"635,343,000","214,799,000","143,398,000","141,125,000","136,021,000","132,837,000","124,010,000","111,337,000","100,312,000","110,228,000","116,090,000","120,637,000","120,136,000","103,561,000","102,962,000","112,420,000","110,290,000","116,316,000","106,963,000","99,237,000","97,227,000","93,517,000","98,141,000","97,218,000","93,523,000","86,812,000","82,207,000","87,018,000","95,918,000","93,070,000","90,264,000","90,498,000","93,630,000","78,392,000","68,455,000","61,939,000","57,973,000","60,042,000","56,189,000","53,490,000","53,798,000","48,089,000","44,375,000","51,136,000","53,957,000","54,597,000","51,877,000","55,139,000","57,172,000","53,345,000","104,888,000","95,303,000","89,986,000","73,530,000","97,695,000","124,949,000","135,194,000","138,511,000","145,843,000","155,278,000","153,675,000","139,179,000","131,267,000","128,565,000","119,962,000","118,657,000","56,625,000","53,300,000","50,399,000","51,629,000","53,126,000","54,553,000","52,198,000","49,573,000","53,271,000","49,138,000","52,259,000","51,513,000","53,810,000","52,640,000","52,747,000","50,622,000","49,014,000","46,629,000","45,910,000","41,633,000","42,078,000","41,105,000","34,224,000","30,552,000","27,300,000","27,200,000","24,600,000","23,300,000","22,200,000","18,000,000","15,100,000","12,400,000","16,800,000","11,600,000","8,900,000","8,200,000","10,600,000","9,000,000","6,900,000","9,700,000","9,100,000","8,700,000","7,300,000","7,900,000","8,500,000","8,000,000","7,500,000","7,000,000","8,000,000","6,900,000","5,900,000","4,900,000","3,400,000","2,600,000","5,200,000","6,700,000","6,400,000","5,500,000","5,800,000","5,600,000","4,600,000","4,500,000","4,900,000","5,000,000","4,300,000","5,000,000","4,600,000",,,,,,,,,,,,,,,
TotalExpenses,"1,408,723,000","366,644,000","358,252,000","344,197,000","339,630,000","322,849,000","319,713,000","313,590,000","300,334,000","304,534,000","307,135,000","295,617,000","289,450,000","297,259,000","302,095,000","296,262,000","294,540,000","289,282,000","301,256,000","286,781,000","275,104,000","266,467,000","270,669,000","257,423,000","250,308,000","247,451,000","253,190,000","248,604,000","241,827,000","232,374,000","232,493,000","231,549,000","225,185,000","223,994,000","230,569,000","218,716,000","216,601,000","211,837,000","205,446,000","198,262,000","187,439,000","189,809,000","181,872,000","182,091,000","183,803,000","177,896,000","179,522,000","164,374,000","171,216,000","168,190,000","179,107,000","180,630,000","162,023,000","175,081,000","170,707,000","191,137,000","194,329,000","195,397,000","207,566,000","194,358,000","189,583,000","183,546,000","184,247,000","169,519,000","165,056,000","158,476,000","146,962,000","140,359,000","139,681,000","134,052,000","129,842,000","118,425,000","116,964,000","117,588,000","117,747,000","111,918,000","101,295,000","99,092,000","95,627,000","100,676,000","106,104,000","108,593,000","115,815,000","116,774,000","122,570,000","119,668,000","115,914,000","114,523,000","112,216,000","108,194,000","95,800,000","90,000,000","87,000,000","81,000,000","86,000,000","72,500,000","70,400,000","69,500,000","67,400,000","62,700,000","61,800,000","55,300,000","52,300,000","51,200,000","54,600,000","53,500,000","51,200,000","47,800,000","48,400,000","56,800,000","60,800,000","58,100,000","57,200,000","56,700,000","57,800,000","57,100,000","53,800,000","52,800,000","51,400,000","48,600,000","45,900,000","44,900,000","44,800,000","41,700,000","40,600,000","38,800,000","41,000,000","37,200,000","38,000,000","36,700,000","37,600,000","33,200,000","31,700,000",,,,,,,,,,,,,,,
NetIncomeFromContinuingAndDiscontinuedOperation,"607,431,000","190,308,000","145,300,000","138,045,000","133,778,000","129,470,000","125,882,000","111,096,000","101,066,000","109,242,000","128,737,000","132,168,000","126,540,000","113,981,000","116,034,000","128,319,000","121,677,000","139,838,000","122,144,000","101,739,000","91,769,000","88,737,000","88,611,000","86,704,000","81,005,000","77,497,000","81,379,000","79,425,000","86,240,000","84,611,000","77,097,000","83,983,000","82,813,000","74,820,000","65,515,000","67,195,000","83,494,000","71,920,000","56,585,000","50,743,000","49,555,000","49,965,000","44,396,000","49,232,000","53,603,000","57,728,000","62,400,000","56,389,000","53,478,000","59,420,000","45,837,000","52,727,000","41,571,000","51,063,000","9,649,000","34,495,000","46,164,000","48,946,000","53,632,000","73,299,000","69,501,000","63,377,000","63,624,000","60,549,000","57,911,000","54,906,000","51,255,000","49,196,000","44,184,000","43,709,000","43,001,000","45,407,000","41,204,000","39,409,000","38,223,000","35,399,000","34,271,000","35,088,000","35,029,000","35,731,000","35,759,000","34,001,000","33,177,000","31,891,000","31,167,000","28,709,000","28,586,000","27,481,000","22,627,000","20,269,000","19,300,000","17,700,000","16,100,000","15,200,000","15,000,000","11,600,000","9,600,000","7,600,000","9,900,000","6,900,000","5,100,000","4,800,000","-9,800,000","5,900,000","4,900,000","5,800,000","5,700,000","4,900,000","3,600,000","4,900,000","5,400,000","4,900,000","4,600,000","4,400,000","5,000,000","4,300,000","3,600,000","3,100,000","3,700,000","1,700,000","3,400,000","4,200,000","3,900,000","1,000,000","3,700,000","3,500,000","3,100,000","3,000,000","3,000,000","2,900,000","2,800,000","3,100,000","3,000,000",,,,,,,,,,,,,,,
NormalizedIncome,"608,362,913.57","190,684,041","145,708,662.635","138,495,225","133,485,071","129,213,032","125,058,405.998","110,486,064","99,606,399","112,373,365","127,889,580.135","131,672,479","126,360,051","112,984,659","115,924,914.352","128,246,554","121,786,671","140,199,210","121,957,321.229","101,272,665","91,739,124","88,497,570","88,749,524.408","86,574,248","80,843,000","75,770,080","81,316,771.745","79,923,204","86,264,472","82,646,514","76,719,940.446","84,295,134","82,561,587","71,154,762","65,501,386.561","66,812,475","55,596,460","57,342,808","52,361,280.956","48,474,441.683","49,134,283.117","47,951,201.689","44,756,900.485","50,171,855.701","54,875,785.849","53,144,701.532","51,649,500.146","50,555,644.674","50,573,103.121","59,420,000","48,503,298.821","41,456,942.495","43,409,754.016","63,362,312.408","48,034,100","61,203,613.664","63,333,724.276","64,072,601.925","68,736,398.528","73,431,523.007","68,288,939.064","63,575,447.587","63,956,219.879","62,068,116.293","57,501,999.061","54,053,988.517","50,977,463.123","48,675,662.011","44,233,685.024","43,437,854.721","43,563,271.241","42,775,412.316","40,339,540.297","37,537,936.313","40,368,686.149","35,078,324.927","36,518,185.739","35,154,780.285","36,877,373.037","35,369,374.434","35,759,000","34,001,000","33,177,000","31,891,000","31,167,000","28,709,000","27,240,616.002","26,332,134.983","21,537,685.034","19,182,108.898","16,832,764.505","16,716,666.667","14,748,091.603","13,969,230.769","13,313,793.103","10,913,978.495","8,927,388.535","7,174,400","9,717,791.411","6,775,675.676","4,920,000","4,800,000","6,378,504.673","5,648,936.17","4,165,000","5,740,000","5,457,446.809","4,840,000","4,500,000","4,780,000","5,277,272.727","4,838,750","4,539,473.684","4,338,888.889","4,938,271.605","4,238,571.429","3,537,931.034","3,038,000","2,036,363.636","1,574,074.074","3,337,037.037","4,138,235.294","3,838,095.238","3,377,192.982","3,578,688.525","3,379,310.345","2,976,000","2,872,340.426","3,000,000","2,900,000","2,866,666.667","3,100,000","2,937,500",,,,,,,,,,,,,,,
InterestIncome,"3,552,000","848,000","934,000","892,000","878,000","945,000","986,000","1,009,000","1,370,000","3,203,000","3,845,000","4,167,000","4,313,000","4,257,000","4,251,000","3,482,000","3,162,000","2,502,000","2,129,000","1,899,000","1,686,000","1,343,000","1,174,000","1,026,000","1,033,000","1,083,000","788,000","846,000","755,000","969,000","1,106,000","750,000","721,000","777,000","828,000","679,000","688,000","1,053,000","1,279,000","1,490,000","1,440,000","1,487,000","1,449,000","1,400,000","1,436,000","1,544,000","1,503,000","1,621,000","1,502,000","1,700,000","1,736,000","1,897,000","1,937,000","1,711,000",,,,,,,,,,,,,,,,,,,,,,,,,,,,,,,,,,,,,,,,,,,,,,,,,,,,,,,,,,,,,,,,,,,,,,,,,,,,,,,,,,,,,,,,,,,,,,
InterestExpense,"690,000","250,000","209,000","101,000","130,000","123,000","153,000","153,000","151,000","152,000","153,000","154,000","166,000","157,000","134,000","122,000","132,000","257,000","210,000","345,000","114,000","112,000","115,000","115,000","187,000","114,000","141,000","115,000","114,000","113,000","116,000","115,000","114,000","113,000","113,000","195,000","114,000","113,000","115,000","115,000","113,000","161,000","100,000","126,000","155,000","204,000","256,000","336,000","415,000","471,000","860,000","1,034,000","1,051,000","799,000",,,,,,,,,,,,,,,,,,,,,,,,,,,,,,,,,,,,,,,,,,,,,,,,,,,,,,,,,,,,,,,,,,,,,,,,,,,,,,,,,,,,,,,,,,,,,,
NetInterestIncome,"2,862,000","598,000","725,000","791,000","748,000","822,000","833,000","856,000","1,219,000","3,051,000","3,692,000","4,013,000","4,147,000","4,100,000","4,117,000","3,360,000","3,030,000","2,245,000","1,919,000","1,554,000","1,572,000","1,231,000","1,059,000","911,000","846,000","969,000","647,000","731,000","641,000","856,000","990,000","635,000","607,000","664,000","715,000","484,000","574,000","940,000","1,164,000","1,375,000","1,327,000","1,326,000","1,349,000","1,274,000","1,281,000","1,340,000","1,247,000","1,285,000","1,087,000","1,229,000","876,000","863,000","886,000","912,000",,,,,,,,,,,,,,,,,,,,,,,,,,,,,,,,,,,,,,,,,,,,,,,,,,,,,,,,,,,,,,,,,,,,,,,,,,,,,,,,,,,,,,,,,,,,,,
EBIT,"774,389,000","247,617,000","177,984,000","176,447,000","172,341,000","167,464,000","156,666,000","141,427,000","131,861,000","139,349,000","160,121,000","163,024,000","162,512,000","146,414,000","143,733,000","157,717,000","154,386,000","159,015,000","152,662,000","141,114,000","135,272,000","128,772,000","133,168,000","131,005,000","125,091,000","119,752,000","115,223,000","120,703,000","133,924,000","131,113,000","115,641,000","128,733,000","128,968,000","116,778,000","101,176,000","94,181,000","129,501,000","111,075,000","87,659,000","83,616,000","78,614,000","80,111,000","68,703,000","75,026,000","82,975,000","92,368,000","96,436,000","91,368,000","86,857,000","96,598,000","103,065,000","112,816,000","89,390,000","60,791,000","-170,262,000","124,949,000","135,194,000","138,511,000","145,843,000","155,278,000","153,675,000","139,179,000","131,267,000","128,565,000","119,962,000","118,657,000","56,625,000","53,300,000","50,399,000","51,629,000","53,126,000","54,553,000","52,198,000","49,573,000","53,271,000","49,138,000","52,259,000","51,513,000","53,810,000","52,640,000","52,747,000","50,622,000","49,014,000","46,629,000","45,910,000","41,633,000","42,078,000","41,105,000","34,224,000","30,552,000","27,300,000","27,200,000","24,600,000","23,300,000","22,200,000","18,000,000","15,100,000","12,400,000","16,800,000","11,600,000","8,900,000","8,200,000","10,600,000","9,000,000","6,900,000","9,700,000","9,100,000","8,700,000","7,300,000","7,900,000","8,500,000","8,000,000","7,500,000","7,000,000","8,000,000","6,900,000","5,900,000","4,900,000","3,400,000","2,600,000","5,200,000","6,700,000","6,400,000","5,500,000","5,800,000","5,600,000","4,600,000","4,500,000","4,900,000","5,000,000","4,300,000","5,000,000","4,600,000","32,800,000","-79,900,000","33,200,000","32,300,000","33,300,000","-75,200,000","29,900,000","30,400,000","29,900,000","-83,800,000","27,600,000","30,400,000","28,700,000","-70,000,000","26,900,000"
EBITDA,"869,346,000"
ReconciledCostOfRevenue,"858,356,000","221,159,000","218,965,000","213,155,000","205,077,000","193,127,000","189,984,000","186,913,000","176,902,000","184,265,000","184,736,000","182,755,000","179,569,000","182,268,000","184,911,000","180,523,000","180,561,000","178,200,000","182,751,000","175,440,000","164,781,000","164,066,000","168,048,000","158,106,000","155,922,000","155,982,000","157,999,000","154,179,000","153,359,000","146,184,000","149,236,000","147,734,000","143,250,000","142,968,000","140,712,000","133,580,000","130,511,000","130,543,000","375,693,000","38,265,000","25,884,000","28,467,000","37,695,000","36,929,000","37,914,000","44,616,000","115,577,000","109,163,000","114,072,000","103,844,000","75,164,000","121,276,000","114,347,000","114,421,000","-9,870,000","160,806,000","164,414,000","129,187,000","36,920,000","166,760,000","164,432,000","158,561,000","131,299,000","112,396,000","113,174,000","106,468,000","102,814,000","99,633,000","97,080,000","94,427,000","89,009,000","78,961,000","74,596,000","78,732,000","78,135,000","70,733,000","68,204,000","66,552,000","65,152,000","61,957,000","68,187,000","68,736,000","73,028,000","72,357,000","77,314,000","76,029,000","66,919,000","67,753,000","64,818,000","62,229,000","54,300,000","48,300,000","49,600,000","47,300,000","48,400,000","37,700,000","38,600,000","40,600,000","40,200,000","32,100,000","33,200,000","28,900,000","28,900,000","28,000,000","31,600,000","31,200,000","28,100,000","25,600,000","27,100,000","32,500,000","36,700,000","34,000,000","34,300,000","34,700,000","36,600,000","36,700,000","33,200,000","32,600,000","29,500,000","27,700,000","25,800,000","-4,000,000","25,000,000","24,600,000","22,200,000","20,500,000","21,500,000","19,000,000","19,800,000","19,400,000","20,200,000","17,400,000","17,900,000",,,,,,,,,,,,,,,
ReconciledDepreciation,"94,957,000","24,985,000","23,743,000","23,082,000","23,147,000","22,661,000","21,459,000","21,145,000","20,780,000","20,550,000","20,286,000","20,356,000","20,203,000","20,010,000","19,752,000","19,660,000","19,299,000","18,976,000","16,907,000","20,693,000","19,164,000","18,822,000","18,691,000","17,964,000","17,718,000","17,459,000","16,922,000","16,945,000","16,454,000","16,353,000","16,022,000","15,392,000","14,915,000","14,798,000","14,551,000","14,445,000","14,157,000","13,946,000","13,608,000","16,145,000","13,037,000","13,054,000","12,380,000","12,354,000","12,183,000","11,842,000","11,663,000","11,600,000","11,581,000","11,106,000","20,451,000","20,364,000","12,762,000","12,562,000","12,266,000","11,675,000","11,498,000","11,520,000","11,269,000","10,991,000","7,451,000","7,425,000","12,715,000","5,513,000","5,471,000","5,448,000","4,257,000","4,692,000","4,356,000","4,280,000","4,133,000","3,834,000","4,014,000","4,202,000","4,118,000","4,043,000","4,247,000","4,380,000","4,446,000","4,614,000","4,567,000","4,433,000","5,123,000","4,911,000","4,881,000","4,735,000","4,512,000","4,394,000","4,346,000","4,053,000","4,200,000","4,300,000","3,800,000","3,500,000","4,300,000","4,100,000","3,700,000","3,600,000","2,100,000","4,300,000","4,300,000","3,400,000","2,300,000","2,300,000","2,800,000","2,600,000","2,500,000","3,200,000","2,200,000","3,700,000","3,700,000","4,000,000","4,000,000","4,000,000","4,300,000","4,100,000","3,800,000","3,900,000","4,300,000","4,100,000","3,900,000","4,000,000","4,000,000","3,500,000","4,100,000","4,200,000","4,100,000","4,100,000","4,200,000","4,100,000","3,900,000","3,700,000","3,100,000",,,,,,,,,,,,,,,
NetIncomeFromContinuingOperationNetMinorityInterest,"607,431,000","190,308,000","145,300,000","138,045,000","133,778,000","129,470,000","125,882,000","111,096,000","101,066,000","109,242,000","128,737,000","132,168,000","126,540,000","113,981,000","116,034,000","128,319,000","121,677,000","139,838,000","122,144,000","101,739,000","91,769,000","88,737,000","88,611,000","86,704,000","81,005,000","77,497,000","81,379,000","79,425,000","86,240,000","84,611,000","77,097,000","83,983,000","82,813,000","74,820,000","65,515,000","67,195,000","83,494,000","71,920,000","56,585,000","50,743,000","49,555,000","49,965,000","44,396,000","49,232,000","53,603,000","57,728,000","62,400,000","56,389,000","53,478,000","59,420,000","45,837,000","52,727,000","41,571,000","51,063,000","9,649,000","34,495,000","46,164,000","48,946,000","53,632,000","73,299,000","69,501,000","63,377,000","63,624,000","60,549,000","57,911,000","54,906,000","51,255,000","49,196,000","44,184,000","43,709,000","43,001,000","45,407,000","41,204,000","39,409,000","38,223,000","35,399,000","34,271,000","35,088,000","35,029,000","35,731,000","35,759,000","34,001,000","33,177,000","31,891,000","31,167,000","28,709,000","28,586,000","27,481,000","22,627,000","20,269,000","18,000,000","17,700,000","16,100,000","15,200,000","14,300,000","11,600,000","9,600,000","7,600,000","9,900,000","6,900,000","5,100,000","4,800,000","6,500,000","5,900,000","4,900,000","5,800,000","5,700,000","4,900,000","4,500,000","4,900,000","5,400,000","4,900,000","4,600,000","4,400,000","5,000,000","4,300,000","3,600,000","3,100,000","2,100,000","1,700,000","3,400,000","4,200,000","3,900,000","3,500,000","3,700,000","3,500,000","3,100,000","3,000,000","3,000,000","2,900,000","2,800,000","3,100,000","3,000,000",,,,,,,,,,,,,,,
TotalUnusualItemsExcludingGoodwill,"-1,187,000","-489,000","-500,000","-575,000","377,000","332,000","1,024,000","776,000","1,903,000","-3,989,000","1,053,000","611,000","231,000","1,279,000","135,000","89,000","-139,000","-410,000","233,000","645,000","44,000","347,000","-208,000","196,000","250,000","2,665,000","88,000","-756,000","-38,000","3,041,000","565,000","-478,000","391,000","5,718,000","21,000","535,000","43,252,000","22,392,000","6,490,000","3,708,000","664,000","3,205,000","-552,000","-1,418,000","-1,948,000","7,278,000","16,438,000","9,362,000","4,664,000","17,479,000","-3,559,000","15,616,000","-2,533,000","-14,450,000","-59,054,000","-42,047,000","-27,294,000","-24,046,000","-23,880,000","-202,000","1,955,000","-316,000","-512,000","-2,226,000","602,000","1,346,000","435,000","811,000","-78,000","427,000","-882,000","4,128,000","1,356,000","2,935,000","-3,256,000","509,000","-3,567,000","-106,000","-2,934,000","574,000",,,,,,,"2,170,000","1,853,000","1,757,000","1,753,000","1,900,000","1,600,000","2,200,000","2,000,000","1,600,000","1,100,000","1,100,000","700,000","300,000","200,000","300,000",,"200,000","400,000","1,200,000","100,000","400,000","100,000",,"200,000","200,000","100,000","100,000","100,000","100,000","100,000","100,000","100,000","100,000","200,000","100,000","100,000","100,000","200,000","200,000","200,000","200,000","200,000",,,"-100,000",,"100,000",,,,,,,,,,,,,,,
TotalUnusualItems,"-1,187,000","-489,000","-500,000","-575,000","377,000","332,000","1,024,000","776,000","1,903,000","-3,989,000","1,053,000","611,000","231,000","1,279,000","135,000","89,000","-139,000","-410,000","233,000","645,000","44,000","347,000","-208,000","196,000","250,000","2,665,000","88,000","-756,000","-38,000","3,041,000","565,000","-478,000","391,000","5,718,000","21,000","535,000","43,252,000","22,392,000","6,490,000","3,708,000","664,000","3,205,000","-552,000","-1,418,000","-1,948,000","7,278,000","16,438,000","9,362,000","4,664,000","17,479,000","-3,559,000","15,616,000","-2,533,000","-14,450,000","-59,054,000","-42,047,000","-27,294,000","-24,046,000","-23,880,000","-202,000","1,955,000","-316,000","-512,000","-2,226,000","602,000","1,346,000","435,000","811,000","-78,000","427,000","-882,000","4,128,000","1,356,000","2,935,000","-3,256,000","509,000","-3,567,000","-106,000","-2,934,000","574,000",,,,,,,"2,170,000","1,853,000","1,757,000","1,753,000","1,900,000","1,600,000","2,200,000","2,000,000","1,600,000","1,100,000","1,100,000","700,000","300,000","200,000","300,000",,"200,000","400,000","1,200,000","100,000","400,000","100,000",,"200,000","200,000","100,000","100,000","100,000","100,000","100,000","100,000","100,000","100,000","200,000","100,000","100,000","100,000","200,000","200,000","200,000","200,000","200,000",,,"-100,000",,"100,000",,,,,,,,,,,,,,,
NormalizedEBITDA,"870,533,000","273,091,000","202,227,000","200,104,000","195,111,000","189,793,000","177,101,000","161,796,000","150,738,000","163,888,000","179,354,000","182,769,000","182,484,000","165,145,000","163,350,000","177,288,000","173,824,000","178,401,000","169,336,000","161,162,000","154,392,000","147,247,000","152,067,000","148,773,000","142,559,000","134,546,000","132,057,000","138,404,000","150,416,000","144,425,000","131,098,000","144,603,000","143,492,000","125,858,000","115,706,000","108,091,000","100,406,000","102,629,000","94,777,000","96,053,000","90,987,000","89,960,000","81,635,000","88,798,000","97,106,000","96,932,000","91,661,000","93,606,000","93,774,000","107,704,000","127,075,000","117,564,000","104,685,000","87,803,000","-98,942,000","178,671,000","173,986,000","174,077,000","180,992,000","166,471,000","159,171,000","146,920,000","144,494,000","136,304,000","124,831,000","122,759,000","60,447,000","57,181,000","54,833,000","55,482,000","58,141,000","54,259,000","54,856,000","50,840,000","60,645,000","52,672,000","60,073,000","55,999,000","61,190,000","56,680,000","57,314,000","55,055,000","54,137,000","51,540,000","50,791,000","46,368,000","44,420,000","43,646,000","36,813,000","32,852,000","29,600,000","29,900,000","26,200,000","24,800,000","24,900,000","21,000,000","17,700,000","15,300,000","18,600,000","15,700,000","12,900,000","11,600,000","12,700,000","10,900,000","8,500,000","12,200,000","11,200,000","11,800,000","10,300,000","11,400,000","12,000,000","11,900,000","11,400,000","10,900,000","12,200,000","10,900,000","9,600,000","8,700,000","7,600,000","6,500,000","13,000,000","10,600,000","10,300,000","8,800,000","9,700,000","9,600,000","8,500,000","8,500,000","9,100,000","9,100,000","8,300,000","8,700,000","7,600,000","32,800,000","-79,900,000","33,200,000","32,300,000","33,300,000","-75,200,000","29,900,000","30,400,000","29,900,000","-83,800,000","27,600,000","30,400,000","28,700,000","-70,000,000","26,900,000"
TaxRateForCalcs,"0.215","0.231","0.183","0.217","0.223","0.226","0.196","0.214","0.233","0.215","0.195","0.189","0.221","0.221","0.192","0.186","0.211","0.119","0.199","0.277","0.321","0.31","0.334","0.338","0.352","0.352","0.293","0.341","0.356","0.354","0.333","0.347","0.357","0.359","0.352","0.285","0.355","0.349","0.349","0.388","0.366","0.372","0.346","0.337","0.347","0.37","0.346","0.377","0.377","0.377","0.251","0.278","0.274","0.149","0.35","0.365","0.371","0.371","0.367","0.344","0.38","0.372","0.351","0.318","0.321","0.367","0.362","0.358","0.363","0.365","0.363","0.363","0.362","0.363","0.341","0.37","0.37","0.37","0.37","0.37","0.37","0.37","0.37","0.37","0.37","0.37","0.38","0.38","0.38","0.38","0.386","0.385","0.385","0.385","0.384","0.376","0.389","0.392","0.393","0.378","0.4","0.4","0.393","0.372","0.388","0.4","0.394","0.4","0.4","0.4","0.386","0.388","0.395","0.389","0.383","0.386","0.379","0.38","0.364","0.37","0.37","0.382","0.381","0.386","0.393","0.397","0.38","0.362","0.388","0.4","0.333","0.38","0.375",,,,,,,,,,,,,,,
TaxEffectOfUnusualItems,"-255,086.43","-112,959","-91,337.365","-124,775","84,071","75,032","200,405.998","166,064","443,399","-857,635","205,580.135","115,479","51,051","282,659","25,914.352","16,554","-29,329","-48,790","46,321.229","178,665","14,124","107,570","-69,475.592","66,248","88,000","938,080","25,771.745","-257,796","-13,528","1,076,514","187,940.446","-165,866","139,587","2,052,762","7,386.561","152,475","15,354,460","7,814,808","2,266,280.956","1,439,441.683","243,283.117","1,191,201.689","-191,099.515","-478,144.299","-675,214.151","2,694,701.532","5,687,500.146","3,528,644.674","1,759,103.121","0","-892,701.179","4,345,942.495","-694,245.984","-2,150,687.592","-20,668,900","-15,338,386.336","-10,124,275.724","-8,919,398.075","-8,775,601.472","-69,476.993","742,939.064","-117,552.413","-179,780.121","-706,883.707","192,999.061","493,988.517","157,463.123","290,662.011","-28,314.976","155,854.721","-319,728.759","1,496,412.316","491,540.297","1,063,936.313","-1,110,313.851","188,324.927","-1,319,814.261","-39,219.715","-1,085,626.963","212,374.434","0","0","0","0","0","0","824,616.002","704,134.983","667,685.034","666,108.898","732,764.505","616,666.667","848,091.603","769,230.769","613,793.103","413,978.495","427,388.535","274,400","117,791.411","75,675.676","120,000","0","78,504.673","148,936.17","465,000","40,000","157,446.809","40,000","0","80,000","77,272.727","38,750","39,473.684","38,888.889","38,271.605","38,571.429","37,931.034","38,000","36,363.636","74,074.074","37,037.037","38,235.294","38,095.238","77,192.982","78,688.525","79,310.345","76,000","72,340.426","0","0","-33,333.333","0","37,500",,,,,,,,,,,,,,,