name,ttm,03/31/2022,12/31/2021,09/30/2021,06/30/2021,03/31/2021,12/31/2020,09/30/2020,06/30/2020,03/31/2020,12/31/2019,09/30/2019,06/30/2019,03/31/2019,12/31/2018,09/30/2018,06/30/2018,03/31/2018,12/31/2017,09/30/2017,06/30/2017,03/31/2017,12/31/2016,09/30/2016,06/30/2016,03/31/2016,12/31/2015,09/30/2015,06/30/2015,03/31/2015,12/31/2014,09/30/2014,06/30/2014,03/31/2014,12/31/2013,09/30/2013,06/30/2013,03/31/2013
TotalRevenue,"552,000,000","135,000,000","141,000,000","128,000,000","148,000,000","139,000,000","130,000,000","110,000,000","120,000,000","121,000,000","126,000,000","125,000,000","121,000,000","131,000,000","142,300,000","153,500,000","129,300,000","99,600,000","204,500,000","94,400,000","86,800,000","70,200,000","75,600,000","67,900,000","71,100,000","76,700,000","144,800,000","72,400,000","57,600,000","51,700,000","55,600,000","46,900,000","43,400,000","36,100,000","17,500,000","20,200,000","26,900,000","27,000,000"
	OperatingRevenue,"552,000,000","135,000,000","141,000,000","128,000,000","148,000,000","139,000,000","130,000,000","110,000,000","120,000,000","121,000,000","126,000,000","125,000,000","121,000,000","131,000,000","142,300,000","153,500,000","129,300,000","99,600,000","204,500,000","94,400,000","86,800,000","70,200,000","75,600,000","67,900,000","71,100,000","76,700,000","144,800,000","72,400,000","57,600,000","51,700,000","55,600,000","46,900,000","43,400,000","36,100,000","17,500,000","20,200,000","26,900,000","27,000,000"
CostOfRevenue,"83,000,000","21,000,000","22,000,000","21,000,000","19,000,000","17,000,000","15,000,000","16,000,000","15,000,000","28,000,000","23,000,000","22,000,000","19,000,000","21,000,000","21,500,000","25,400,000","13,800,000","17,900,000","17,000,000","8,900,000","9,600,000","6,200,000","6,000,000","6,000,000","5,800,000","5,900,000","11,200,000","3,500,000","3,500,000","3,400,000","3,400,000","2,900,000","2,500,000","2,800,000","2,000,000","1,600,000","1,700,000","1,600,000"
GrossProfit,"469,000,000","114,000,000","119,000,000","107,000,000","129,000,000","122,000,000","115,000,000","94,000,000","105,000,000","93,000,000","103,000,000","103,000,000","102,000,000","110,000,000","120,800,000","128,100,000","115,500,000","81,700,000","187,500,000","85,500,000","77,200,000","64,000,000","69,600,000","61,900,000","65,300,000","70,800,000","133,600,000","68,900,000","54,100,000","48,300,000","52,200,000","44,000,000","40,900,000","33,300,000","15,500,000","18,600,000","25,200,000","25,400,000"
OperatingExpense,"246,000,000","59,000,000","65,000,000","58,000,000","64,000,000","55,000,000","67,000,000","59,000,000","64,000,000","48,000,000","50,000,000","54,000,000","54,000,000","45,000,000","48,100,000","50,200,000","58,800,000","76,800,000","92,000,000","47,400,000","44,400,000","32,200,000","28,100,000","25,900,000","27,200,000","25,800,000","44,000,000","20,000,000","22,500,000","20,600,000","23,800,000","12,700,000","14,500,000","18,300,000","12,600,000","17,000,000","14,200,000","25,200,000"
	SellingGeneralAndAdministration,"52,000,000","13,000,000","13,000,000","13,000,000","13,000,000","12,000,000","9,000,000","14,000,000","18,000,000","15,000,000","15,000,000","16,000,000","17,000,000","12,000,000","14,900,000","13,700,000","16,100,000","14,800,000","27,000,000","9,600,000","11,000,000","8,000,000","7,700,000","7,900,000","7,800,000","7,800,000","13,500,000","6,500,000","8,200,000","6,600,000","5,700,000","2,800,000","5,500,000","2,800,000","3,500,000","2,700,000","3,400,000","2,600,000"
		GeneralAndAdministrativeExpense,"52,000,000","13,000,000","13,000,000","13,000,000","13,000,000","12,000,000","9,000,000","14,000,000","18,000,000","15,000,000","15,000,000","16,000,000","17,000,000","12,000,000","14,900,000","13,700,000","16,100,000","14,800,000","27,000,000","9,600,000","11,000,000","8,000,000","7,700,000","7,900,000","7,800,000","7,800,000","13,500,000","6,500,000","8,200,000","6,600,000","5,700,000","2,800,000","5,500,000","2,800,000","3,500,000","2,700,000","3,400,000","2,600,000"
			OtherGandA,"52,000,000","13,000,000","13,000,000","13,000,000","13,000,000","12,000,000","9,000,000","14,000,000","18,000,000","15,000,000","15,000,000","16,000,000","17,000,000","12,000,000","14,900,000","13,700,000","16,100,000","14,800,000","27,000,000","9,600,000","11,000,000","8,000,000","7,700,000","7,900,000","7,800,000","7,800,000","13,500,000","6,500,000","8,200,000","6,600,000","5,700,000","2,800,000","5,500,000","2,800,000","3,500,000","2,700,000","3,400,000","2,600,000"
	OtherTaxes,"19,000,000","5,000,000","5,000,000","3,000,000","6,000,000","5,000,000","5,000,000","6,000,000","4,000,000","5,000,000","3,000,000","5,000,000","5,000,000","4,000,000","3,400,000","2,500,000","4,500,000","5,500,000","6,200,000","3,600,000","3,400,000","2,800,000","1,800,000","1,300,000","1,900,000","3,200,000","400,000","700,000","3,200,000","3,200,000","1,200,000","1,200,000","-200,000","3,300,000","1,100,000","1,000,000","1,200,000","1,300,000"
	OtherOperatingExpenses,"2,000,000",,,,,,,,,,"0",,,"2,000,000",,,,,,,,,,,,,,,,,,,,,,,,
OperatingIncome,"223,000,000","55,000,000","54,000,000","49,000,000","65,000,000","67,000,000","48,000,000","35,000,000","41,000,000","45,000,000","53,000,000","49,000,000","48,000,000","65,000,000","72,700,000","77,900,000","56,700,000","4,900,000","95,500,000","38,100,000","32,800,000","31,800,000","41,500,000","36,000,000","38,100,000","45,000,000","89,600,000","48,900,000","31,600,000","27,700,000","28,400,000","31,300,000","26,400,000","15,000,000","2,900,000","1,600,000","11,000,000","200,000"
NetNonOperatingInterestIncomeExpense,"-55,000,000","-13,000,000","-14,000,000","-14,000,000","-14,000,000","-13,000,000","-15,000,000","-14,000,000","-17,000,000","-24,000,000","-25,000,000","-26,000,000","-21,000,000","-20,000,000","-19,600,000","-19,000,000","-13,300,000","-10,600,000","-10,200,000","-9,700,000","-7,500,000","-4,800,000","-4,500,000","-2,800,000","-2,000,000","-3,000,000","-2,100,000","-1,700,000","-300,000","-200,000","-100,000","-100,000","0",,,"0",,
	InterestIncomeNonOperating,"30,000,000","8,000,000","7,000,000","8,000,000","7,000,000","8,000,000","7,000,000","8,000,000","7,000,000",,,,,,,,,,,,,,,,,,,,,,,,,,,,,
	InterestExpenseNonOperating,"85,000,000","21,000,000","21,000,000","22,000,000","21,000,000","21,000,000","22,000,000","22,000,000","24,000,000","24,000,000","25,000,000","26,000,000","21,000,000","20,000,000","19,600,000","19,000,000","13,300,000","10,600,000","10,200,000","9,700,000","7,500,000","4,800,000","4,500,000","2,800,000","2,000,000","3,000,000","2,100,000","1,700,000","300,000","200,000","100,000","100,000","0",,,"0",,
	TotalOtherFinanceCost,"92,000,000",,,,,,,,,,"25,000,000","26,000,000","21,000,000",,"19,600,000","19,000,000","13,300,000","10,600,000","10,200,000","9,700,000","7,500,000","4,800,000","4,500,000","2,800,000","2,000,000","3,000,000","2,100,000","1,700,000","300,000","200,000","100,000","100,000",,,,,,
OtherIncomeExpense,"393,000,000","118,000,000","66,000,000","94,000,000","115,000,000","113,000,000","100,000,000","116,000,000","120,000,000","121,000,000","116,000,000","123,000,000","92,000,000","92,000,000","95,100,000","95,400,000","72,100,000","70,500,000","88,400,000","46,100,000","43,400,000","46,000,000","35,300,000","25,600,000","30,200,000","26,000,000","24,200,000","26,900,000","14,100,000","14,100,000","7,500,000","-200,000",,,"0","20,800,000",,
	GainOnSaleOfSecurity,"14,000,000",,,,,,,,,,"0",,,"14,000,000","14,200,000","14,900,000","12,800,000","24,900,000","19,100,000","4,800,000","6,200,000","7,300,000","4,500,000","4,200,000","4,600,000","2,800,000","2,600,000","2,700,000","2,300,000","1,600,000",,,,,,,,
	EarningsFromEquityInterest,"358,000,000","108,000,000","59,000,000","86,000,000","105,000,000","102,000,000","87,000,000","109,000,000","109,000,000","112,000,000","108,000,000","115,000,000","80,000,000","70,000,000","73,600,000","72,700,000","48,400,000","40,200,000","69,500,000","41,200,000","37,200,000","38,700,000","30,900,000","21,400,000","25,600,000","23,200,000","22,700,000","24,100,000","10,800,000","12,500,000",,,"0",,,,,
	SpecialIncomeCharges,"0","0","0","0","0","-3,000,000",,,,,,,,,,,,,,,,,,,,,,"0",,,"0","-200,000",,,"0","20,800,000",,
		ImpairmentOfCapitalAssets,"0","0","0","0","0","3,000,000",,,,,,,,,,,,,,,,,,,,,,,,,,,,,,,,
		GainOnSaleOfPPE,,,,,,,,,,,,,,,,,,,,,,,,,,,,"0",,,"0","-200,000",,,"0","20,800,000",,
	OtherNonOperatingIncomeExpenses,"35,000,000","10,000,000","7,000,000","8,000,000","10,000,000","14,000,000","13,000,000","7,000,000","11,000,000","9,000,000","8,000,000","8,000,000","12,000,000","8,000,000","7,300,000","7,800,000","10,900,000","5,400,000",,"100,000",,,,,,,,"100,000","1,000,000",,,,,,,,,
PretaxIncome,"561,000,000","160,000,000","106,000,000","129,000,000","166,000,000","167,000,000","133,000,000","137,000,000","144,000,000","142,000,000","144,000,000","146,000,000","119,000,000","137,000,000","148,200,000","154,300,000","115,500,000","64,800,000","173,700,000","74,500,000","68,700,000","73,000,000","72,300,000","58,800,000","66,300,000","68,000,000","111,700,000","74,100,000","45,400,000","41,600,000","35,800,000","31,000,000","26,400,000","15,000,000","2,900,000","22,400,000","11,000,000","200,000"
TaxProvision,"0","0","0","0","0","0","0","0","0",,"0","0","0","0","200,000","100,000","100,000",,"100,000","0","0","0","0","0","0","0","-100,000","-300,000","100,000","200,000",,,"0",,,,,
NetIncomeCommonStockholders,"503,000,000","146,000,000","92,000,000","115,000,000","150,000,000","151,000,000","117,000,000","123,000,000","129,000,000","83,000,000","86,000,000","105,000,000","85,000,000","105,000,000","101,300,000","112,300,000","79,100,000","37,000,000","65,800,000","55,000,000","51,200,000","58,700,000","59,800,000","49,100,000","58,800,000","52,200,000","54,700,000","52,800,000","31,500,000","23,100,000","-59,400,000","31,000,000","26,400,000","15,000,000","2,900,000","22,400,000","11,000,000","200,000"
	NetIncome,"551,000,000","158,000,000","104,000,000","127,000,000","162,000,000","163,000,000","129,000,000","135,000,000","141,000,000","138,000,000","140,000,000","141,000,000","115,000,000","132,000,000","141,100,000","148,300,000","110,700,000","64,000,000","86,400,000","72,600,000","65,500,000","70,800,000","69,500,000","56,300,000","63,800,000","55,300,000","57,000,000","54,300,000","32,200,000","23,600,000","-59,400,000","31,000,000","26,400,000","15,000,000","2,900,000","22,400,000","11,000,000","200,000"
		NetIncomeIncludingNoncontrollingInterests,"561,000,000","160,000,000","106,000,000","129,000,000","166,000,000","167,000,000","133,000,000","137,000,000","144,000,000","142,000,000","144,000,000","146,000,000","119,000,000","137,000,000","148,000,000","154,200,000","115,400,000","64,800,000","173,600,000","74,500,000","68,700,000","73,000,000","72,300,000","58,800,000","66,300,000","68,000,000","111,800,000","74,400,000","45,300,000","41,400,000","35,600,000","31,000,000","26,400,000","15,000,000","2,900,000","22,400,000","11,000,000","200,000"
			NetIncomeContinuousOperations,"561,000,000","160,000,000","106,000,000","129,000,000","166,000,000","167,000,000","133,000,000","137,000,000","144,000,000","142,000,000","144,000,000","146,000,000","119,000,000","137,000,000","148,000,000","154,200,000","115,400,000","64,800,000","173,600,000","74,500,000","68,700,000","73,000,000","72,300,000","58,800,000","66,300,000","68,000,000","111,800,000","74,400,000","45,300,000","41,400,000","35,600,000","31,000,000","26,400,000","15,000,000","2,900,000","22,400,000","11,000,000","200,000"
		MinorityInterests,"-10,000,000","-2,000,000","-2,000,000","-2,000,000","-4,000,000","-4,000,000","-4,000,000","-2,000,000","-3,000,000","-4,000,000","-4,000,000","-5,000,000","-4,000,000","-5,000,000","-6,900,000","-5,900,000","-4,700,000","-800,000","-12,900,000","-1,900,000","-2,200,000","-2,200,000","-2,800,000","-2,500,000","-2,500,000","-12,700,000","-15,500,000","-20,100,000","-13,100,000","-17,800,000",,,,,,,,
	PreferredStockDividends,"48,000,000","12,000,000","12,000,000","12,000,000","12,000,000","12,000,000","12,000,000","12,000,000","12,000,000","55,000,000","54,000,000","36,000,000","30,000,000","27,000,000","39,800,000","36,000,000","31,600,000","27,000,000","20,600,000","17,600,000","14,300,000","12,100,000","9,700,000","7,200,000","5,000,000","3,100,000","2,300,000","1,500,000","700,000","500,000",,,,,,,,
AverageDilutionEarnings,,"12,000,000",,,"12,000,000","12,000,000",,,,,,,,,,,,,,,,,,,,,,,,,,,,,,,,
DilutedNIAvailtoComStockholders,"503,000,000","158,000,000","92,000,000","115,000,000","162,000,000","163,000,000","117,000,000","123,000,000","129,000,000","83,000,000","86,000,000","105,000,000","85,000,000","105,000,000","101,300,000","112,300,000","79,100,000","37,000,000","65,800,000","55,000,000","51,200,000","58,700,000","59,800,000","49,100,000","58,800,000","52,200,000","54,700,000","52,800,000","31,500,000","23,100,000","-59,400,000","31,000,000","26,400,000","15,000,000","2,900,000","22,400,000","11,000,000","200,000"
BasicEPS,,"0.37",,"0.29","0.38","0.38",,"0.31","0.33","0.36",,"0.45","0.38","0.47",,"0.5","0.35","0.18",,"0.31","0.29","0.33",,"0.28","0.35","0.36",,"0.37","0.22","0.17",,"0.23","0.196","0.111",,"0.166",,"0.001"
DilutedEPS,,"0.36",,"0.29","0.36","0.37",,"0.3","0.32","0.36",,"0.45","0.38","0.47",,"0.5","0.35","0.18",,"0.31","0.29","0.33",,"0.28","0.35","0.36",,"0.37","0.22","0.17",,"0.23","0.196","0.111",,"0.166",,"0.001"
BasicAverageShares,,"393,300,000",,"393,300,000","393,300,000","393,300,000",,"393,300,000","393,300,000","233,300,000",,"233,300,000","226,400,000","223,800,000",,"223,800,000","223,800,000","209,400,000",,"179,200,000","177,400,000","177,300,000",,"177,300,000","170,100,000","152,400,000",,"142,700,000","142,700,000","135,000,000",,"134,950,136","134,950,136","134,950,136",,"134,950,136",,"134,950,136"
DilutedAverageShares,,"444,100,000",,"444,100,000","444,100,000","444,100,000",,"444,100,000","444,100,000","233,300,000",,"233,300,000","226,400,000","223,800,000",,"223,800,000","223,800,000","209,400,000",,"179,200,000","177,400,000","177,300,000",,"177,300,000","170,100,000","152,400,000",,"142,700,000","142,700,000","135,000,000",,"134,950,136","134,950,136","134,950,136",,"134,950,136",,"134,950,136"
TotalOperatingIncomeAsReported,"223,000,000","55,000,000","54,000,000","49,000,000","65,000,000","64,000,000","48,000,000","35,000,000","41,000,000","45,000,000","53,000,000","49,000,000","48,000,000","65,000,000","72,700,000","77,900,000","56,700,000","4,900,000","95,400,000","38,100,000","32,800,000","31,800,000","41,400,000","36,000,000","38,100,000","45,000,000","89,600,000","48,900,000","31,600,000","27,700,000","28,400,000","31,100,000","26,400,000",,,"22,400,000",,
TotalExpenses,"329,000,000","80,000,000","87,000,000","79,000,000","83,000,000","72,000,000","82,000,000","75,000,000","79,000,000","76,000,000","73,000,000","76,000,000","73,000,000","66,000,000","69,600,000","75,600,000","72,600,000","94,700,000","109,000,000","56,300,000","54,000,000","38,400,000","34,100,000","31,900,000","33,000,000","31,700,000","55,200,000","23,500,000","26,000,000","24,000,000","27,200,000","15,600,000","17,000,000","21,100,000","14,600,000","18,600,000","15,900,000","26,800,000"
NetIncomeFromContinuingAndDiscontinuedOperation,"551,000,000","158,000,000","104,000,000","127,000,000","162,000,000","163,000,000","129,000,000","135,000,000","141,000,000","138,000,000","140,000,000","141,000,000","115,000,000","132,000,000","141,100,000","148,300,000","110,700,000","64,000,000","86,400,000","72,600,000","65,500,000","70,800,000","69,500,000","56,300,000","63,800,000","55,300,000","57,000,000","54,300,000","32,200,000","23,600,000","-59,400,000","31,000,000","26,400,000","15,000,000","2,900,000","22,400,000","11,000,000","200,000"
NormalizedIncome,"551,000,000","158,000,000","104,000,000","127,000,000","162,000,000","166,000,000","129,000,000","135,000,000","141,000,000","138,000,000","140,000,000","141,000,000","115,000,000","118,000,000","126,919,163.293","133,409,656.513","97,911,082.251","45,823,000","67,410,938.4","67,800,000","59,300,000","63,500,000","65,100,000","52,100,000","59,200,000","52,500,000","55,440,000","52,680,000","29,905,066.079","22,007,692.308","-59,920,000","31,130,000","26,400,000","15,000,000","2,900,000","8,880,000","11,000,000","200,000"
InterestIncome,"30,000,000","8,000,000","7,000,000","8,000,000","7,000,000","8,000,000","7,000,000","8,000,000","7,000,000",,,,,,,,,,,,,,,,,,,,,,,,,,,,,
InterestExpense,"85,000,000","21,000,000","21,000,000","22,000,000","21,000,000","21,000,000","22,000,000","22,000,000","24,000,000","24,000,000","25,000,000","26,000,000","21,000,000","20,000,000","19,600,000","19,000,000","13,300,000","10,600,000","10,200,000","9,700,000","7,500,000","4,800,000","4,500,000","2,800,000","2,000,000","3,000,000","2,100,000","1,700,000","300,000","200,000","100,000","100,000","0",,,"0",,
NetInterestIncome,"-55,000,000","-13,000,000","-14,000,000","-14,000,000","-14,000,000","-13,000,000","-15,000,000","-14,000,000","-17,000,000","-24,000,000","-25,000,000","-26,000,000","-21,000,000","-20,000,000","-19,600,000","-19,000,000","-13,300,000","-10,600,000","-10,200,000","-9,700,000","-7,500,000","-4,800,000","-4,500,000","-2,800,000","-2,000,000","-3,000,000","-2,100,000","-1,700,000","-300,000","-200,000","-100,000","-100,000","0",,,"0",,
EBIT,"646,000,000","181,000,000","127,000,000","151,000,000","187,000,000","188,000,000","155,000,000","159,000,000","168,000,000","166,000,000","169,000,000","172,000,000","140,000,000","157,000,000","167,800,000","173,300,000","128,800,000","75,400,000","183,900,000","84,200,000","76,200,000","77,800,000","76,800,000","61,600,000","68,300,000","71,000,000","113,800,000","75,800,000","45,700,000","41,800,000","35,900,000","31,100,000","26,400,000","15,000,000","-17,900,000","22,400,000","11,000,000","200,000"
EBITDA,"695,000,000"
ReconciledCostOfRevenue,"83,000,000","21,000,000","22,000,000","21,000,000","19,000,000","17,000,000","15,000,000","16,000,000","15,000,000","28,000,000","23,000,000","22,000,000","19,000,000","21,000,000","21,500,000","25,400,000","13,800,000","17,900,000","17,000,000","8,900,000","9,600,000","6,200,000","6,000,000","6,000,000","5,800,000","5,900,000","11,200,000","3,500,000","3,500,000","3,400,000","3,400,000","2,900,000","2,500,000","2,800,000","2,000,000","1,600,000","1,700,000","1,600,000"
ReconciledDepreciation,"49,000,000","12,000,000","13,000,000","12,000,000","12,000,000","13,000,000","11,000,000","13,000,000","13,000,000","13,000,000","13,000,000","12,000,000","12,000,000","12,000,000","11,500,000","11,600,000","11,400,000","11,400,000","17,000,000","8,900,000","12,900,000","6,200,000","6,000,000","6,000,000","5,800,000","5,900,000","11,200,000","3,500,000","3,500,000","3,400,000","3,400,000","2,900,000","2,500,000","2,800,000","2,000,000","1,600,000","1,700,000","1,600,000"
NetIncomeFromContinuingOperationNetMinorityInterest,"551,000,000","158,000,000","104,000,000","127,000,000","162,000,000","163,000,000","129,000,000","135,000,000","141,000,000","138,000,000","140,000,000","141,000,000","115,000,000","132,000,000","141,100,000","148,300,000","110,700,000","64,000,000","86,400,000","72,600,000","65,500,000","70,800,000","69,500,000","56,300,000","63,800,000","55,300,000","57,000,000","54,300,000","32,200,000","23,600,000","-59,400,000","31,000,000","26,400,000","15,000,000","2,900,000","22,400,000","11,000,000","200,000"
TotalUnusualItemsExcludingGoodwill,"0","0","0","0","0","-3,000,000",,,,,"0",,,"14,000,000","14,200,000","14,900,000","12,800,000","24,900,000","19,000,000","4,800,000","6,200,000","7,300,000","4,400,000","4,200,000","4,600,000","2,800,000","2,600,000","2,700,000","2,300,000","1,600,000","800,000","-200,000",,,"0","20,800,000",,
TotalUnusualItems,"0","0","0","0","0","-3,000,000",,,,,"0",,,"14,000,000","14,200,000","14,900,000","12,800,000","24,900,000","19,000,000","4,800,000","6,200,000","7,300,000","4,400,000","4,200,000","4,600,000","2,800,000","2,600,000","2,700,000","2,300,000","1,600,000","800,000","-200,000",,,"0","20,800,000",,
NormalizedEBITDA,"695,000,000","193,000,000","140,000,000","163,000,000","199,000,000","204,000,000","166,000,000","172,000,000","181,000,000","179,000,000","182,000,000","184,000,000","152,000,000","155,000,000","165,100,000","170,000,000","127,400,000","61,900,000","181,900,000","88,300,000","82,900,000","76,700,000","78,400,000","63,400,000","69,500,000","74,100,000","122,400,000","76,600,000","46,900,000","43,600,000","38,500,000","34,200,000","28,900,000","17,800,000","-15,900,000","3,200,000","12,700,000","1,800,000"
TaxRateForCalcs,"0","0","0","0","0","0","0","0","0","0.27","0","0","0","0","0.001","0.001","0.001","0.27","0.001","0","0","0","0","0","0","0","0.4","0.4","0.002","0.005","0.35","0.35","0","0.35","0.35","0.35","0.35","0.35"
TaxEffectOfUnusualItems,"0","0","0","0","0","0","0","0","0","0","0","0","0","0","19,163.293","9,656.513","11,082.251","6,723,000","10,938.4","0","0","0","0","0","0","0","1,040,000","1,080,000","5,066.079","7,692.308","280,000","-70,000","0","0","0","7,280,000","0","0"