name,ttm,03/31/2022,12/31/2021,09/30/2021,06/30/2021,03/31/2021,12/31/2020,09/30/2020,06/30/2020,03/31/2020,12/31/2019,09/30/2019,06/30/2019,03/31/2019,12/31/2018,09/30/2018,06/30/2018,03/31/2018,12/31/2017,09/30/2017,06/30/2017,03/31/2017,12/31/2016,09/30/2016,06/30/2016,03/31/2016,12/31/2015,09/30/2015,06/30/2015,03/31/2015,12/31/2014,09/30/2014,06/30/2014,03/31/2014,12/31/2013,09/30/2013,06/30/2013,03/31/2013,12/31/2012,09/30/2012,06/30/2012,03/31/2012,12/31/2011,09/30/2011,06/30/2011,03/31/2011,12/31/2010,09/30/2010,06/30/2010,03/31/2010,12/31/2009,09/30/2009,06/30/2009,03/31/2009,12/31/2008,09/30/2008,06/30/2008,03/31/2008,12/31/2007,09/30/2007,06/30/2007,03/31/2007,12/31/2006,09/30/2006,06/30/2006,03/31/2006,12/31/2005,09/30/2005,06/30/2005,03/31/2005,12/31/2004,09/30/2004,06/30/2004,03/31/2004,12/31/2003,09/30/2003
TotalRevenue,"630,832,000","172,315,000","173,886,000","167,421,000","117,210,000","50,633,000","37,360,000","28,910,000","10,424,000","191,212,000","272,952,000","281,639,000","302,896,000","257,680,000","280,852,000","289,308,000","317,447,000","271,446,000","290,190,000","303,909,000","318,796,000","280,743,000","289,584,000","303,304,000","322,160,000","274,292,000","300,933,000","324,595,000","339,267,000","284,385,000","289,880,000","307,783,000","300,852,000","243,483,000","243,895,000","250,370,000","234,638,000","194,921,000","186,245,000","221,079,000","237,840,000","205,221,000","245,083,000","212,334,000","218,254,000","162,575,000","123,615,000","177,710,000","181,032,000","160,733,000","181,091,000","176,016,000","186,814,000","188,616,000","250,345,000","239,152,000","255,236,000","248,747,000","245,394,000","267,038,000","271,398,000","239,846,000","246,380,000","227,013,000","248,801,000","212,227,000","220,424,000","181,893,000","132,194,000","116,557,000","125,314,000","134,798,000","118,599,000","112,971,000","119,018,000","122,069,000"
	OperatingRevenue,"546,054,000","148,355,000","152,465,000","145,399,000","99,835,000","39,190,000","26,575,000","18,375,000","4,082,000","175,390,000","253,243,000","261,608,000","284,439,000","240,971,000","258,331,000","271,568,000","299,596,000","254,542,000","273,522,000","284,589,000","302,274,000","265,868,000","268,179,000","286,571,000","305,474,000","258,531,000","281,433,000","302,158,000","318,943,000","265,475,000","271,206,000","288,150,000","283,673,000","228,038,000","229,160,000","234,788,000","221,102,000","182,251,000","134,117,000","221,079,000","237,840,000","205,221,000","245,083,000","212,334,000","218,254,000","162,575,000","123,615,000","177,710,000","181,032,000","160,733,000","181,091,000","176,016,000","186,814,000","188,616,000","250,345,000","239,152,000","255,236,000","249,340,000","290,548,000","267,898,000","272,194,000","240,525,000","248,501,000","227,629,000","249,314,000","213,325,000","220,889,000","182,803,000","133,592,000","116,863,000","124,796,000","135,100,000","118,599,000","112,971,000","119,018,000","122,069,000"
CostOfRevenue,"345,257,000","93,921,000","94,753,000","91,718,000","64,865,000","39,630,000","44,358,000","49,633,000","37,825,000","119,869,000","131,605,000","134,116,000","135,419,000","129,663,000","130,532,000","135,277,000","142,501,000","138,074,000","139,640,000","142,232,000","141,146,000","137,914,000","138,196,000","139,946,000","140,744,000","141,133,000","145,388,000","151,826,000","150,249,000","144,363,000","140,904,000","143,219,000","135,652,000","126,755,000","120,720,000","118,373,000","107,054,000","103,634,000","112,769,000","99,615,000","101,083,000","97,951,000","108,652,000","96,844,000","92,745,000","81,028,000","30,608,000","91,576,000","79,055,000","75,756,000","29,826,000","70,622,000","75,211,000","74,494,000","95,672,000","88,495,000","91,634,000","89,117,000","69,356,000","100,919,000","101,425,000","93,311,000","93,499,000","84,330,000","89,942,000","81,470,000","88,554,000","67,632,000","46,091,000","43,254,000","48,454,000","48,434,000",,"42,070,000","47,985,000","45,075,000"
GrossProfit,"285,575,000","78,394,000","79,133,000","75,703,000","52,345,000","11,003,000","-6,998,000","-20,723,000","-27,401,000","71,343,000","141,347,000","147,523,000","167,477,000","128,017,000","150,320,000","154,031,000","174,946,000","133,372,000","150,550,000","161,677,000","177,650,000","142,829,000","151,388,000","163,358,000","181,416,000","133,159,000","155,545,000","172,769,000","189,018,000","140,022,000","148,976,000","164,564,000","165,200,000","116,728,000","123,175,000","131,997,000","127,584,000","91,287,000","73,476,000","121,464,000","136,757,000","107,270,000","136,431,000","115,490,000","125,509,000","81,547,000","93,007,000","86,134,000","101,977,000","84,977,000","151,265,000","105,394,000","111,603,000","114,122,000","154,673,000","150,657,000","163,602,000","159,630,000","176,038,000","166,119,000","169,973,000","146,535,000","152,881,000","142,683,000","158,859,000","130,757,000","131,870,000","114,261,000","86,103,000","73,303,000","76,860,000","86,364,000",,"70,901,000","71,033,000","76,994,000"
OperatingExpense,"330,347,000","85,167,000","84,028,000","88,868,000","72,284,000","58,441,000","49,331,000","57,843,000","59,367,000","96,625,000","105,359,000","105,230,000","107,878,000","103,811,000","104,814,000","105,943,000","111,697,000","106,931,000","109,976,000","114,178,000","114,947,000","112,547,000","114,320,000","114,512,000","117,994,000","112,080,000","114,404,000","120,495,000","119,665,000","122,354,000","113,246,000","113,732,000","109,314,000","102,433,000","98,535,000","97,629,000","90,962,000","87,719,000","53,123,000","102,201,000","103,986,000","99,049,000","107,805,000","100,957,000","97,530,000","83,103,000","85,479,000","81,332,000","84,621,000","80,719,000","140,979,000","95,151,000","98,583,000","106,388,000","118,387,000","116,480,000","117,453,000","133,220,000","133,292,000","124,652,000","126,081,000","117,303,000","119,505,000","109,277,000","114,384,000","103,959,000","102,451,000","91,090,000","65,171,000","60,336,000","82,007,000","66,534,000","-92,802,000","65,192,000","76,216,000","60,968,000"
	SellingGeneralAndAdministration,"165,409,000","45,098,000","41,797,000","45,938,000","32,576,000","22,529,000","11,774,000","20,005,000","21,264,000","48,701,000","53,199,000","51,593,000","56,242,000","53,920,000","53,313,000","52,533,000","57,428,000","54,915,000","54,504,000","56,697,000","58,250,000","56,463,000","55,918,000","56,410,000","60,068,000","56,423,000","54,705,000","59,199,000","59,597,000","64,062,000","54,525,000","54,199,000","53,292,000","48,452,000","46,588,000","45,914,000","43,887,000","41,042,000","-30,548,000","65,672,000","69,193,000","64,293,000","72,917,000","66,781,000","64,871,000","56,621,000","60,672,000","57,461,000","50,694,000","46,854,000","33,319,000","56,368,000","58,422,000","65,058,000","75,999,000","74,365,000","74,056,000","42,759,000","47,137,000","43,542,000","44,138,000","41,403,000","42,570,000","37,316,000","41,884,000","38,052,000","29,236,000","36,231,000","27,101,000","23,559,000","34,677,000","25,676,000","14,332,000","21,470,000","26,244,000","23,084,000"
		GeneralAndAdministrativeExpense,"128,654,000","34,624,000","31,441,000","37,055,000","25,534,000","17,654,000","8,480,000","16,110,000","17,174,000","36,239,000","39,828,000","38,308,000","42,093,000","40,356,000","39,605,000","38,940,000","43,112,000","41,009,000","40,742,000","41,744,000","43,339,000","41,517,000","41,117,000","41,395,000","44,791,000","41,430,000","39,065,000","43,874,000","44,030,000","48,702,000","40,273,000","40,085,000","39,637,000","35,481,000","34,048,000","33,653,000","32,647,000","29,777,000","-41,262,000","54,932,000","58,058,000","53,178,000","60,290,000","56,443,000","54,506,000","47,793,000","50,887,000","49,449,000","41,791,000","38,532,000","28,962,000","46,628,000","47,581,000","52,727,000","62,485,000","61,630,000","60,882,000","28,897,000","32,423,000","29,897,000","30,247,000","27,568,000","28,819,000","24,301,000","27,979,000","25,346,000","14,181,000","24,106,000","19,312,000","15,971,000","26,566,000","17,652,000","14,332,000","14,542,000","18,382,000","15,793,000"
			SalariesAndWages,,,,,,,,,,,,,,,,,,,,,,,,,,,,,,,,,,,,,,,,,,,,,,,,,,,,,,,,,,"28,897,000","32,423,000","29,897,000","30,247,000","27,568,000",,"24,301,000","37,917,000","31,223,000","14,181,000","24,106,000","19,312,000","15,971,000","-32,738,000","17,652,000","14,332,000",,,
			OtherGandA,"128,654,000","34,624,000","31,441,000","37,055,000","25,534,000","17,654,000","8,480,000","16,110,000","17,174,000","36,239,000","39,828,000","38,308,000","42,093,000","40,356,000","39,605,000","38,940,000","43,112,000","41,009,000","40,742,000","41,744,000","43,339,000","41,517,000","41,117,000","41,395,000","44,791,000","41,430,000","39,065,000","43,874,000","44,030,000","48,702,000","40,273,000","40,085,000","39,637,000","35,481,000","34,048,000","33,653,000","32,647,000","29,777,000","-41,262,000","54,932,000","58,058,000","53,178,000","60,290,000","56,443,000","54,506,000","47,793,000","50,887,000","49,449,000","41,791,000","38,532,000","28,962,000","46,628,000","47,581,000","52,727,000","62,485,000","61,630,000","60,882,000",,,,,,,,"-9,938,000","-5,877,000",,,,,,,,"14,542,000","18,382,000","15,793,000"
		SellingAndMarketingExpense,"36,755,000","10,474,000","10,356,000","8,883,000","7,042,000","4,875,000","3,294,000","3,895,000","4,090,000","12,462,000","13,371,000","13,285,000","14,149,000","13,564,000","13,708,000","13,593,000","14,316,000","13,906,000","13,762,000","14,953,000","14,911,000","14,946,000","14,801,000","15,015,000","15,277,000","14,993,000","15,640,000","15,325,000","15,567,000","15,360,000","14,252,000","14,114,000","13,655,000","12,971,000","12,540,000","12,261,000","11,240,000","11,265,000","10,714,000","10,740,000","11,135,000","11,115,000","12,627,000","10,338,000","10,365,000","8,828,000","9,785,000","8,012,000","8,903,000","8,322,000","4,357,000","9,740,000","10,841,000","12,331,000","13,514,000","12,735,000","13,174,000","13,862,000","14,714,000","13,645,000","13,891,000","13,835,000","13,751,000","13,015,000","13,905,000","12,706,000","15,055,000","12,125,000","7,789,000","7,588,000","8,111,000","8,024,000",,"6,928,000","7,862,000","7,291,000"
	DepreciationAmortizationDepletionIncomeStatement,"129,272,000","31,360,000","32,598,000","32,585,000","32,729,000","30,770,000","32,761,000","33,005,000","34,539,000","36,746,000","37,264,000","37,573,000","36,524,000","36,387,000","36,268,000","36,159,000","37,334,000","36,688,000","38,583,000","39,719,000","39,525,000","40,807,000","41,847,000","40,442,000","40,680,000","40,047,000","41,805,000","41,331,000","40,873,000","40,707,000","40,257,000","40,000,000","37,973,000","37,615,000","36,235,000","35,050,000","32,175,000","34,016,000","28,008,000","36,529,000","34,793,000","34,756,000","34,888,000","34,176,000","32,659,000","26,482,000","24,807,000","23,871,000","23,264,000","23,558,000","13,404,000","26,511,000","27,377,000","29,214,000","28,111,000","29,044,000","28,919,000","31,575,000","33,840,000","30,266,000","29,237,000","27,586,000","25,072,000","26,078,000","25,842,000","22,974,000","22,532,000","20,779,000","14,942,000","14,063,000","16,565,000","14,742,000",,"13,839,000","14,049,000","13,205,000"
		DepreciationAndAmortizationInIncomeStatement,"129,272,000","31,360,000","32,598,000","32,585,000","32,729,000","30,770,000","32,761,000","33,005,000","34,539,000","36,746,000","37,264,000","37,573,000","36,524,000","36,387,000","36,268,000","36,159,000","37,334,000","36,688,000","38,583,000","39,719,000","39,525,000","40,807,000","41,847,000","40,442,000","40,680,000","40,047,000","41,805,000","41,331,000","40,873,000","40,707,000","40,257,000","40,000,000","37,973,000","37,615,000","36,235,000","35,050,000","32,175,000","34,016,000","28,008,000","36,529,000","34,793,000","34,756,000","34,888,000","34,176,000","32,659,000","26,482,000","24,807,000","23,871,000","23,264,000","23,558,000","13,404,000","26,511,000","27,377,000","29,214,000","28,111,000","29,044,000","28,919,000","31,575,000","33,840,000","30,266,000","29,237,000","27,586,000","25,072,000","26,078,000","25,842,000","22,974,000","22,532,000","20,779,000","14,942,000","14,063,000","16,565,000","14,742,000",,"13,839,000","14,049,000","13,205,000"
	OtherTaxes,,,,,,,,,,,,,,,,,,,,,,,,,,,,,,,,,,,,,,,,,,,,,,,,,"10,663,000","10,307,000","7,249,000","12,272,000","12,784,000","12,116,000","14,277,000","13,071,000","14,478,000","-223,803,000","-242,237,000","-226,337,000","-227,616,000","-211,965,000","-213,004,000","-193,607,000","-204,326,000","-185,429,000","-191,005,000","-158,722,000","-111,262,000","-103,590,000",,"-114,968,000","-107,134,000",,,
	OtherOperatingExpenses,"35,666,000","8,709,000","9,633,000","10,345,000","6,979,000","5,142,000","4,796,000","4,833,000","3,564,000","11,178,000","14,896,000","16,064,000","15,112,000","13,504,000","15,233,000","17,251,000","16,935,000","15,328,000","16,889,000","17,762,000","17,172,000","15,277,000","16,555,000","17,660,000","17,246,000","15,610,000","17,894,000","19,965,000","19,195,000","17,585,000","18,464,000","19,533,000","18,049,000","16,366,000","15,712,000","16,665,000","14,900,000","12,661,000","15,404,000",,,,,,,,,,,,,,,,,"51,701,000",,"282,689,000","294,552,000","277,181,000","280,322,000","260,279,000","264,867,000","239,490,000","250,984,000","228,362,000","241,688,000","192,802,000","134,390,000","126,304,000","-295,827,000","141,084,000",,"29,883,000","35,923,000","24,679,000"
OperatingIncome,"-44,772,000","-6,773,000","-4,895,000","-13,165,000","-19,939,000","-47,438,000","-56,329,000","-78,566,000","-86,768,000","-25,282,000","35,988,000","42,293,000","59,599,000","24,206,000","45,506,000","48,088,000","63,249,000","26,441,000","40,574,000","47,499,000","62,703,000","30,282,000","37,068,000","48,846,000","63,422,000","21,079,000","41,141,000","52,274,000","69,353,000","17,668,000","35,730,000","50,832,000","55,886,000","14,295,000","24,640,000","34,368,000","36,622,000","3,568,000","20,353,000","19,263,000","32,771,000","8,221,000","28,626,000","14,533,000","27,979,000","-1,556,000","7,528,000","4,802,000","17,356,000","4,258,000","10,286,000","10,243,000","13,020,000","7,734,000","36,286,000","34,177,000","46,149,000","26,410,000","42,746,000","41,467,000","43,892,000","29,232,000","33,376,000","33,406,000","44,475,000","26,798,000","29,419,000","23,171,000","20,932,000","12,967,000","-5,147,000","19,830,000","211,401,000","5,709,000","-5,183,000","16,026,000"
NetNonOperatingInterestIncomeExpense,"-23,914,000","-701,000","-7,188,000","-7,981,000","-8,044,000","-8,028,000","-10,023,000","-12,603,000","-12,644,000","-15,201,000","-7,762,000","-9,497,000","-11,005,000","-9,402,000","-12,630,000","-8,957,000","-8,218,000","-7,385,000","-8,682,000","-15,981,000","-11,229,000","-11,185,000","-11,828,000","-12,227,000","-12,735,000","-13,119,000","-15,282,000","-15,827,000","-15,451,000","-16,380,000","-16,892,000","-17,232,000","-17,565,000","-17,676,000","-18,052,000","-18,139,000","-16,744,000","-17,008,000","-16,964,000","-19,691,000","-20,799,000","-21,440,000","-22,091,000","-20,248,000","-19,833,000","-17,872,000","-1,726,000","-21,270,000","-21,902,000","-25,281,000","-19,713,000","-24,602,000","-23,873,000","-24,011,000","-23,802,000","-23,345,000","-23,477,000",,,,,,,,,,,,,,,,,,,
	InterestIncomeNonOperating,,"4,380,000","1,211,000","618,000","730,000",,"85,000","139,000","306,000","2,306,000","3,060,000","3,762,000","4,811,000","4,924,000","3,451,000","2,592,000","2,966,000","1,491,000","1,743,000","1,027,000","849,000","721,000","673,000","283,000","355,000","489,000","535,000","576,000","1,828,000","946,000","891,000","981,000","891,000","716,000","743,000","727,000","788,000","563,000","142,000","18,000","74,000","63,000","145,000","1,544,000","1,320,000","72,000","105,000","276,000","99,000","171,000","272,000","240,000","254,000","622,000","717,000","1,365,000","1,101,000",,,,,,,,,,,,,,,,,,,
	InterestExpenseNonOperating,"28,829,000","4,401,000","7,681,000","7,864,000","8,037,000","7,293,000","9,270,000","11,850,000","12,253,000","16,808,000","10,125,000","12,561,000","15,118,000","13,628,000","15,374,000","10,801,000","10,439,000","8,129,000","12,159,000","16,431,000","11,499,000","11,328,000","11,949,000","11,966,000","12,541,000","13,053,000","15,141,000","15,711,000","16,138,000","16,687,000","17,151,000","17,540,000","17,720,000","17,656,000","18,059,000","18,130,000","16,807,000","16,813,000","13,413,000","19,709,000","20,873,000","21,503,000","22,236,000","21,792,000","21,153,000","17,944,000","1,831,000","21,546,000","22,001,000","25,452,000","19,985,000","24,842,000","24,127,000","24,633,000","24,519,000","24,710,000","24,578,000",,,,,,,,,,,,,,,,,,,
	TotalOtherFinanceCost,"2,870,000","680,000","718,000","735,000","737,000","735,000","838,000","892,000","697,000","699,000","697,000","698,000","698,000","698,000","707,000","748,000","745,000","747,000",,"577,000","579,000","578,000","552,000","544,000","549,000","555,000","676,000","692,000","1,141,000","639,000","632,000","673,000","736,000","736,000","736,000","736,000","725,000","758,000",,,,,,,,,,,,,,,,,,,,,,,,,,,,,,,,,,,,,,
OtherIncomeExpense,"172,293,000","22,733,000","150,425,000","-953,000","88,000","222,000","26,987,000","-21,000","-18,100,000","-115,366,000","18,222,000",,,,"47,339,000","53,128,000","-1,394,000","15,659,000","-6,446,000","-34,427,000","183,000","44,938,000","9,401,000","1,374,000","15,287,000","-6,507,000","211,894,000","11,680,000","-12,000",,"-3,973,000","-370,000","125,000","109,000","96,000","12,000","260,000","113,000","-406,000",,,"-191,000","0","-10,862,000",,"69,251,000","80,000","200,000","-1,780,000","112,000","-83,322,000","-2,744,000","-101,048,000","22,787,000","-2,804,000","-23,000","-56,000",,,,,,,,,,,,,,,,,,,
	GainOnSaleOfSecurity,,,,,,,,,,,,,,,,,,,,,"-1,006,000","657,000","9,236,000","1,374,000","-2,782,000","-6,402,000","321,000","-2,000","-10,000",,"134,000","161,000","125,000","109,000","96,000","12,000","260,000","157,000",,,,,,,,,,,,,,,,,,,,,,,,,,,,,,,,,,,,,,
	EarningsFromEquityInterest,,,,,,,,,,,,,,,,,,,,,,,,,,,,,,,,,,,,,,,"0","0","0","0","0","0","0","21,000","80,000","200,000","163,000","112,000","-25,185,000","-515,000","-584,000","-1,517,000","100,000","-23,000","-56,000",,,,,,,,,,,,,,,,,,,
	SpecialIncomeCharges,"172,293,000","22,733,000","150,425,000","-953,000","88,000","222,000","26,987,000","-21,000","-18,100,000","-115,366,000","18,222,000","0","0","0","47,339,000","53,128,000","-1,394,000","15,659,000","-6,446,000","-34,427,000","1,189,000","44,281,000","165,000",,"18,069,000","-105,000","211,573,000","11,682,000","-2,000",,"-4,107,000","-531,000",,"0","0","0","0","-44,000","0","0",,"-191,000","0","-10,862,000","0","69,230,000","0","0","-1,943,000","0","-58,137,000","-2,229,000","-100,464,000","24,304,000",,"1,365,000",,,,,,,,,,,"0","0","0","0","7,439,000","0",,,,
		ImpairmentOfCapitalAssets,,,"1,671,000","1,014,000","0","0","13,478,000","0","18,100,000","115,366,000","24,713,000","0","0",,"0","0","1,394,000",,"5,626,000","34,427,000",,,,,,,,,,,,,,,,,,,"0","0",,,"0","10,862,000","0",,"0","0","1,943,000","0","58,093,000","2,209,000","127,023,000","3,716,000",,,,,,,,,,,,,,,,,,,,,,
		WriteOff,,,,,,"0","13,478,000","0","18,100,000","115,366,000","24,713,000","0","0",,"0","0","1,394,000",,"5,626,000","34,427,000",,,,,,,,,,,,,,,,,,,"0",,,,,,,,,,,,,,,,,,,,,,,,,,,,,,,,,,,,,
		OtherSpecialCharges,"492,000","213,000","428,000","-61,000","-88,000","-222,000","-6,356,000","210,000",,,,,,,"835,000",,,,"820,000",,,"4,000","25,000",,"154,000","105,000","2,962,000",,"2,000",,"4,107,000","531,000",,,"0",,,"44,000","0",,,,"0",,,,,,,,"44,000","20,000","-26,559,000","-28,020,000",,,,,,,,,,,,,,,,,,,,,,
		GainOnSaleOfPPE,"175,470,000","22,946,000","152,524,000","0",,,"34,109,000","189,000",,,"42,935,000","0","0","0","48,174,000","53,128,000","0","15,659,000","0",,"1,189,000","44,285,000","190,000",,"18,223,000",,"214,535,000","11,682,000",,,,,,,,,,,,,,,,,,,,,,,,,,,,,,,,,,,,,,,,,,,,,,,,
PretaxIncome,"103,607,000","15,259,000","138,342,000","-22,099,000","-27,895,000","-55,244,000","-39,365,000","-91,190,000","-117,512,000","-155,849,000","46,448,000","32,796,000","48,594,000","14,804,000","80,215,000","92,259,000","53,637,000","34,715,000","25,446,000","-2,909,000","51,657,000","64,035,000","34,641,000","37,993,000","65,974,000","1,453,000","237,753,000","48,127,000","53,890,000","1,288,000","14,865,000","33,230,000","38,446,000","-3,272,000","6,684,000","16,241,000","20,138,000","-13,327,000","10,418,000",,,,,,,,,,,,,,,,,,,,,,,,,,,,"11,192,000","8,206,000","7,083,000","1,105,000","-21,873,000","6,370,000",,"-7,531,000","-18,297,000","362,000"
TaxProvision,"202,000","136,000","18,000","25,000","23,000","43,000","15,000","-83,000","-12,000","6,670,000","1,034,000","-749,000","2,676,000","-3,112,000","2,459,000","673,000","2,375,000","-3,740,000","4,766,000","-12,991,000","242,000","208,000","343,000","-1,434,000","238,000","237,000","178,000","938,000","233,000","85,000","258,000","-413,000","110,000","224,000","1,435,000","424,000","129,000","6,157,000","1,148,000",,,,,,,,,,,,,,,,,,,,,,,,,,,,"0","0","0","0","-560,000","415,000",,"1,303,000","-2,452,000","76,000"
NetIncomeCommonStockholders,"80,236,000","10,149,000","134,548,000","-29,344,000","-35,117,000","-56,519,000","-41,207,000","-92,499,000","-118,545,000","-165,337,000","40,747,000","27,679,000","40,539,000","13,040,000","72,753,000","85,558,000","45,443,000","32,809,000","16,807,000","11,644,000","45,777,000","58,320,000","29,680,000","33,989,000","56,988,000","-3,260,000","232,626,000","58,592,000","48,689,000","-3,336,000","10,488,000","29,327,000","39,265,000","-8,130,000","2,179,000","11,610,000","15,139,000","17,500,000","3,562,000","30,932,000","4,056,000","-20,973,000","46,000","-23,967,000","31,077,000","45,680,000","30,433,000","18,280,000","-4,879,000","-26,278,000","-133,152,000","-23,135,000","-135,393,000","876,000","-10,959,000","5,576,000","61,128,000","-4,177,000","24,277,000","11,380,000","66,171,000","-359,000","6,637,000","-3,652,000","16,898,000","13,738,000","7,904,000","3,801,000","6,118,000","1,409,000","-19,130,000","4,520,000","707,000","0","-18,816,000","3,215,000"
	NetIncome,"101,599,000","13,989,000","137,989,000","-23,057,000","-27,322,000","-53,312,000","-37,999,000","-89,291,000","-115,338,000","-162,061,000","44,416,000","31,037,000","43,963,000","16,317,000","76,331,000","89,210,000","48,888,000","36,016,000","19,396,000","14,913,000","49,232,000","61,835,000","33,176,000","37,374,000","64,081,000","-434,000","236,054,000","61,102,000","51,177,000","-978,000","13,261,000","31,848,000","41,876,000","-5,722,000","4,527,000","14,049,000","18,783,000","28,629,000","11,071,000","38,721,000","11,540,000","-13,536,000","7,481,000","-16,530,000","38,678,000","51,328,000","35,672,000","23,653,000","308,000","-21,091,000","-127,965,000","-17,948,000","-130,205,000","6,510,000","-6,339,000","10,809,000","69,218,000","1,055,000","29,796,000","16,567,000","74,472,000","4,828,000","11,824,000","1,536,000","22,052,000","17,825,000","11,991,000","7,885,000","8,532,000","1,797,000","-19,130,000","4,520,000","707,000","-25,345,000","-18,816,000","3,215,000"
		NetIncomeIncludingNoncontrollingInterests,"103,405,000","15,123,000","138,324,000","-22,124,000","-27,918,000","-55,287,000","-39,380,000","-91,107,000","-117,500,000","-162,519,000","45,414,000","33,545,000","45,918,000","17,916,000","77,756,000","91,586,000","51,262,000","38,455,000","20,680,000","17,082,000","51,415,000","63,827,000","34,298,000","39,427,000","65,736,000","1,216,000","237,575,000","63,084,000","53,657,000","1,203,000","14,257,000","33,643,000","43,535,000","-3,496,000","5,249,000","15,817,000","20,009,000","28,926,000","11,114,000","39,556,000","11,855,000","-12,968,000","7,588,000","-16,553,000","38,929,000","51,335,000","35,672,000","23,653,000","308,000","-21,091,000","-127,965,000","-17,948,000","-130,205,000","6,510,000","-6,339,000","10,809,000","69,218,000","1,055,000","29,796,000","16,567,000","74,472,000","4,828,000","11,824,000","1,536,000","22,052,000","17,825,000","12,637,000","8,206,000","9,175,000","1,948,000","-21,834,000","4,559,000","552,000","-25,353,000","-18,815,000","3,231,000"
			NetIncomeContinuousOperations,"103,405,000","15,123,000","138,324,000","-22,124,000","-27,918,000","-55,287,000","-39,380,000","-91,107,000","-117,500,000","-162,519,000","45,414,000","33,545,000","45,918,000","17,916,000","77,756,000","91,586,000","51,262,000","38,455,000","20,680,000","10,082,000","51,415,000","63,827,000","34,298,000","39,427,000","65,736,000","1,216,000","237,575,000","47,189,000","53,657,000","1,203,000","14,607,000","33,643,000","38,336,000","-3,496,000","5,249,000","15,817,000","20,009,000","-19,484,000","1,835,000","-428,000","11,972,000","-13,410,000","6,535,000","-16,577,000","8,146,000","49,823,000","5,894,000","-16,820,000","-6,326,000","-20,911,000","-92,749,000","-17,103,000","-111,901,000","6,510,000","9,680,000","10,809,000","22,616,000","1,055,000","24,147,000","16,567,000","17,552,000","4,828,000","13,056,000","10,026,000","22,052,000","1,073,000","10,546,000","7,885,000","6,440,000","954,000","-19,169,000","5,916,000","707,000","-8,826,000","-15,846,000","270,000"
			NetIncomeDiscontinuousOperations,,,,,,,,,,,,,,,"0","0",,,"0","7,000,000",,,,,,,"0","15,895,000",,,"-350,000",,"5,199,000","0","0","0","0","48,410,000","9,279,000","39,984,000","-117,000","442,000","1,053,000","24,000","30,783,000","1,512,000","29,778,000","40,473,000","6,634,000","-180,000","-35,216,000","-845,000","-18,304,000","0","-16,019,000","0","46,602,000","0","5,649,000","0","56,920,000","0","-1,232,000","-8,490,000","0","16,752,000","1,445,000","0","2,092,000","843,000","39,000","-1,396,000",,"-16,519,000","-2,970,000","2,945,000"
		MinorityInterests,"-1,806,000","-1,134,000","-335,000","-933,000","596,000","1,975,000","1,381,000","1,816,000","2,162,000","458,000","-998,000","-2,508,000","-1,955,000","-1,599,000","-1,425,000","-2,376,000","-2,374,000","-2,439,000","-1,284,000","-2,169,000","-2,183,000","-1,992,000","-1,122,000","-2,053,000","-1,655,000","-1,650,000","-1,521,000","-1,982,000","-2,480,000","-2,181,000","-996,000","-1,795,000","-1,659,000","-2,226,000","-722,000","-1,768,000","-1,226,000","-297,000","-43,000","-835,000","-315,000","-568,000","-107,000","23,000","-251,000","-7,000",,,,,,,,,,,,,,,,,"0","0","0","0","-646,000","-321,000","-643,000","-151,000","2,704,000","-39,000","155,000","8,000","-1,000","-16,000"
	PreferredStockDividends,"21,204,000","3,773,000","3,349,000","6,287,000","7,795,000","3,207,000","3,208,000","3,208,000","3,207,000","3,207,000","3,208,000","3,208,000","3,207,000","3,207,000","3,208,000","3,208,000","3,207,000","3,207,000","3,208,000","3,208,000","3,207,000","3,207,000","3,208,000","3,207,000","6,783,000","2,766,000","2,300,000","2,300,000","2,300,000","2,300,000","2,300,000","2,300,000","2,300,000","2,300,000","2,300,000","2,300,000","3,510,000","10,903,000","7,275,000","7,789,000","7,484,000","7,437,000","7,435,000","7,437,000","7,601,000","5,648,000","5,239,000","5,373,000","5,187,000","5,187,000","5,187,000","5,187,000","5,188,000","5,187,000","4,620,000","5,233,000","8,090,000","5,232,000","5,233,000","5,187,000","5,188,000","5,187,000","-34,045,000","5,188,000","5,154,000","4,087,000","-17,859,000","4,084,000","2,414,000","-388,000",,,,,,
	OtherunderPreferredStockDividend,"159,000","67,000","92,000","0",,,"0",,"0","69,000","461,000","150,000","217,000","70,000","370,000","444,000","238,000",,,"61,000","248,000","308,000","288,000","178,000","310,000","60,000","1,128,000","210,000","188,000","58,000","473,000","221,000","311,000","108,000","48,000","139,000","134,000","226,000","48,000",,,,,,,,,,,,"0",,,"447,000",,,,,"286,000",,"3,113,000",,,,,,,,,"776,000",,,,"-25,345,000",,
DilutedNIAvailtoComStockholders,"80,236,000","10,149,000","134,548,000","-29,344,000","-35,117,000","-56,519,000","-41,207,000","-92,499,000","-118,545,000","-165,337,000","40,747,000","27,679,000","40,539,000","13,040,000","72,753,000","85,558,000","45,443,000","32,809,000","16,807,000","11,644,000","45,777,000","58,320,000","29,680,000","33,989,000","56,988,000","-3,260,000","232,626,000","58,592,000","48,689,000","-3,336,000","10,488,000","29,327,000","39,265,000","-8,130,000","2,179,000","11,610,000","15,139,000","17,500,000","3,562,000","30,932,000","4,056,000","-20,973,000","46,000","-23,967,000","31,077,000","45,680,000","30,433,000","18,280,000","-4,879,000","-26,278,000","-133,152,000","-23,135,000","-135,393,000","876,000","-10,959,000","5,576,000","61,128,000","-4,177,000","24,277,000","11,380,000","66,171,000","-359,000","6,637,000","-3,652,000","16,898,000","13,738,000","7,904,000","3,801,000","6,118,000","1,409,000","-19,130,000","4,520,000","707,000","0","-18,816,000","3,215,000"
BasicEPS,,"0.05","0.61","-0.13","-0.16","-0.26","-0.19","-0.43","-0.55","-0.75","0.18","0.12","0.18","0.06","0.32","0.38","0.2","0.15","0.07","0.05","0.21","0.27","0.14","0.16","0.26","-0.02","1.12","0.28","0.23","-0.02","0.05","0.14","0.22","-0.04","0.01","0.07","0.09","0.12","0.03","0.23","0.03","-0.18",,"-0.2","0.27","0.39",,"0.19","-0.05","-0.27",,"-0.31","-2.23","0.02",,"0.11","1.05","-0.07",,"0.19","1.1","-0.01",,"-0.06","0.29","0.25",,"0.09","0.17","0.04",,"0.144","0.025","0",,"0.103"
DilutedEPS,,"0.05","0.61","-0.13","-0.16","-0.26","-0.19","-0.43","-0.55","-0.75","0.18","0.12","0.18","0.06","0.32","0.38","0.2","0.15","0.07","0.05","0.21","0.27","0.14","0.16","0.26","-0.02","1.12","0.28","0.23","-0.02","0.05","0.14","0.22","-0.04","0.01","0.07","0.09","0.116","0.03","0.23","0.03","-0.18",,"-0.2","0.26","0.39",,"0.19","-0.05","-0.27",,"-0.31","-2.23","0.02",,"0.11","1.05","-0.07",,"0.19","1.09","-0.01",,"-0.06","0.29","0.25",,"0.089","0.17","0.04",,"0.144","0.02","0",,"0.102"
BasicAverageShares,,"217,271,000","217,870,000","217,709,000","215,113,000","214,438,000","214,257,000","214,257,000","214,225,000","221,036,000","223,638,000","224,530,000","227,389,000","227,219,000","227,068,000","227,068,000","225,232,000","224,282,000","224,147,000","224,142,000","220,130,000","219,093,000","216,163,000","215,413,000","215,385,000","212,887,000","207,604,000","207,604,000","207,577,000","206,600,000","203,870,000","202,800,000","182,604,000","181,061,000","174,119,000","160,856,000","160,843,000","151,076,000","135,237,000","135,236,000","120,029,000","117,426,000",,"117,254,000","117,227,000","117,074,000",,"97,250,000","97,188,000","97,047,000",,"73,857,000","60,845,000","52,205,000",,"49,878,000","58,186,000","58,717,000",,"59,147,000","60,230,000","57,799,000",,"57,708,000","57,700,000","55,797,000",,"42,594,000","35,591,000","34,519,000",,"31,354,000","31,354,000","31,354,000",,"31,354,000"
DilutedAverageShares,,"217,271,000","217,870,000","217,709,000","215,113,000","214,438,000","214,257,000","214,257,000","214,225,000","221,036,000","223,638,000","224,530,000","227,389,000","227,219,000","227,068,000","227,068,000","225,232,000","224,282,000","224,147,000","224,142,000","220,130,000","219,093,000","216,163,000","215,413,000","215,385,000","212,887,000","207,604,000","207,604,000","207,577,000","206,600,000","203,870,000","202,800,000","182,604,000","181,061,000","174,119,000","160,856,000","160,843,000","151,076,000","135,237,000","135,236,000","120,029,000","117,426,000",,"117,254,000","117,314,000","117,211,000",,"97,612,000","97,188,000","97,047,000",,"73,857,000","60,845,000","52,205,000",,"49,950,000","58,276,000","58,717,000",,"59,301,000","64,962,000","57,799,000",,"58,193,000","58,169,000","55,797,000",,"42,909,000","35,903,000","34,817,000",,"31,635,000","31,635,000","31,635,000",,"31,635,000"
TotalOperatingIncomeAsReported,,,,,,,,,,,,,,,"162,467,000","48,088,000","61,855,000","26,441,000","34,948,000","13,072,000","62,703,000","30,282,000","37,068,000","48,846,000","63,422,000","21,079,000","41,141,000","52,274,000","69,353,000","17,668,000","35,730,000","50,832,000","55,886,000","14,295,000","24,640,000","34,368,000","36,622,000","3,568,000","20,353,000","19,263,000","32,771,000","8,221,000","28,626,000","3,671,000","27,979,000","-1,556,000","7,528,000","4,802,000","15,413,000","4,258,000","-47,807,000","8,034,000","-114,003,000","4,018,000","33,382,000","34,177,000","46,149,000","26,410,000","42,746,000","41,467,000","43,892,000","29,232,000","33,376,000","33,406,000","44,475,000","26,798,000","29,419,000","23,171,000","20,932,000","12,967,000","2,292,000","19,830,000",,"5,709,000","-5,183,000","16,026,000"
TotalExpenses,"675,604,000","179,088,000","178,781,000","180,586,000","137,149,000","98,071,000","93,689,000","107,476,000","97,192,000","216,494,000","236,964,000","239,346,000","243,297,000","233,474,000","235,346,000","241,220,000","254,198,000","245,005,000","249,616,000","256,410,000","256,093,000","250,461,000","252,516,000","254,458,000","258,738,000","253,213,000","259,792,000","272,321,000","269,914,000","266,717,000","254,150,000","256,951,000","244,966,000","229,188,000","219,255,000","216,002,000","198,016,000","191,353,000","165,892,000","201,816,000","205,069,000","197,000,000","216,457,000","197,801,000","190,275,000","164,131,000","116,087,000","172,908,000","163,676,000","156,475,000","170,805,000","165,773,000","173,794,000","180,882,000","214,059,000","204,975,000","209,087,000","222,337,000","202,648,000","225,571,000","227,506,000","210,614,000","213,004,000","193,607,000","204,326,000","185,429,000","191,005,000","158,722,000","111,262,000","103,590,000","130,461,000","114,968,000","-92,802,000","107,262,000","124,201,000","106,043,000"
NetIncomeFromContinuingAndDiscontinuedOperation,"101,599,000","13,989,000","137,989,000","-23,057,000","-27,322,000","-53,312,000","-37,999,000","-89,291,000","-115,338,000","-162,061,000","44,416,000","31,037,000","43,963,000","16,317,000","76,331,000","89,210,000","48,888,000","36,016,000","19,396,000","14,913,000","49,232,000","61,835,000","33,176,000","37,374,000","64,081,000","-434,000","236,054,000","61,102,000","51,177,000","-978,000","13,261,000","31,848,000","41,876,000","-5,722,000","4,527,000","14,049,000","18,783,000","28,629,000","11,071,000","38,721,000","11,540,000","-13,536,000","7,481,000","-16,530,000","38,678,000","51,328,000","35,672,000","23,653,000","308,000","-21,091,000","-127,965,000","-17,948,000","-130,205,000","6,510,000","-6,339,000","10,809,000","69,218,000","1,055,000","29,796,000","16,567,000","74,472,000","4,828,000","11,824,000","1,536,000","22,052,000","17,825,000","11,991,000","7,885,000","8,532,000","1,797,000","-19,130,000","4,520,000","707,000","-25,345,000","-18,816,000","3,215,000"
NormalizedIncome,"-70,358,084.608","-8,541,385.936","-12,416,427.853","-22,361,310","-27,386,240","-53,474,060","-57,699,510","-89,270,019.114","-97,239,848.322","-77,843,820","26,599,648.209","31,037,000","43,963,000","16,317,000","30,443,182.46","36,469,551.827","50,220,274.885","24,584,930","24,634,673.269","28,569,200","49,049,857.309","17,042,968.673","23,868,084.582","36,549,600","48,849,147.573","5,011,637.99","24,318,639.984","33,754,644.358","51,188,948.117","-978,000","17,515,043.794","32,088,500","36,552,357.644","-5,792,850","4,451,610.413","14,037,313.281","18,524,665.508","-19,854,450","2,055,900","-1,263,000","11,657,000","-13,853,850","6,428,000","-9,493,700","7,895,000","4,816,500","5,894,000","-16,820,000","-5,063,050","-20,911,000","-54,959,950","-15,654,150","-46,599,400","-9,287,600","9,680,000","10,809,000","22,616,000","1,055,000","24,147,000","16,567,000","17,552,000","4,828,000","13,056,000","10,026,000","22,052,000","1,073,000","10,546,000","7,885,000","6,440,000","954,000","-26,417,544.187","5,916,000","707,000","-8,826,000","-15,846,000","270,000"
InterestIncome,,"4,380,000","1,211,000","618,000","730,000",,"85,000","139,000","306,000","2,306,000","3,060,000","3,762,000","4,811,000","4,924,000","3,451,000","2,592,000","2,966,000","1,491,000","1,743,000","1,027,000","849,000","721,000","673,000","283,000","355,000","489,000","535,000","576,000","1,828,000","946,000","891,000","981,000","891,000","716,000","743,000","727,000","788,000","563,000","142,000","18,000","74,000","63,000","145,000","1,544,000","1,320,000","72,000","105,000","276,000","99,000","171,000","272,000","240,000","254,000","622,000","717,000","1,365,000","1,101,000",,,,,,,,,,,,,,,,,,,
InterestExpense,"28,829,000","4,401,000","7,681,000","7,864,000","8,037,000","7,293,000","9,270,000","11,850,000","12,253,000","16,808,000","10,125,000","12,561,000","15,118,000","13,628,000","15,374,000","10,801,000","10,439,000","8,129,000","12,159,000","16,431,000","11,499,000","11,328,000","11,949,000","11,966,000","12,541,000","13,053,000","15,141,000","15,711,000","16,138,000","16,687,000","17,151,000","17,540,000","17,720,000","17,656,000","18,059,000","18,130,000","16,807,000","16,813,000","13,413,000","19,709,000","20,873,000","21,503,000","22,236,000","21,792,000","21,153,000","17,944,000","1,831,000","21,546,000","22,001,000","25,452,000","19,985,000","24,842,000","24,127,000","24,633,000","24,519,000","24,710,000","24,578,000",,,,,,,,,,,,,,,,,,,
NetInterestIncome,"-23,914,000","-701,000","-7,188,000","-7,981,000","-8,044,000","-8,028,000","-10,023,000","-12,603,000","-12,644,000","-15,201,000","-7,762,000","-9,497,000","-11,005,000","-9,402,000","-12,630,000","-8,957,000","-8,218,000","-7,385,000","-8,682,000","-15,981,000","-11,229,000","-11,185,000","-11,828,000","-12,227,000","-12,735,000","-13,119,000","-15,282,000","-15,827,000","-15,451,000","-16,380,000","-16,892,000","-17,232,000","-17,565,000","-17,676,000","-18,052,000","-18,139,000","-16,744,000","-17,008,000","-16,964,000","-19,691,000","-20,799,000","-21,440,000","-22,091,000","-20,248,000","-19,833,000","-17,872,000","-1,726,000","-21,270,000","-21,902,000","-25,281,000","-19,713,000","-24,602,000","-23,873,000","-24,011,000","-23,802,000","-23,345,000","-23,477,000",,,,,,,,,,,,,,,,,,,
EBIT,"132,436,000","19,660,000","146,023,000","-14,235,000","-19,858,000","-47,951,000","-30,095,000","-79,340,000","-105,259,000","-139,041,000","56,573,000","45,357,000","63,712,000","28,432,000","95,589,000","103,060,000","64,076,000","42,844,000","37,605,000","13,522,000","63,156,000","75,363,000","46,590,000","49,959,000","78,515,000","14,506,000","252,894,000","63,838,000","70,028,000","17,975,000","32,016,000","50,770,000","56,166,000","14,384,000","24,743,000","34,371,000","36,945,000","3,486,000","16,360,000","19,263,000","32,771,000","8,221,000","28,626,000","14,533,000","27,979,000","-1,556,000","7,528,000","4,802,000","17,356,000","4,258,000","10,286,000","10,243,000","13,020,000","7,734,000","36,286,000","34,177,000","46,149,000","26,410,000","42,746,000","41,467,000","43,892,000","29,232,000","33,376,000","33,406,000","44,475,000","26,798,000","29,419,000","23,171,000","20,932,000","12,967,000","-5,147,000","19,830,000","211,401,000","5,709,000","-5,183,000","16,026,000"
EBITDA,"261,708,000"
ReconciledCostOfRevenue,"345,263,000","93,927,000","94,753,000","91,718,000","64,865,000","39,630,000","44,358,000","49,633,000","37,825,000","119,869,000","131,082,000","134,369,000","135,670,000","129,682,000","130,472,000","135,377,000","142,436,000","138,008,000","139,575,000","142,149,000","140,987,000","137,752,000","138,081,000","139,557,000","140,661,000","141,074,000","146,168,000","150,756,000","149,178,000","143,556,000","139,841,000","142,153,000","134,576,000","125,681,000","119,647,000","117,299,000","105,911,000","102,492,000","103,113,000","97,518,000","99,553,000","96,916,000","107,616,000","95,809,000","91,488,000","78,658,000","30,034,000","89,948,000","77,361,000","73,939,000","17,673,000","70,106,000","73,326,000","74,494,000","94,560,000","88,495,000","89,232,000","90,866,000","73,458,000","101,026,000","100,497,000","93,415,000","97,696,000","78,262,000","89,942,000","81,470,000","88,003,000","67,632,000","46,091,000","42,963,000","3,911,000","92,751,000",,"40,844,000","47,985,000","45,075,000"
ReconciledDepreciation,"129,266,000","31,354,000","32,598,000","32,585,000","32,729,000","30,770,000","32,761,000","33,005,000","34,539,000","36,746,000","37,787,000","37,320,000","36,273,000","36,368,000","36,328,000","36,059,000","37,399,000","36,754,000","38,648,000","39,802,000","39,684,000","40,969,000","41,962,000","40,831,000","40,763,000","40,106,000","41,025,000","42,401,000","41,944,000","41,514,000","41,320,000","41,066,000","39,049,000","38,689,000","37,308,000","36,124,000","33,318,000","35,158,000","37,664,000","38,626,000","36,323,000","35,791,000","35,924,000","35,211,000","33,916,000","28,852,000","25,381,000","25,499,000","24,958,000","25,375,000","25,557,000","27,027,000","29,262,000","29,214,000","29,223,000","29,044,000","31,321,000","29,826,000","29,738,000","30,159,000","30,165,000","27,482,000","20,875,000","32,146,000","25,842,000","22,974,000","23,083,000","20,779,000","14,942,000","14,354,000","61,108,000","-29,575,000","14,724,000","15,065,000","68,032,000","13,205,000"
NetIncomeFromContinuingOperationNetMinorityInterest,"101,599,000","13,989,000","137,989,000","-23,057,000","-27,322,000","-53,312,000","-37,999,000","-89,291,000","-115,338,000","-162,061,000","44,416,000","31,037,000","43,963,000","16,317,000","76,331,000","89,210,000","48,888,000","36,016,000","19,396,000","7,913,000","49,232,000","61,835,000","33,176,000","37,374,000","64,081,000","-434,000","236,054,000","45,207,000","51,177,000","-978,000","13,611,000","31,848,000","36,677,000","-5,722,000","4,527,000","14,049,000","18,783,000","-19,781,000","1,792,000","-1,263,000","11,657,000","-13,978,000","6,428,000","-16,554,000","7,895,000","49,816,000","5,894,000","-16,820,000","-6,326,000","-20,911,000","-92,749,000","-17,103,000","-111,901,000","6,510,000","9,680,000","10,809,000","22,616,000","1,055,000","24,147,000","16,567,000","17,552,000","4,828,000","13,056,000","10,026,000","22,052,000","1,073,000","10,546,000","7,885,000","6,440,000","954,000","-19,169,000","5,916,000","707,000","-8,826,000","-15,846,000","270,000"
TotalUnusualItemsExcludingGoodwill,"172,293,000","22,733,000","150,425,000","-953,000","88,000","222,000","26,987,000","-21,000","-18,100,000","-115,366,000","18,222,000","0","0","0","47,339,000","53,128,000","-1,394,000","15,659,000","-6,446,000","-34,427,000","183,000","44,938,000","9,401,000","1,374,000","15,287,000","-6,507,000","211,894,000","11,680,000","-12,000",,"-3,973,000","-370,000","125,000","109,000","96,000","12,000","260,000","113,000","-406,000","0",,"-191,000","0","-10,862,000","0","69,230,000","0","0","-1,943,000","0","-58,137,000","-2,229,000","-100,464,000","24,304,000",,"1,365,000",,,,,,,,,,,"0","0","0","0","7,439,000","0",,,,
TotalUnusualItems,"172,293,000","22,733,000","150,425,000","-953,000","88,000","222,000","26,987,000","-21,000","-18,100,000","-115,366,000","18,222,000","0","0","0","47,339,000","53,128,000","-1,394,000","15,659,000","-6,446,000","-34,427,000","183,000","44,938,000","9,401,000","1,374,000","15,287,000","-6,507,000","211,894,000","11,680,000","-12,000",,"-3,973,000","-370,000","125,000","109,000","96,000","12,000","260,000","113,000","-406,000","0",,"-191,000","0","-10,862,000","0","69,230,000","0","0","-1,943,000","0","-58,137,000","-2,229,000","-100,464,000","24,304,000",,"1,365,000",,,,,,,,,,,"0","0","0","0","7,439,000","0",,,,
NormalizedEBITDA,"89,415,000","28,287,000","28,196,000","19,303,000","12,783,000","-17,403,000","-24,321,000","-46,314,000","-52,620,000","13,071,000","76,138,000","82,930,000","100,236,000","64,819,000","84,578,000","86,091,000","102,869,000","63,939,000","82,699,000","87,751,000","102,657,000","71,394,000","79,151,000","89,416,000","103,991,000","61,119,000","82,805,000","94,559,000","111,984,000","59,489,000","77,309,000","92,206,000","95,090,000","52,964,000","61,955,000","70,483,000","70,003,000","38,531,000","54,430,000","57,889,000","69,094,000","44,203,000","64,550,000","60,606,000","61,895,000","-41,934,000","32,909,000","30,301,000","44,257,000","29,633,000","93,980,000","39,499,000","142,746,000","12,644,000","65,509,000","63,221,000","77,470,000","57,985,000","76,586,000","71,733,000","74,057,000","56,818,000","58,448,000","65,552,000","70,317,000","49,772,000","52,502,000","43,950,000","35,874,000","27,321,000","48,522,000","34,572,000","226,125,000","20,774,000","62,849,000","29,231,000"
TaxRateForCalcs,"0.002","0.009","0","0.27","0.27","0.27","0.27","0.001","0","0.27","0.022","0.27","0.055","0.27","0.031","0.007","0.044","0.27","0.187","0.4","0.005","0.003","0.01","0.4","0.004","0.163","0.001","0.019","0.004","0.066","0.017","0.35","0.003","0.35","0.215","0.026","0.006","0.35","0.35","0.35","0.35","0.35","0.35","0.35","0.35","0.35","0.35","0.35","0.35","0.35","0.35","0.35","0.35","0.35","0.35","0.35","0.35","0.35","0.35","0.35","0.35","0.35","0.4","0.4","0.4","0.4","0","0","0","0","0.026","0.065","0.4","0.4","0.134","0.21"
TaxEffectOfUnusualItems,"335,915.392","202,614.064","19,572.147","-257,310","23,760","59,940","7,286,490","-19.114","-1,848.322","-31,148,820","405,648.209","0","0","0","1,451,182.46","387,551.827","-61,725.115","4,227,930","-1,207,326.731","-13,770,800","857.309","145,968.673","93,084.582","549,600","55,147.573","-1,061,362.01","158,639.984","227,644.358","-51.883","0","-68,956.206","-129,500","357.644","38,150","20,610.413","313.281","1,665.508","39,550","-142,100","0","0","-66,850","0","-3,801,700","0","24,230,500","0","0","-680,050","0","-20,347,950","-780,150","-35,162,400","8,506,400","0","0","0","0","0","0","0","0","0","0","0","0","0","0","0","0","190,455.813","0","0","0","0","0"