name,ttm,03/31/2022,12/31/2021,09/30/2021,06/30/2021,03/31/2021,12/31/2020,09/30/2020,06/30/2020,03/31/2020,12/31/2019,09/30/2019,06/30/2019,03/31/2019,12/31/2018,09/30/2018,06/30/2018,03/31/2018,12/31/2017,09/30/2017,06/30/2017,03/31/2017,12/31/2016,09/30/2016,06/30/2016,03/31/2016,12/31/2015,09/30/2015,06/30/2015,03/31/2015,12/31/2014,09/30/2014,06/30/2014,03/31/2014,12/31/2013,09/30/2013,06/30/2013,03/31/2013,12/31/2012,09/30/2012,06/30/2012,03/31/2012,12/31/2011,09/30/2011,06/30/2011,03/31/2011,12/31/2010,09/30/2010,06/30/2010,03/31/2010,12/31/2009,09/30/2009,06/30/2009,03/31/2009,12/31/2008,09/30/2008,06/30/2008,03/31/2008,12/31/2007,09/30/2007,06/30/2007,03/31/2007,12/31/2006,09/30/2006,06/30/2006,03/31/2006,12/31/2005,09/30/2005,06/30/2005,03/31/2005,12/31/2004,09/30/2004,06/30/2004,03/31/2004,12/31/2003,09/30/2003,06/30/2003,03/31/2003,12/31/2002,09/30/2002,06/30/2002,03/31/2002,12/31/2001,09/30/2001,06/30/2001,03/31/2001,12/31/2000,09/30/2000,06/30/2000,03/31/2000,12/31/1999,09/30/1999,06/30/1999,03/31/1999,12/31/1998,09/30/1998,06/30/1998,03/31/1998,12/31/1997,09/30/1997,06/30/1997,03/31/1997,12/31/1996,09/30/1996,06/30/1996,03/31/1996,12/31/1995,09/30/1995,06/30/1995,03/31/1995,12/31/1994,09/30/1994,06/30/1994,03/31/1994,12/31/1993,09/30/1993,06/30/1993,03/31/1993,12/31/1992,09/30/1992,06/30/1992,03/31/1992,12/31/1991,09/30/1991,06/30/1991,03/31/1991,12/31/1990,09/30/1990,06/30/1990,03/31/1990,12/31/1989,09/30/1989,06/30/1989,03/31/1989,12/31/1988,09/30/1988,06/30/1988,03/31/1988,12/31/1987,09/30/1987,06/30/1987,03/31/1987,12/31/1986,09/30/1986,06/30/1986,03/31/1986,12/31/1985,09/30/1985
TotalRevenue,"1,000,787,000","206,883,000","277,300,000","272,622,000","243,982,000","197,888,000","171,582,000","203,473,000","123,970,000","176,948,000","-14,308,000","288,951,000","247,936,000","233,963,000","232,961,000","226,183,000","183,981,000","173,038,000","181,069,000","189,215,000","169,739,000","167,075,000","145,850,000","148,664,000","162,537,000","133,726,000","140,647,000","136,572,000","144,824,000","128,372,000","118,771,000","144,239,000","115,795,000","127,959,000","126,454,000","126,074,000","120,874,000","96,136,000","124,490,000","112,857,000","114,419,000","118,812,000","111,210,000","120,303,000","99,364,000","95,133,000","126,875,000","120,572,000","115,653,920","122,517,358","100,455,391","89,704,316","124,269,123","115,497,622","146,314,275","237,461,209","196,519,986","264,094,756","237,566,647","148,890,919","152,582,845","142,882,064","123,608,181","108,876,342","109,227,185","103,665,931","75,450,075","89,314,540","89,341,252","88,901,133","80,291,799","91,667,562","78,205,924","62,105,099","61,057,095","60,780,385","55,116,986","60,417,440","63,428,261","64,065,349","65,315,118","66,718,546","53,281,310","55,803,468","58,520,417","58,657,558","57,303,030","53,045,380","73,226,363","84,624,826","71,800,000","83,500,000","75,300,000","75,600,000","71,000,000","69,600,000","55,500,000","59,200,000","55,400,000","38,300,000","39,100,000","45,800,000","41,300,000","41,300,000","44,700,000","47,400,000","46,300,000","35,600,000","28,800,000","44,200,000","45,600,000","44,800,000","46,400,000","54,800,000","40,500,000","40,000,000","43,700,000","41,500,000","34,800,000","32,500,000","30,800,000","25,300,000","27,100,000","27,600,000","23,100,000","16,500,000","11,300,000","13,800,000","14,600,000","10,800,000","8,800,000","8,100,000","8,900,000","9,900,000","6,300,000","9,200,000","8,800,000","9,200,000","7,600,000","6,100,000","5,900,000","5,300,000","4,100,000","4,100,000","3,700,000","2,800,000","2,300,000","2,200,000"
	OperatingRevenue,"1,000,787,000","206,883,000","277,300,000","272,622,000","243,982,000","197,888,000","171,582,000","203,473,000","123,970,000","176,948,000","-14,308,000","288,951,000","247,936,000","233,963,000","232,961,000","226,183,000","183,981,000","173,038,000","181,069,000","189,215,000","169,739,000","167,075,000","145,850,000","148,664,000","162,537,000","133,726,000","140,647,000","136,572,000","144,824,000","128,372,000","118,771,000","144,239,000","115,795,000","127,959,000","126,454,000","126,074,000","120,874,000","96,136,000","124,490,000","112,857,000","114,419,000","118,812,000","111,210,000","120,303,000","99,364,000","95,133,000","126,875,000","120,572,000","115,653,920","122,517,358","100,455,391","89,704,316","124,269,123","115,497,622","146,314,275","237,461,209","196,519,986","264,094,756","237,566,647","148,890,919","152,582,845","142,882,064","123,608,181","108,876,342","109,227,185","103,665,931","75,450,075","89,314,540","89,341,252","88,901,133","80,291,799","91,667,562","78,205,924","62,105,099","61,057,095","60,780,385","55,116,986","60,417,440","63,428,261","64,065,349","65,315,118","66,718,546","53,281,310","55,803,468","58,520,417","58,657,558","57,303,030","53,045,380","73,226,363","84,624,826","71,800,000","83,500,000","75,300,000","75,600,000","71,000,000","69,600,000","55,500,000","59,200,000","55,400,000","38,300,000","39,100,000","45,800,000","41,300,000","41,300,000","44,700,000","47,400,000","46,300,000","35,600,000","28,800,000","44,200,000","45,600,000","44,800,000","46,400,000","54,800,000","40,500,000","40,000,000","43,700,000","41,500,000","34,800,000","32,500,000","30,800,000","25,300,000","27,100,000","27,600,000","23,100,000","16,500,000","11,300,000","13,800,000","14,600,000","10,800,000","8,800,000","8,100,000","8,900,000","9,900,000","6,300,000","9,200,000","8,800,000","9,200,000","7,600,000","6,100,000","5,900,000","5,300,000","4,100,000","4,100,000","3,700,000","2,800,000","2,300,000","2,200,000"
CostOfRevenue,"815,577,000","180,952,000","225,985,000","216,564,000","192,076,000","157,902,000","136,361,000","152,723,000","99,965,000","140,647,000","-37,761,000","246,775,000","221,065,000","209,436,000","209,427,000","199,990,000","157,612,000","150,880,000","156,380,000","160,564,000","150,238,000","150,681,000","127,960,000","130,654,000","141,730,000","117,906,000","135,318,000","123,764,000","127,382,000","114,667,000","103,262,000","124,077,000","101,133,000","115,214,000","111,494,000","109,943,000","105,248,000","89,789,000","111,338,000","99,889,000","95,674,000","105,068,000","96,729,000","99,857,000","86,636,000","82,171,000","107,434,000","100,802,000","99,161,301","105,397,057","85,531,802","73,938,921","99,071,217","89,375,938","115,387,348","194,495,620","162,772,122","223,465,142","207,344,247","131,316,292","128,570,163","118,190,505","102,840,420","91,709,696","90,553,261","86,898,289","64,300,889","75,795,083","76,968,885","77,167,143","70,745,057","80,507,149","66,793,246","52,846,375","51,972,078","51,629,438","48,088,270","50,833,811","52,700,281","52,657,754","53,678,350","54,493,496","44,004,581","46,442,232","49,502,573","49,528,793","48,448,517","45,618,310","62,363,363","72,838,183","64,700,000","71,400,000","64,400,000","63,800,000","58,900,000","59,300,000","47,300,000","49,900,000","49,800,000","32,600,000","32,800,000","38,200,000","34,300,000","34,800,000","37,100,000","40,500,000","38,500,000","30,100,000","24,800,000","36,400,000","39,300,000","35,400,000","37,100,000","45,400,000","33,500,000","33,900,000","36,300,000","34,400,000","28,000,000","26,500,000","25,300,000","20,500,000","22,500,000","22,600,000","18,800,000","13,600,000","8,400,000","11,300,000","12,100,000","9,100,000","7,900,000","6,400,000","7,200,000",,,,,,,,,,,,,,,
GrossProfit,"185,210,000","25,931,000","51,315,000","56,058,000","51,906,000","39,986,000","35,221,000","50,750,000","24,005,000","36,301,000","23,453,000","42,176,000","26,871,000","24,527,000","23,534,000","26,193,000","26,369,000","22,158,000","24,689,000","28,651,000","19,501,000","16,394,000","17,890,000","18,010,000","20,807,000","15,820,000","5,329,000","12,808,000","17,442,000","13,705,000","15,509,000","20,162,000","14,662,000","12,745,000","14,960,000","16,131,000","15,626,000","6,347,000","13,152,000","12,968,000","18,745,000","13,744,000","14,481,000","20,446,000","12,728,000","12,962,000","19,441,000","19,770,000","16,492,619","17,120,301","14,923,589","15,765,395","25,197,906","26,121,684","30,926,927","42,965,589","33,747,864","40,629,614","30,222,400","17,574,627","24,012,682","24,691,559","20,767,761","17,166,646","18,673,924","16,767,642","11,149,186","13,519,457","12,372,367","11,733,990","9,546,742","11,160,413","11,412,678","9,258,724","9,085,017","9,150,947","7,028,716","9,583,629","10,727,980","11,407,595","11,636,768","12,225,050","9,276,729","9,361,236","9,017,844","9,128,765","8,854,513","7,427,070","10,863,000","11,786,643","7,100,000","12,100,000","10,900,000","11,800,000","12,100,000","10,300,000","8,200,000","9,300,000","5,600,000","5,700,000","6,300,000","7,600,000","7,000,000","6,500,000","7,600,000","6,900,000","7,800,000","5,500,000","4,000,000","7,800,000","6,300,000","9,400,000","9,300,000","9,400,000","7,000,000","6,100,000","7,400,000","7,100,000","6,800,000","6,000,000","5,500,000","4,800,000","4,600,000","5,000,000","4,300,000","2,900,000","2,900,000","2,500,000","2,500,000","1,700,000","900,000","1,700,000","1,700,000",,,,,,,,,,,,,,,
OperatingExpense,"121,373,000","31,479,000","32,264,000","27,950,000","29,680,000","25,319,000","24,399,000","24,349,000","25,740,000","22,941,000","-5,368,000","28,542,000","23,288,000","22,875,000","21,227,000","19,368,000","20,857,000","19,262,000","18,595,000","18,655,000","18,027,000","16,744,000","16,754,000","15,197,000","16,204,000","14,790,000","14,966,000","12,813,000","14,405,000","17,243,000","16,342,000","15,620,000","14,631,000","16,287,000","14,355,000","14,319,000","14,558,000","13,175,000","15,290,000","13,143,000","14,776,000","15,371,000","13,455,000","15,170,000","15,321,000","14,291,000","14,848,000","14,401,000","15,522,328","16,907,823","14,969,711","13,879,360","17,040,337","16,767,960","23,784,794","20,917,178","17,629,124","17,227,136","17,084,241","13,529,403","13,365,744","13,271,701","14,584,730","10,943,452","10,638,877","9,901,009","9,743,303","9,195,946","8,610,757","8,573,994","8,702,837","8,358,840","7,878,999","7,453,314","7,236,125","7,029,044","7,390,221","7,019,053","7,546,221","6,619,077","7,133,068","7,385,470","7,060,256","6,373,793","6,387,522","6,024,818","6,360,158","9,676,275","8,579,971","7,302,075","12,300,000","8,900,000","8,300,000","8,200,000","8,100,000","6,400,000","6,500,000","6,100,000","7,100,000","4,800,000","5,500,000","4,900,000","5,400,000","4,600,000","5,500,000","4,900,000","4,500,000","4,700,000","4,400,000","4,800,000","5,100,000","4,400,000","4,000,000","4,000,000","3,700,000","3,000,000","2,900,000","2,600,000","3,400,000","2,300,000","2,200,000","2,000,000","2,200,000","1,600,000","1,600,000","1,300,000","1,800,000","1,200,000","1,200,000","1,100,000","700,000","1,100,000","1,100,000",,,,,,,,,,,,,,,
	SellingGeneralAndAdministration,"108,687,000","26,552,000","28,027,000","25,368,000","28,740,000","24,537,000","23,534,000","23,525,000","24,610,000","21,400,000","-3,725,000","26,673,000","21,023,000","20,501,000","19,218,000","17,251,000","19,040,000","17,873,000","17,337,000","17,057,000","16,503,000","14,602,000","14,390,000","13,820,000","14,397,000","13,566,000","13,493,000","12,359,000","13,241,000","13,602,000","13,222,000","12,663,000","11,891,000","13,428,000","11,868,000","11,593,000","11,661,000","10,374,000","12,319,000","10,234,000","11,559,000","11,596,000","9,996,000","11,896,000","12,563,000","10,743,000","10,879,000","10,400,000","11,469,253","11,628,832","10,506,895","9,742,878","12,695,949","12,007,901","18,970,391","15,701,452","12,886,262","12,539,581","12,541,521","9,689,546","9,669,552","9,482,122","8,778,591","7,851,664","7,673,134","7,055,798","7,164,952","6,809,626","6,398,731","6,319,691","6,514,526","6,232,354","6,038,768","5,664,855","5,569,256","5,228,480","5,536,469","5,270,454","5,798,980","4,869,064","5,406,543","5,457,561","5,525,463","4,818,681","4,863,004","4,428,758","4,451,455","4,527,881","5,781,399","4,690,281","9,700,000","6,200,000","5,500,000","5,500,000","5,800,000","4,400,000","4,600,000","4,200,000","5,100,000","3,400,000","3,900,000","3,300,000","3,700,000","3,200,000","3,900,000","3,500,000","6,100,000","3,400,000","3,300,000","3,600,000","4,000,000","3,100,000","2,900,000","3,100,000","3,500,000","2,800,000","2,700,000","2,400,000","3,100,000","2,200,000","2,100,000","1,900,000","2,100,000","1,500,000","1,500,000","1,200,000","1,700,000","1,100,000","1,100,000","1,000,000","700,000","1,000,000","1,000,000",,,,,,,,,,,,,,,
	ResearchAndDevelopment,"12,686,000","4,927,000","4,237,000","2,582,000","940,000","782,000","865,000","824,000","1,130,000","1,541,000","-1,643,000","1,869,000","2,265,000","2,374,000","2,009,000","2,117,000","1,817,000","1,389,000","1,258,000","1,598,000","1,524,000","2,142,000","2,364,000","1,377,000","1,807,000","1,224,000","1,473,000","454,000","1,164,000","3,641,000","3,120,000","2,957,000","2,740,000","2,859,000","2,487,000","2,726,000","2,897,000","2,801,000","2,971,000","2,909,000","3,217,000","3,775,000","3,459,000","3,274,000","2,758,000","3,548,000","3,969,000","4,001,000","4,053,075","5,278,991","4,462,816","4,136,482","4,344,388","4,760,059","4,814,403","5,215,726","4,742,862","4,687,555","4,542,720","3,839,857","3,696,192","3,789,579","3,719,745","3,091,788","2,965,743","2,845,211","2,578,351","2,386,320","2,212,026","2,254,303","2,188,311","2,126,486","1,840,231","1,788,459","1,666,869","1,800,564","1,853,753","1,748,599","1,747,241","1,750,013","1,726,525","1,927,909","1,534,793","1,555,112","1,524,518","1,596,060","1,386,039","1,598,786","1,822,545","1,755,021","1,800,000","1,700,000","1,700,000","1,700,000","1,500,000","1,400,000","1,300,000","1,300,000","1,400,000","1,100,000","1,100,000","1,100,000","1,100,000","1,000,000","1,100,000","1,000,000",,"800,000","700,000","800,000","800,000","900,000","700,000","600,000",,,,,,,,,,,,,,,,,,,,,,,,,,,,,,,,,,
	DepreciationAmortizationDepletionIncomeStatement,,,,,,,,,,,,,,,,,,,,,,,,,,,,,,,,,,,,,,,,,,,,,,,,,,,,,,,,,,,,,,,,,,,,,,,,,,,,,,,,,,,,,,,"522,664","3,549,608","976,027","856,773","800,000","1,000,000","1,100,000","1,000,000","800,000","600,000","600,000","600,000","600,000","300,000","500,000","500,000","600,000","400,000","500,000","400,000","700,000","500,000","400,000","400,000","300,000","400,000","400,000","300,000","200,000","200,000","200,000","200,000","300,000","100,000","100,000","100,000","100,000","100,000","100,000","100,000","100,000","100,000","100,000","100,000","0","100,000","100,000",,,,,,,,,,,,,,,
		DepreciationAndAmortizationInIncomeStatement,,,,,,,,,,,,,,,,,,,,,,,,,,,,,,,,,,,,,,,,,,,,,,,,,,,,,,,,,,,,,,,,,,,,,,,,,,,,,,,,,,,,,,,"522,664","3,549,608","976,027","856,773","800,000","1,000,000","1,100,000","1,000,000","800,000","600,000","600,000","600,000","600,000","300,000","500,000","500,000","600,000","400,000","500,000","400,000","700,000","500,000","400,000","400,000","300,000","400,000","400,000","300,000","200,000","200,000","200,000","200,000","300,000","100,000","100,000","100,000","100,000","100,000","100,000","100,000","100,000","100,000","100,000","100,000","0","100,000","100,000",,,,,,,,,,,,,,,
	OtherOperatingExpenses,,,,,,,,,,,,,,,,,,,,,,,,,,,,,,,,,,,,,,,,,,,,,,,,,,,,,,,,,,,,,,,,,,,,,,,,,,,,,"-1",,,,,,,,,,,,,,,,,,,,,,,,,,,,,,,,,,,,,,,,,,,,,,,,,,,,,,,,,,,,,,,,,,,,,,,
OperatingIncome,"63,837,000","-5,548,000","19,051,000","28,108,000","22,226,000","14,667,000","10,822,000","26,401,000","-1,735,000","13,360,000","28,821,000","13,634,000","3,583,000","1,652,000","2,307,000","6,825,000","5,512,000","2,896,000","6,094,000","9,996,000","1,474,000","-350,000","1,136,000","2,813,000","4,603,000","1,030,000","-9,637,000","-5,000","3,037,000","-3,538,000","-833,000","4,542,000","31,000","-3,542,000","605,000","1,812,000","1,068,000","-6,828,000","-2,138,000","-175,000","3,969,000","-1,627,000","1,026,000","5,276,000","-2,593,000","-1,329,000","4,593,000","5,369,000","970,291","212,478","-46,122","1,886,035","8,157,569","9,353,724","7,142,133","22,048,411","16,118,740","23,402,478","13,138,159","4,045,224","10,646,938","11,419,858","6,183,031","6,223,194","8,035,047","6,866,633","1,405,883","4,323,511","3,761,610","3,159,996","843,905","2,801,573","3,533,679","1,805,410","1,848,892","2,121,903","-361,505","2,564,576","3,181,759","4,788,518","4,503,700","4,839,580","2,216,473","2,987,443","2,630,322","3,103,947","2,494,355","-2,249,205","2,283,029","4,484,568","-5,200,000","3,200,000","2,600,000","3,600,000","4,000,000","3,900,000","1,700,000","3,200,000","-1,500,000","900,000","800,000","2,700,000","1,600,000","1,900,000","2,100,000","2,000,000","3,300,000","800,000","-400,000","3,000,000","1,200,000","5,000,000","5,300,000","5,400,000","3,300,000","3,100,000","4,500,000","4,500,000","3,400,000","3,700,000","3,300,000","2,800,000","2,400,000","3,400,000","2,700,000","1,600,000","1,100,000","1,300,000","1,300,000","600,000","200,000","600,000","600,000","9,900,000","-23,500,000","9,200,000","8,800,000","9,200,000","-14,300,000","6,100,000","5,900,000","5,300,000","-9,400,000","4,100,000","3,700,000","2,800,000","-7,100,000","2,200,000"
NetNonOperatingInterestIncomeExpense,"104,000","-154,000","-5,000","-199,000","279,000","353,000","267,000","227,000","55,000","-1,241,000","362,000","-144,000","-313,000","-374,000","1,977,000","-225,000","562,000","1,270,000","-3,000","-30,000","61,000","-174,000","87,000","39,000","7,000","-55,000","51,000","-127,000","-81,000","37,000","90,000","-67,000","20,000","34,000","150,000","94,000","28,000","76,000","53,000","97,000","-32,000","116,000","129,000","-160,000","-6,000","-11,000","68,000","67,000","-389,254","-208,259","-323,900","-62,723","-90,036","-108,928",,,,,,,,,,,,,,,,,,,,,,,,,,,,,,,,,,,,,,,,,,,,,,,,,,,,,,,,,,,,,,,,,,,,,,,,,,,,,,,,,,,,,,,,,,,,,,
	InterestIncomeNonOperating,,,"99,000","54,000","506,000","353,000","358,000","238,000","515,000","-510,000","423,000","480,000","1,147,000","335,000","-341,000",,"832,000","1,593,000","279,000","159,000","190,000","90,000","183,000","151,000","95,000","59,000","123,000","-36,000","31,000","127,000","166,000","13,000","111,000","128,000","226,000","173,000","115,000","146,000","135,000","178,000","49,000","207,000","193,000","0","72,000","84,000","206,000","305,000","0","109,386","30,715","266,540","239,817","215,976",,,,,,,,,,,,,,,,,,,,,,,,,,,,,,,,,,,,,,,,,,,,,,,,,,,,,,,,,,,,,,,,,,,,,,,,,,,,,,,,,,,,,,,,,,,,,,
	InterestExpenseNonOperating,,,"104,000","253,000","227,000",,"91,000","11,000","460,000","1,241,000","1,008,000","144,000","313,000","374,000","263,000","225,000","270,000","323,000","282,000","189,000","129,000","264,000","96,000","112,000","88,000","114,000","72,000","127,000","112,000","90,000","76,000","80,000","91,000","94,000","76,000","79,000","87,000","70,000","82,000","81,000","81,000","91,000","64,000","160,000","78,000","95,000","138,000","238,000","389,254","317,645","354,615","329,263","329,853","324,904",,,,,,,,,,,,,,,,,,,,,,,,,,,,,,,,,,,,,,,,,,,,,,,,,,,,,,,,,,,,,,,,,,,,,,,,,,,,,,,,,,,,,,,,,,,,,,
	TotalOtherFinanceCost,,"154,000",,,,,,,,,,,,,,,,,,,,,,,,,,,,,,,,,,,,,,,,,,,,,,,,,,,,,,,,,,,,,,,,,,,,,,,,,,,,,,,,,,,,,,,,,,,,,,,,,,,,,,,,,,,,,,,,,,,,,,,,,,,,,,,,,,,,,,,,,,,,,,,,,,
OtherIncomeExpense,,"-35,000",,,,,,,,,"-1,780,000","349,000","1,082,000","272,000","-2,718,000","-320,000","-797,000","-20,000","0","-232,000","-319,000","-492,000","-171,000","-221,000","-227,000","-339,000","-371,000","-453,000","-692,000","-820,000","-1,074,000","-275,000","0","0","-4,855,000","0","0","0","-643,000","-100,000","-83,000","-1,793,000","0","0","-1,050,000","0","0","0","-841,170","0","-20,284","-686,253","0","0","0","0","0","0","0","0","0",,"0","0","0","0","0",,"0","0","575,340",,"0","0","-98,973","0",,,"0","0","301,998","0","0","0","0","0","-520,000","-8,247,325",,"-133,809",,"-100,000",,"100,000","-1,400,000","-100,000","-1,300,000","-1,000,000","-13,300,000","-1,000,000","300,000","-500,000","-3,500,000","0","0","0","-1,300,000","400,000","-100,000","100,000","200,000","0","300,000","-100,000","300,000","300,000","200,000","200,000","200,000","100,000","200,000",,"100,000","200,000","100,000","0","0","0","100,000","100,000","300,000","0","100,000",,,,,,,,,,,,,,,
	SpecialIncomeCharges,,,,,,,,,,,"-817,000","-131,000","935,000","-63,000","-2,330,000","-476,000","-797,000","-20,000","0","-232,000","-319,000","-492,000","-171,000","-221,000","-227,000","-339,000","-371,000","-453,000","-692,000","-820,000","-1,074,000","-275,000",,,"-4,854,000","0","0","0","-643,000","-100,000","-83,000","-1,793,000","0","0","-1,050,000","0","0","0","-841,170","0","-20,284","-686,253",,,,,,,,,,,,,,,,,,,,,,,,,,,,,,,,,,,,,,"-133,809",,,,"100,000","-1,400,000","-100,000","-1,300,000","-1,000,000","-13,300,000","-1,000,000","300,000","-500,000",,,,,,"400,000",,,,,,,"300,000","300,000","200,000","200,000","200,000","100,000","200,000",,"100,000",,,,,,,,,,,,,,,,,,,,,,,,,
		RestructuringAndMergernAcquisition,,,,,,,,,,,"817,000","131,000","-935,000","63,000","2,330,000","476,000","797,000","20,000","0","232,000","319,000","492,000","171,000","221,000","227,000","339,000","371,000","453,000","692,000","820,000","1,074,000","275,000",,,"0","0","0","0","643,000","100,000","83,000","1,793,000","0",,"1,050,000",,"0","0","841,170",,"20,284","686,253",,,,,,,,,,,,,,,,,,,,,,,,,,,,,,,,,,,,,,,,,,,,,,,,,,,,,,,,,,,,,,,,,,,,,,,,,,,,,,,,,,,,,,,,,,,,,,,,
		ImpairmentOfCapitalAssets,,,,,,,,,,,,,,,,,,,,,,,,,,,,,,,"0",,,,"4,855,000",,,,,,,,,,,,,,,,,,,,,,,,,,,,,,,,,,,,,,,,,,,,,,,,,,,,,,,,,,,,,,,,,,,,,,,,,,,,,,,,,,,,,,,,,,,,,,,,,,,,,,,,,,,,,,,,,
		OtherSpecialCharges,,,,,,,,,,,,,,,,,,,"0","0","0","0","0","0","0","0","0","0","0","0","0",,,,"0",,,,"0","0","0","0",,,"0",,"0",,"132,000",,"0","0",,,,,,,,,,,,,,,,,,,,,,,,,,,,,,,,,,,,,,,,,,,,,,,,,,,,,,,,,,,,,,,,,,,,,,,,,,,,,,,,,,,,,,,,,,,,,,,,
	OtherNonOperatingIncomeExpenses,,"-35,000",,,,,,,,,,"480,000","147,000","335,000",,"156,000",,,,,,,,,,,,,,,,,,,,,,,,,,,,,,,,,,,,,,,,,,,,,,,,,,,,,,,,,,,,,,,,,,,,,,,,,,,,,,,,,,,,,,,,,,,,,,,,,,,,,,,,,,,,,,,,,,,,,,,,,,,,,,,,,,,,
PretaxIncome,"63,723,000","-5,737,000","19,046,000","27,909,000","22,505,000","15,020,000","11,089,000","26,628,000","-1,680,000","12,119,000","27,403,000","13,839,000","4,352,000","1,550,000","1,566,000","6,280,000","5,277,000","4,146,000","6,091,000","9,734,000","1,216,000","-1,016,000","1,052,000","2,631,000","4,383,000","636,000","-9,957,000","-585,000","2,264,000","-4,321,000","-1,817,000","4,200,000","51,000","-3,508,000","-4,099,000","1,906,000","1,096,000","-6,752,000","-2,728,000","-178,000","3,854,000","-3,304,000","1,155,000","5,116,000","-3,649,000","-1,340,000","4,661,000","5,436,000","-260,133","4,219","-390,306","1,137,059","8,067,533","9,244,796","6,946,802","21,737,259","15,881,937","22,763,226","12,512,896","4,000,261","10,403,242","11,310,878","6,278,381","6,363,168","8,215,722","7,115,176","1,647,530","4,536,874","3,909,073","3,275,523","936,254","2,860,526","3,588,829","1,808,115","1,313,052","2,135,548","-350,021","2,645,968","3,233,009","4,989,484","4,487,675","4,693,990","2,216,239","2,642,028","2,359,985","2,682,238","2,119,622","-2,418,334","2,020,696","3,577,803","-5,900,000","2,400,000","2,100,000","2,900,000","2,300,000","3,500,000","0","1,900,000","-15,100,000","-300,000","900,000","1,900,000","-2,000,000","1,800,000","2,000,000","1,900,000","1,900,000","1,000,000","-500,000","3,000,000","1,000,000","4,900,000","5,400,000","5,300,000","3,500,000","3,200,000","4,600,000","4,600,000","3,700,000","3,900,000","3,500,000","2,700,000","2,400,000","3,500,000","2,600,000","1,400,000","900,000","1,100,000","1,200,000","500,000","400,000","400,000","400,000",,,,,,,,,,,,,,,
TaxProvision,"9,131,000","-1,885,000","-1,446,000","6,910,000","5,552,000","3,490,000","2,783,000","7,253,000","-546,000","377,000","5,856,000","3,424,000","1,063,000","13,000","-266,000","1,037,000","1,537,000","-48,000","3,651,000","-3,736,000","92,000","83,000","111,000","-113,000","9,000","93,000","-16,000","5,234,000","1,088,000","-1,426,000","-1,566,000","1,009,000","-179,000","-1,367,000","-1,131,000","1,343,000","405,000","-2,498,000","-262,000","149,000","1,503,000","-1,289,000","462,000","1,918,000","-1,429,000","-442,000","1,008,000","1,952,000","-88,041","1,475","23,000","388,000","2,690,000","3,186,000","4,084,977","7,081,023","5,466,528","7,982,472","4,301,329","1,429,793","3,887,740","4,104,138","2,998,089","2,289,291","3,222,925","2,633,695","661,497","1,833,905","1,351,893","1,229,705","541,554","966,386","1,322,020","482,040","203,703","673,233","-128,901","556,465","1,012,284","1,744,619","1,757,359","1,454,738","521,551","1,087,273","1,061,990","1,214,186","212,071","-685,745","1,006,404","1,609,265","-1,100,000","1,500,000","1,100,000","1,500,000","1,300,000","1,400,000","500,000","1,000,000","-1,100,000","200,000","300,000","1,100,000","-700,000","600,000","900,000","700,000","700,000","400,000","-300,000","1,200,000","100,000","1,900,000","2,200,000","1,700,000","1,300,000","1,100,000","1,500,000","1,500,000","1,100,000","1,300,000","1,200,000","900,000","800,000","1,200,000","900,000","500,000","300,000","400,000","400,000","200,000","100,000","100,000","100,000",,,,,,,,,,,,,,,
NetIncomeCommonStockholders,"53,497,000","-3,852,000","20,464,000","20,922,000","15,963,000","11,576,000","7,633,000","18,736,000","-1,361,000","7,811,000","-27,823,000","10,354,000","3,504,000","1,397,000","1,832,000","5,243,000","3,740,000","4,194,000","2,440,000","13,470,000","1,124,000","-1,098,000","942,000","2,745,000","4,379,000","543,000","-9,450,000","-5,818,000","1,177,000","-2,880,000","-133,000","3,199,000","247,000","-2,140,000","-2,970,000","563,000","691,000","-4,254,000","-2,466,000","-327,000","2,351,000","-2,015,000","693,000","3,198,000","-2,220,000","-898,000","3,431,000","3,317,000","-2,609,542","2,744","-413,306","749,059","5,377,533","6,058,796","2,861,825","14,656,236","10,415,409","14,780,754","8,211,567","2,570,468","6,515,502","7,206,740","3,280,292","4,073,877","4,992,797","4,481,481","986,033","2,702,969","2,557,180","2,045,818","394,700","1,894,140","2,266,809","1,326,075","1,253,111","1,462,315","734,058","2,599,631","2,220,725","3,136,739","3,032,314","3,314,694","1,810,337","1,554,755","1,297,995","1,468,052","1,387,551","-9,979,914","1,014,292","1,968,538","-4,800,000","900,000","1,000,000","1,400,000","1,000,000","2,100,000","-500,000","900,000","-14,000,000","-500,000","600,000","800,000","-1,300,000","1,200,000","1,100,000","1,200,000","1,200,000","600,000","-200,000","1,800,000","900,000","3,000,000","3,300,000","3,600,000","2,200,000","2,100,000","3,100,000","3,100,000","2,600,000","2,600,000","2,300,000","1,800,000","1,600,000","2,300,000","1,700,000","900,000","600,000","700,000","800,000","300,000","300,000","300,000","300,000",,,,,,,,,,,,,,,
	NetIncome,"53,497,000","-3,852,000","20,464,000","20,922,000","15,963,000","11,576,000","7,633,000","18,736,000","-1,361,000","7,811,000","-27,823,000","10,354,000","3,504,000","1,397,000","1,832,000","5,243,000","3,740,000","4,194,000","2,440,000","13,470,000","1,124,000","-1,098,000","942,000","2,745,000","4,379,000","543,000","-9,450,000","-5,818,000","1,177,000","-2,880,000","-133,000","3,199,000","247,000","-2,140,000","-2,970,000","563,000","691,000","-4,254,000","-2,466,000","-327,000","2,351,000","-2,015,000","693,000","3,198,000","-2,220,000","-898,000","3,431,000","3,317,000","-2,609,542","2,744","-413,306","749,059","5,377,533","6,058,796","2,861,825","14,656,236","10,415,409","14,780,754","8,211,567","2,570,468","6,515,502","7,206,740","3,280,292","4,073,877","4,992,797","4,481,481","986,033","2,702,969","2,557,180","2,045,818","394,700","1,894,140","2,266,809","1,326,075","1,253,111","1,462,315","734,058","2,599,631","2,220,725","3,136,739","3,032,314","3,314,694","1,810,337","1,554,755","1,297,995","1,468,052","1,387,551","-9,979,914","1,014,292","1,968,538","-4,800,000","900,000","1,000,000","1,400,000","1,000,000","2,100,000","-500,000","900,000","-14,000,000","-500,000","600,000","800,000","-1,300,000","1,200,000","1,100,000","1,200,000","1,200,000","600,000","-200,000","1,800,000","900,000","3,000,000","3,300,000","3,600,000","2,200,000","2,100,000","3,100,000","3,100,000","2,600,000","2,600,000","2,300,000","1,800,000","1,600,000","2,300,000","1,700,000","900,000","600,000","700,000","800,000","300,000","300,000","300,000","300,000",,,,,,,,,,,,,,,
		NetIncomeIncludingNoncontrollingInterests,"54,692,000","-3,852,000","20,592,000","20,999,000","16,953,000","11,611,000","7,802,000","18,777,000","-1,291,000","7,878,000","-27,669,000","10,415,000","3,289,000","1,537,000","1,832,000","5,243,000","3,740,000","4,194,000","2,440,000","13,470,000","1,124,000","-1,099,000","941,000","2,744,000","4,374,000","543,000","-9,941,000","-5,819,000","1,176,000","-2,895,000","-251,000","3,191,000","230,000","-2,141,000","-2,968,000","563,000","691,000","-4,254,000","-2,466,000","-327,000","2,351,000","-2,015,000","693,000","3,198,000","-2,220,000","-898,000","3,431,000","3,317,000","-2,609,542","2,744","-413,306","749,059","5,377,533","6,058,796","2,861,825","14,656,236","10,415,409","14,780,754","8,211,567","2,570,468","6,515,502","7,206,740","3,280,292","4,073,877","4,992,797","4,481,481","986,033","2,702,969","2,557,180","2,045,818","394,700","1,894,140","2,266,809","1,326,075","1,253,111","1,462,315","734,058","2,599,631","2,220,725","3,136,739","3,032,314","3,314,694","1,810,337","1,554,755","1,297,995","1,468,052","1,387,551","-9,979,914","1,014,292","1,968,538","-4,800,000","900,000","1,000,000","1,400,000","1,000,000","2,100,000","-500,000","900,000","-14,000,000","-500,000","600,000","800,000","-1,300,000","1,200,000","1,100,000","1,200,000","1,200,000","600,000","-200,000","1,800,000","1,200,000","2,900,000","3,300,000","3,700,000","2,000,000","2,100,000","3,100,000","3,100,000","2,600,000","2,600,000","2,300,000","1,800,000","1,600,000","2,300,000","1,700,000","900,000","600,000","700,000","800,000","300,000","300,000","300,000","300,000","400,000","100,000","600,000","700,000","800,000","600,000","500,000","400,000","400,000","200,000","300,000","200,000","100,000","0","200,000"
			NetIncomeContinuousOperations,"54,592,000","-3,852,000","20,492,000","20,999,000","16,953,000","11,530,000","8,306,000","19,375,000","-1,134,000","11,742,000","21,547,000","10,415,000","3,289,000","1,537,000","1,832,000","5,243,000","3,740,000","4,194,000","2,440,000","13,470,000","1,124,000","-1,099,000","941,000","2,744,000","4,374,000","543,000","-9,941,000","-5,819,000","1,176,000","-2,895,000","-251,000","3,191,000","230,000","-2,141,000","-2,968,000","563,000","691,000","-4,254,000","-2,466,000","-327,000","2,351,000","-2,015,000","693,000","3,198,000","-2,220,000","-898,000","3,653,000","3,484,000","-172,092","2,744","-413,306","749,059","5,377,533","6,058,796","2,861,825","14,656,236","10,415,409","14,780,754","8,211,567","2,570,468","6,515,502","7,206,740","3,280,292","4,073,877","4,992,797","4,481,481","986,033","2,702,969","2,557,180","2,045,818","394,700","1,894,140","2,266,809","1,326,075","1,109,349","1,462,315","-221,120","2,089,503","2,220,725","3,244,865","2,730,316","3,239,252","1,694,688","1,554,755","1,297,995","1,468,052","1,907,551","-1,732,589","1,014,292","1,968,538","-4,800,000","900,000","1,000,000","1,400,000","1,000,000","2,100,000","-500,000","900,000","-14,000,000","-500,000","600,000","800,000","-1,300,000","1,200,000","1,100,000","1,200,000","1,200,000","600,000","-200,000","1,800,000","900,000","3,000,000","3,200,000","3,600,000","2,200,000","2,100,000","3,100,000","3,100,000","2,600,000","2,600,000","2,300,000","1,800,000","1,600,000","2,300,000","1,700,000","900,000","600,000","700,000","800,000","300,000","300,000","300,000","300,000","400,000","100,000","600,000","700,000","800,000","600,000","500,000","400,000","400,000","200,000","300,000","200,000","100,000","0","200,000"
			NetIncomeDiscontinuousOperations,"100,000","0","100,000","0","0","81,000","-504,000","-598,000","-157,000","-3,864,000","-41,952,000",,,,,,,,,,,,,,,,,,,,,,,,,,,,,,,,"0","0","0","0","-222,000","-167,000","-2,437,450",,,,,,,,,,,,,,,,,,,,,,,,,,"143,762",,"955,178","510,128","0","-108,126","301,998","75,442",,,,,"-520,000","-8,247,325",,,,,,,,,,,,,,,,,,,,,,,,,,,,,,,,,,,,,,,,,,,,,,,,,,,,,,,,,,,,
			NetIncomeFromTaxLossCarryforward,,,,,,,,,,,,,,,,,,,,,,,,,,,,,,,,,,,,,,,,,,,,,,,,,,,,,,,,,,,,,,,,,,,,,,,,,,,,,,,,,,,,,,,,,,,,,,,,,,,,,,,,,,,,,,,,,"100,000",,,,,,,,,,,,,,,,,,,,,,,,,,,,,,,,,,,
		MinorityInterests,"-1,195,000","0","-128,000","-77,000","-990,000","-35,000","-169,000","-41,000","-70,000","-67,000","-154,000","-61,000","215,000","-140,000","0","0","0","0","0","0","0","1,000","1,000","1,000","5,000","0","491,000","1,000","1,000","15,000","118,000","8,000","17,000","1,000","-2,000",,,,,,,,,,,,,,,,,,,,,,,,,,,,,,,,,,,,,,,,,,,,,,,,,,,,,,,,,,,,,,,,,,,,,,,,,,,,,"100,000",,"-100,000","200,000",,,,,,,,,,,,,,,,,,,,,,,,,,,,,,,,,
DilutedNIAvailtoComStockholders,"53,497,000","-3,852,000","20,464,000","20,922,000","15,963,000","11,576,000","7,633,000","18,736,000","-1,361,000","7,811,000","-27,823,000","10,354,000","3,504,000","1,397,000","1,832,000","5,243,000","3,740,000","4,194,000","2,440,000","13,470,000","1,124,000","-1,098,000","942,000","2,745,000","4,379,000","543,000","-9,450,000","-5,818,000","1,177,000","-2,880,000","-133,000","3,199,000","247,000","-2,140,000","-2,970,000","563,000","691,000","-4,254,000","-2,466,000","-327,000","2,351,000","-2,015,000","693,000","3,198,000","-2,220,000","-898,000","3,431,000","3,317,000","-2,609,542","2,744","-413,306","749,059","5,377,533","6,058,796","2,861,825","14,656,236","10,415,409","14,780,754","8,211,567","2,570,468","6,515,502","7,206,740","3,280,292","4,073,877","4,992,797","4,481,481","986,033","2,702,969","2,557,180","2,045,818","394,700","1,894,140","2,266,809","1,326,075","1,253,111","1,462,315","734,058","2,599,631","2,220,725","3,136,739","3,032,314","3,314,694","1,810,337","1,554,755","1,297,995","1,468,052","1,387,551","-9,979,914","1,014,292","1,968,538","-4,800,000","900,000","1,000,000","1,400,000","1,000,000","2,100,000","-500,000","900,000","-14,000,000","-500,000","600,000","800,000","-1,300,000","1,200,000","1,100,000","1,200,000","1,200,000","600,000","-200,000","1,800,000","900,000","3,000,000","3,300,000","3,600,000","2,200,000","2,100,000","3,100,000","3,100,000","2,600,000","2,600,000","2,300,000","1,800,000","1,600,000","2,300,000","1,700,000","900,000","600,000","700,000","800,000","300,000","300,000","300,000","300,000",,,,,,,,,,,,,,,
BasicEPS,,"-0.11","0.58","0.59","0.45","0.33","0.21","0.53","-0.04","0.22","-0.79","0.29","0.1","0.04","0.05","0.15","0.11","0.12","0.07","0.38","0.03","-0.03","0.03","0.08","0.13","0.02","-0.28","-0.17","0.03","-0.09","-0.004","0.09","0.01","-0.06","-0.09","0.02","0.02","-0.13","-0.07","-0.01","0.07","-0.06",,"0.1","-0.07","-0.03",,"0.1","-0.08","0",,"0.02","0.17","0.19",,"0.46","0.33","0.46",,"0.08","0.2","0.227",,"0.138","0.173","0.16",,"0.098","0.089","0.071",,"0.067","0.08","0.049",,"0.053","0.027","0.098",,"0.116","0.12","0.138",,"0.067","0.053","0.062",,"-0.391","0.04","0.071",,"0.014","0.016","0.024",,"0.032","-0.008","0.014",,"-0.008","0.01","0.012",,"0.02","0.018","0.02",,"0.01","-0.004","0.028",,"0.045","0.047","0.053",,"0.032","0.032","0.03",,"0.026","0.022","0.02",,"0.017","0.013","0.008",,"0.006","0.007","0.003",,"0.003","0.003","0.003",,"0.005","0.005","0.008",,"0.003","0.003","0.003",,"0.002","0.001","0.001",,"0.001"
DilutedEPS,,"-0.11","0.56","0.58","0.44","0.32","0.21","0.52","-0.04","0.22","-0.79","0.29","0.1","0.04","0.05","0.15","0.11","0.12","0.07","0.38","0.03","-0.03","0.03","0.08","0.13","0.02","-0.28","-0.17","0.03","-0.09","-0.004","0.09","0.01","-0.06","-0.09","0.02","0.02","-0.13","-0.07","-0.01","0.07","-0.06",,"0.1","-0.07","-0.03",,"0.1","-0.08","0",,"0.02","0.16","0.19",,"0.45","0.32","0.45",,"0.08","0.2","0.22",,"0.133","0.169","0.156",,"0.093","0.089","0.071",,"0.067","0.08","0.049",,"0.053","0.027","0.093",,"0.111","0.111","0.133",,"0.065","0.053","0.062",,"-0.392","0.039","0.071",,"0.014","0.016","0.024",,"0.032","-0.008","0.014",,"-0.008","0.01","0.012",,"0.02","0.018","0.02",,"0.01","-0.004","0.028",,"0.045","0.047","0.053",,"0.032","0.032","0.03",,"0.026","0.022","0.02",,"0.017","0.013","0.008",,"0.006","0.007","0.003",,"0.003","0.003","0.003",,"0.005","0.005","0.008",,"0.003","0.003","0.003",,"0.002","0.001","0.001",,"0.001"
BasicAverageShares,,"35,108,000","35,341,000","35,346,000","35,333,000","35,312,000","35,445,000","35,559,000","35,512,000","35,401,000","35,339,000","35,317,000","35,349,000","35,265,000","35,210,000","35,182,000","35,260,000","35,094,000","35,117,000","35,105,000","35,127,000","33,725,000","34,417,000","34,439,000","34,512,000","34,280,000","33,886,000","33,885,000","34,280,000","33,661,000","33,650,000","34,246,000","34,446,000","33,728,000","33,695,000","34,133,000","34,105,000","33,381,000","33,251,000","33,374,000","33,883,000","33,019,000",,"33,506,000","32,835,000","32,652,000",,"33,056,000","32,287,000","32,905,000",,"32,914,000","32,587,000","32,441,000",,"32,017,000","32,001,000","31,954,000",,"32,200,000","32,073,000","31,654,500",,"29,992,500","28,865,250","28,386,000",,"28,199,250","28,107,000","28,118,250",,"27,864,000","27,603,000","27,513,000",,"27,272,250","27,274,500","27,193,500",,"26,815,500","25,735,500","24,482,250",,"23,674,500","23,665,500","23,665,500",,"25,465,500","26,311,500","27,353,250",,"28,203,750","28,203,750","28,203,750",,"28,208,250","28,273,500","28,262,250",,"62,676,870","62,767,903","62,767,903",,"27,976,500","28,179,000","28,201,500",,"28,571,172","28,795,948","29,357,885",,"29,443,300","29,441,051","29,414,078",,"29,357,885","29,308,435","29,200,543",,"29,130,862","29,330,912","27,236,007",,"27,155,088","23,700,294","23,356,388",,"23,363,130","23,327,166","23,329,415",,"23,311,433","23,302,442","23,286,708",,"23,282,211","23,261,982","23,261,982",,"28,060,933","27,809,184","27,809,184",,"27,809,184","27,809,184","27,809,184",,"27,809,184"
DilutedAverageShares,,"35,108,000","36,185,000","36,074,000","36,190,000","36,191,000","36,226,000","35,989,000","35,512,000","35,664,000","35,582,000","35,463,000","35,368,000","35,265,000","35,210,000","35,182,000","35,260,000","35,094,000","35,117,000","35,105,000","35,127,000","33,725,000","34,417,000","34,439,000","34,512,000","34,280,000","33,886,000","33,885,000","34,281,000","33,661,000","33,650,000","34,249,000","34,450,000","33,728,000","33,695,000","34,182,000","34,139,000","33,381,000","33,251,000","33,374,000","33,892,000","33,019,000",,"33,525,000","32,835,000","32,652,000",,"33,079,000","32,287,000","33,069,000",,"33,126,000","32,934,000","32,508,000",,"32,335,000","32,705,000","32,512,000",,"32,862,000","32,947,000","32,610,000",,"30,550,500","29,598,750","28,766,250",,"28,831,500","28,658,250","28,764,000",,"28,932,750","28,496,250","28,266,750",,"27,866,250","27,274,500","28,098,000",,"28,266,750","27,157,500","25,278,750",,"23,760,000","23,685,750","23,676,750",,"25,479,000","26,325,000","27,391,500",,"28,203,750","28,203,750","28,203,750",,"28,208,250","28,273,500","28,262,250",,"62,676,870","62,767,903","62,767,903",,"27,976,500","28,179,000","28,201,500",,"28,571,172","28,795,948","29,357,885",,"29,443,300","29,441,051","29,414,078",,"29,357,885","29,308,435","29,200,543",,"29,130,862","29,330,912","27,236,007",,"27,155,088","23,700,294","23,356,388",,"23,363,130","23,327,166","23,329,415",,"23,311,433","23,302,442","23,286,708",,"23,282,211","23,261,982","23,261,982",,"28,060,933","27,809,184","27,809,184",,"27,809,184","27,809,184","27,809,184",,"27,809,184"
TotalOperatingIncomeAsReported,"63,837,000","-5,548,000","19,051,000","28,108,000","22,226,000","14,667,000","10,822,000","26,401,000","-1,735,000","13,360,000","29,004,000","13,503,000","3,518,000","1,589,000","2,170,000","6,349,000","4,715,000","2,876,000","6,094,000","9,764,000","1,155,000","-842,000","965,000","2,592,000","4,376,000","691,000","-10,008,000","-458,000","2,345,000","-4,358,000","-1,907,000","4,267,000","31,000","-3,542,000","-4,249,000","1,812,000","1,068,000","-6,828,000","-2,781,000","-275,000","3,886,000","-3,420,000","1,026,000","5,276,000","-3,643,000","-1,329,000","4,593,000","5,369,000","129,121","212,478","-66,406","1,199,782","8,157,569","9,353,724","7,142,133","22,048,411","16,118,740","23,402,478","13,138,159","4,045,224","10,646,938","11,419,858","6,183,031","6,223,194","8,035,047","6,866,633","1,405,883","4,323,511","3,761,610","3,159,996","843,905","2,801,573","3,533,679","1,805,410","1,848,892","2,121,903","-361,505","2,564,576","3,181,759","4,788,518","4,503,700","4,839,580","2,216,473","2,987,443","2,630,322","3,103,947","2,494,355","-2,249,205","2,283,029","4,484,568","-5,200,000","3,200,000","2,600,000","3,600,000","4,000,000","3,900,000","1,700,000","3,200,000","-1,500,000","900,000","800,000","2,700,000","1,600,000","1,900,000","2,100,000","2,000,000","3,300,000","800,000","-400,000","3,000,000","1,200,000","5,000,000","5,300,000","5,400,000","3,300,000","3,100,000","4,500,000","4,500,000","3,400,000","3,700,000","3,300,000","2,800,000","2,400,000","3,400,000","2,700,000","1,600,000","1,100,000","1,300,000","1,300,000","600,000","200,000","600,000","600,000",,,,,,,,,,,,,,,
TotalExpenses,"936,950,000","212,431,000","258,249,000","244,514,000","221,756,000","183,221,000","160,760,000","177,072,000","125,705,000","163,588,000","-43,129,000","275,317,000","244,353,000","232,311,000","230,654,000","219,358,000","178,469,000","170,142,000","174,975,000","179,219,000","168,265,000","167,425,000","144,714,000","145,851,000","157,934,000","132,696,000","150,284,000","136,577,000","141,787,000","131,910,000","119,604,000","139,697,000","115,764,000","131,501,000","125,849,000","124,262,000","119,806,000","102,964,000","126,628,000","113,032,000","110,450,000","120,439,000","110,184,000","115,027,000","101,957,000","96,462,000","122,282,000","115,203,000","114,683,629","122,304,880","100,501,513","87,818,281","116,111,554","106,143,898","139,172,142","215,412,798","180,401,246","240,692,278","224,428,488","144,845,695","141,935,907","131,462,206","117,425,150","102,653,148","101,192,138","96,799,298","74,044,192","84,991,029","85,579,642","85,741,137","79,447,894","88,865,989","74,672,245","60,299,689","59,208,203","58,658,482","55,478,491","57,852,864","60,246,502","59,276,831","60,811,418","61,878,966","51,064,837","52,816,025","55,890,095","55,553,611","54,808,675","55,294,585","70,943,334","80,140,258","77,000,000","80,300,000","72,700,000","72,000,000","67,000,000","65,700,000","53,800,000","56,000,000","56,900,000","37,400,000","38,300,000","43,100,000","39,700,000","39,400,000","42,600,000","45,400,000","43,000,000","34,800,000","29,200,000","41,200,000","44,400,000","39,800,000","41,100,000","49,400,000","37,200,000","36,900,000","39,200,000","37,000,000","31,400,000","28,800,000","27,500,000","22,500,000","24,700,000","24,200,000","20,400,000","14,900,000","10,200,000","12,500,000","13,300,000","10,200,000","8,600,000","7,500,000","8,300,000",,,,,,,,,,,,,,,
NetIncomeFromContinuingAndDiscontinuedOperation,"53,497,000","-3,852,000","20,464,000","20,922,000","15,963,000","11,576,000","7,633,000","18,736,000","-1,361,000","7,811,000","-27,823,000","10,354,000","3,504,000","1,397,000","1,832,000","5,243,000","3,740,000","4,194,000","2,440,000","13,470,000","1,124,000","-1,098,000","942,000","2,745,000","4,379,000","543,000","-9,450,000","-5,818,000","1,177,000","-2,880,000","-133,000","3,199,000","247,000","-2,140,000","-2,970,000","563,000","691,000","-4,254,000","-2,466,000","-327,000","2,351,000","-2,015,000","693,000","3,198,000","-2,220,000","-898,000","3,431,000","3,317,000","-2,609,542","2,744","-413,306","749,059","5,377,533","6,058,796","2,861,825","14,656,236","10,415,409","14,780,754","8,211,567","2,570,468","6,515,502","7,206,740","3,280,292","4,073,877","4,992,797","4,481,481","986,033","2,702,969","2,557,180","2,045,818","394,700","1,894,140","2,266,809","1,326,075","1,253,111","1,462,315","734,058","2,599,631","2,220,725","3,136,739","3,032,314","3,314,694","1,810,337","1,554,755","1,297,995","1,468,052","1,387,551","-9,979,914","1,014,292","1,968,538","-4,800,000","900,000","1,000,000","1,400,000","1,000,000","2,100,000","-500,000","900,000","-14,000,000","-500,000","600,000","800,000","-1,300,000","1,200,000","1,100,000","1,200,000","1,200,000","600,000","-200,000","1,800,000","900,000","3,000,000","3,200,000","3,600,000","2,200,000","2,100,000","3,100,000","3,100,000","2,600,000","2,600,000","2,300,000","1,800,000","1,600,000","2,300,000","1,700,000","900,000","600,000","700,000","800,000","300,000","300,000","300,000","300,000",,,,,,,,,,,,,,,
NormalizedIncome,"53,397,000","-3,852,000","20,364,000","20,922,000","15,963,000","11,495,000","8,137,000","19,334,000","-1,204,000","11,675,000","22,035,407.729","10,452,643","2,797,140","1,459,496","3,532,900","5,640,460","4,305,073","4,208,600","2,440,000","13,609,200","1,419,075","-802,800","1,094,957.224","2,877,600","4,605,546","832,506","-9,079,596.164","-5,546,200","1,592,200","-2,330,600","565,100","3,408,000","247,000","-2,140,000","544,679.678","563,000","691,000","-4,254,000","-1,884,754.399","-262,000","2,401,631.292","-921,508.777","693,000","3,198,000","-1,581,194.848","-898,000","3,653,000","3,484,000","384,387.292","2,744","-400,121.4","1,201,141.07","5,377,533","6,058,796","2,861,825","14,656,236","10,415,409","14,780,754","8,211,567","2,570,468","6,515,502","7,206,740","3,280,292","4,073,877","4,992,797","4,481,481","986,033","2,702,969","2,557,180","2,045,818","394,700","1,894,140","2,266,809","1,326,075","1,109,349","1,462,315","-221,120","2,089,503","2,220,725","3,244,865","2,730,316","3,239,252","1,694,688","1,554,755","1,297,995","1,468,052","1,907,551","-1,732,589","1,014,292","2,048,823.4","-4,800,000","900,000","1,000,000","1,340,000","1,840,000","2,160,000","800,000","1,500,000","-1,668,874.172","100,000","400,000","1,100,000","-1,300,000","1,200,000","1,100,000","1,200,000","1,200,000","360,000","-200,000","1,800,000","900,000","3,000,000","3,200,000","3,600,000","2,011,428.571","1,903,125","2,965,217.391","2,965,217.391","2,459,459.459","2,533,333.333","2,168,571.429","1,800,000","1,533,333.333","2,300,000","1,700,000","900,000","600,000","700,000","800,000","300,000","300,000","300,000","300,000",,,,,,,,,,,,,,,
InterestIncome,,,"99,000","54,000","506,000","353,000","358,000","238,000","515,000","-510,000","423,000","480,000","1,147,000","335,000","-341,000",,"832,000","1,593,000","279,000","159,000","190,000","90,000","183,000","151,000","95,000","59,000","123,000","-36,000","31,000","127,000","166,000","13,000","111,000","128,000","226,000","173,000","115,000","146,000","135,000","178,000","49,000","207,000","193,000","0","72,000","84,000","206,000","305,000","0","109,386","30,715","266,540","239,817","215,976","55,782","330,826","199,424","93,197","204,965","190,528","192,315",,"291,550","204,631","210,795","304,637","276,215",,"178,325","161,584",,,"158,179","105,923",,"75,825",,,"98,583","287,200","107,635","-55,014","172,268","-17,026","77,113","105,078","379,673","166,222",,,,,,,,,,,,,,,,,,,,,,,,,,,,,,,,,,,,,,,,,,,,,,,,,,,,,,,,,,,,
InterestExpense,,,"104,000","253,000","227,000",,"91,000","11,000","460,000","1,241,000","1,008,000","144,000","313,000","374,000","263,000","225,000","270,000","323,000","282,000","189,000","129,000","264,000","96,000","112,000","88,000","114,000","72,000","127,000","112,000","90,000","76,000","80,000","91,000","94,000","76,000","79,000","87,000","70,000","82,000","81,000","81,000","91,000","64,000","160,000","78,000","95,000","138,000","238,000","389,254","317,645","354,615","329,263","329,853","324,904","251,113","641,978","436,227","732,449","830,228","235,491","436,011",,"196,200","64,657","30,120","56,094","34,568",,"30,862","46,057","59,730",,"103,029","103,218","99,364","62,180",,,"47,333","86,234","123,660","90,576","172,502","328,389","347,450","526,787","754,406","335,351",,"772,956",,"700,000",,"800,000","500,000","300,000",,,,,"200,000","300,000","100,000","100,000","100,000","100,000","100,000","100,000",,"100,000","100,000","200,000","100,000","100,000","200,000","200,000","100,000","100,000","0",,,,"0","100,000","200,000","200,000","200,000","200,000","200,000","200,000","100,000","200,000","300,000",,,,,,,,,,,,,,,
NetInterestIncome,"104,000","-154,000","-5,000","-199,000","279,000","353,000","267,000","227,000","55,000","-1,241,000","362,000","-144,000","-313,000","-374,000","1,977,000","-225,000","562,000","1,270,000","-3,000","-30,000","61,000","-174,000","87,000","39,000","7,000","-55,000","51,000","-127,000","-81,000","37,000","90,000","-67,000","20,000","34,000","150,000","94,000","28,000","76,000","53,000","97,000","-32,000","116,000","129,000","-160,000","-6,000","-11,000","68,000","67,000","-389,254","-208,259","-323,900","-62,723","-90,036","-108,928","-195,331","-311,152","-236,803","-639,252","-625,263","-44,963","-243,696",,"95,350","139,974","180,675","248,543","241,647",,"147,463","115,527","-482,991",,"55,150","2,705","-436,867","13,645",,,"51,250","200,966","-16,025","-145,590","-234","-345,415","-270,337","-421,709","-374,733","-169,129",,"-772,956",,"-700,000",,"-800,000","-500,000","-300,000",,,,,"-200,000","-300,000","-100,000","-100,000","-100,000","-100,000","-100,000","-100,000",,"-100,000","-100,000","-200,000","-100,000","100,000","-200,000","-200,000","-100,000","-100,000","0",,,,"0","-100,000","-200,000","-200,000","-200,000","-200,000","-200,000","-200,000","-100,000","-200,000","-300,000",,,,,,,,,,,,,,,
EBIT,"64,679,000","-5,548,000","19,150,000","28,162,000","22,732,000","14,667,000","11,180,000","26,639,000","-1,220,000","13,360,000","28,411,000","13,983,000","4,665,000","1,924,000","1,829,000","6,505,000","5,547,000","4,469,000","6,373,000","9,923,000","1,345,000","-752,000","1,148,000","2,743,000","4,471,000","750,000","-9,885,000","-458,000","2,376,000","-4,231,000","-1,741,000","4,280,000","142,000","-3,414,000","-4,023,000","1,985,000","1,183,000","-6,682,000","-2,646,000","-97,000","3,935,000","-3,213,000","1,219,000","5,276,000","-3,571,000","-1,245,000","4,799,000","5,674,000","129,121","321,864","-35,691","1,466,322","8,397,386","9,569,700","7,142,133","22,048,411","16,118,740","23,402,478","13,138,159","4,045,224","10,646,938","11,419,858","6,183,031","6,223,194","8,035,047","6,866,633","1,405,883","4,323,511","3,761,610","3,159,996","843,905","2,801,573","3,533,679","1,805,410","1,848,892","2,121,903","-361,505","2,564,576","3,181,759","4,788,518","4,503,700","4,839,580","2,216,473","2,987,443","2,630,322","3,103,947","2,494,355","-2,249,205","2,283,029","4,484,568","-5,200,000","3,200,000","2,600,000","3,600,000","4,000,000","3,900,000","1,700,000","3,200,000","-1,500,000","900,000","800,000","2,700,000","1,600,000","1,900,000","2,100,000","2,000,000","3,300,000","800,000","-400,000","3,000,000","1,200,000","5,000,000","5,300,000","5,400,000","3,300,000","3,100,000","4,500,000","4,500,000","3,400,000","3,700,000","3,300,000","2,800,000","2,400,000","3,400,000","2,700,000","1,600,000","1,100,000","1,300,000","1,300,000","600,000","200,000","600,000","600,000","9,900,000","-23,500,000","9,200,000","8,800,000","9,200,000","-14,300,000","6,100,000","5,900,000","5,300,000","-9,400,000","4,100,000","3,700,000","2,800,000","-7,100,000","2,200,000"
EBITDA,"76,433,000"
ReconciledCostOfRevenue,"815,577,000","180,952,000","225,985,000","216,564,000","192,076,000","157,902,000","136,361,000","152,723,000","99,965,000","140,647,000","-37,761,000","246,775,000","221,065,000","209,436,000","209,427,000","199,990,000","157,612,000","150,880,000","156,380,000","160,564,000","150,238,000","150,681,000","127,960,000","130,654,000","141,730,000","117,906,000","135,318,000","123,764,000","127,382,000","114,667,000","103,262,000","124,077,000","101,133,000","115,214,000","111,494,000","109,943,000","105,248,000","89,789,000","111,338,000","99,889,000","95,674,000","105,068,000","96,729,000","99,857,000","86,636,000","82,171,000","107,434,000","100,802,000","99,161,301","105,397,057","85,531,802","73,938,921","99,071,217","89,375,938","115,387,348","194,495,620","162,772,122","223,465,142","207,344,247","131,316,292","128,570,163","118,190,505","102,840,420","91,709,696","90,553,261","86,898,289","64,300,889","75,795,083","76,968,885","77,167,143","70,745,057","80,507,149","66,793,246","52,846,375","51,972,078","51,629,438","48,088,270","50,833,811","52,700,281","52,657,754","53,678,350","54,493,496","44,004,581","46,442,232","49,502,573","49,528,793","48,448,517","49,283,910","62,363,363","72,838,183","64,700,000","71,400,000","64,400,000","63,800,000","58,900,000","59,300,000","47,300,000","49,900,000","49,800,000","32,600,000","32,800,000","38,200,000","34,300,000","34,800,000","37,100,000","40,500,000","38,500,000","30,100,000","24,800,000","36,400,000","39,300,000","35,200,000","37,100,000","45,400,000","33,500,000","33,900,000","36,200,000","34,400,000","28,000,000","26,400,000","25,300,000","20,500,000","22,500,000","22,600,000","18,800,000","13,600,000","8,400,000","11,300,000","12,100,000","9,100,000","7,900,000","6,400,000","7,200,000",,,,,,,,,,,,,,,
ReconciledDepreciation,"11,754,000","2,969,000","3,044,000","2,982,000","2,759,000","2,571,000","3,065,000","2,978,000","5,343,000","2,801,000","3,449,000","2,691,000","2,515,000","2,525,000","2,732,000","2,600,000","2,586,000","2,452,000","2,602,000","2,645,000","2,365,000","2,325,000","2,161,000","2,178,000","1,778,000","1,786,000","1,990,000","1,872,000","1,806,000","1,769,000","1,854,000","2,105,000","2,160,000","2,259,000","2,296,000","2,392,000","2,512,000","2,038,000","2,120,000","2,229,000","2,249,000","2,392,000","2,500,000","2,312,000","2,801,000","2,397,000","2,591,000","2,612,284","2,676,392","2,838,324","2,272,489","1,831,950","1,859,506","1,800,738","1,765,119","1,557,667","1,409,131","1,327,221","1,280,220","1,090,685","868,217","823,667","431,722","939,509","771,683","719,807","807,296","682,870","613,932","619,798","623,829","567,618","575,509","542,613","496,938","518,897","494,847","511,901","456,971","498,899","489,617","439,224","611,076","528,581","544,547","520,606","522,664","-115,992","976,027","856,773","800,000","1,000,000","1,100,000","1,000,000","800,000","600,000","600,000","600,000","600,000","300,000","500,000","500,000","600,000","400,000","500,000","400,000","700,000","500,000","400,000","400,000","300,000","600,000","400,000","300,000","200,000","200,000","300,000","200,000","300,000","200,000","100,000","100,000","100,000","100,000","100,000","100,000","100,000","100,000","100,000","100,000","0","100,000","100,000",,,,,,,,,,,,,,,
NetIncomeFromContinuingOperationNetMinorityInterest,"53,397,000","-3,852,000","20,364,000","20,922,000","15,963,000","11,495,000","8,137,000","19,334,000","-1,204,000","11,675,000","21,393,000","10,354,000","3,504,000","1,397,000","1,832,000","5,243,000","3,740,000","4,194,000","2,440,000","13,470,000","1,124,000","-1,098,000","942,000","2,745,000","4,379,000","543,000","-9,450,000","-5,818,000","1,177,000","-2,880,000","-133,000","3,199,000","247,000","-2,140,000","-2,970,000","563,000","691,000","-4,254,000","-2,466,000","-327,000","2,351,000","-2,015,000","693,000","3,198,000","-2,220,000","-898,000","3,653,000","3,484,000","-172,092","2,744","-413,306","749,059","5,377,533","6,058,796","2,861,825","14,656,236","10,415,409","14,780,754","8,211,567","2,570,468","6,515,502","7,206,740","3,280,292","4,073,877","4,992,797","4,481,481","986,033","2,702,969","2,557,180","2,045,818","394,700","1,894,140","2,266,809","1,326,075","1,109,349","1,462,315","-221,120","2,089,503","2,220,725","3,244,865","2,730,316","3,239,252","1,694,688","1,554,755","1,297,995","1,468,052","1,907,551","-1,732,589","1,014,292","1,968,538","-4,800,000","900,000","1,000,000","1,400,000","1,000,000","2,100,000","-500,000","900,000","-14,000,000","-500,000","600,000","800,000","-1,300,000","1,200,000","1,100,000","1,200,000","1,200,000","600,000","-200,000","1,800,000","900,000","3,000,000","3,200,000","3,600,000","2,200,000","2,100,000","3,100,000","3,100,000","2,600,000","2,600,000","2,300,000","1,800,000","1,600,000","2,300,000","1,700,000","900,000","600,000","700,000","800,000","300,000","300,000","300,000","300,000",,,,,,,,,,,,,,,
TotalUnusualItemsExcludingGoodwill,,,,,,,,,,,"-817,000","-131,000","935,000","-63,000","-2,330,000","-476,000","-797,000","-20,000","0","-232,000","-319,000","-492,000","-171,000","-221,000","-227,000","-339,000","-371,000","-453,000","-692,000","-820,000","-1,074,000","-275,000",,,"-4,854,000","0","0","0","-643,000","-100,000","-83,000","-1,793,000","0","0","-1,050,000","0","0","0","-841,170","0","-20,284","-686,253",,,,,,,,,,,,,,,,,,,,,,,,,,,,,,,,,,,,,,"-133,809",,,,"100,000","-1,400,000","-100,000","-1,300,000","-1,000,000","-13,300,000","-1,000,000","300,000","-500,000",,,,,,"400,000",,,,,,,"300,000","300,000","200,000","200,000","200,000","100,000","200,000",,"100,000",,,,,,,,,,,,,,,,,,,,,,,,,
TotalUnusualItems,,,,,,,,,,,"-817,000","-131,000","935,000","-63,000","-2,330,000","-476,000","-797,000","-20,000","0","-232,000","-319,000","-492,000","-171,000","-221,000","-227,000","-339,000","-371,000","-453,000","-692,000","-820,000","-1,074,000","-275,000",,,"-4,854,000","0","0","0","-643,000","-100,000","-83,000","-1,793,000","0","0","-1,050,000","0","0","0","-841,170","0","-20,284","-686,253",,,,,,,,,,,,,,,,,,,,,,,,,,,,,,,,,,,,,,"-133,809",,,,"100,000","-1,400,000","-100,000","-1,300,000","-1,000,000","-13,300,000","-1,000,000","300,000","-500,000",,,,,,"400,000",,,,,,,"300,000","300,000","200,000","200,000","200,000","100,000","200,000",,"100,000",,,,,,,,,,,,,,,,,,,,,,,,,
NormalizedEBITDA,"76,433,000","-2,579,000","22,194,000","31,144,000","25,491,000","17,238,000","14,245,000","29,617,000","4,123,000","16,161,000","32,677,000","16,805,000","6,245,000","4,512,000","6,891,000","9,581,000","8,930,000","6,941,000","8,975,000","12,800,000","4,029,000","2,065,000","3,480,000","5,142,000","6,476,000","2,875,000","-7,524,000","1,867,000","4,874,000","-1,642,000","1,187,000","6,660,000","2,302,000","-1,155,000","3,127,000","4,377,000","3,695,000","-4,644,000","117,000","2,232,000","6,267,000","972,000","3,719,000","7,588,000","280,000","1,152,000","7,390,000","8,286,284","3,646,683","3,160,188","2,257,082","3,984,525","10,256,892","11,370,438","8,907,252","23,606,078","17,527,871","24,729,699","14,418,379","5,135,909","11,515,155","12,243,525","6,614,753","7,162,703","8,806,730","7,586,440","2,213,179","5,006,381","4,375,542","3,779,794","1,467,734","3,369,191","4,109,188","2,348,023","2,345,830","2,640,800","133,342","3,076,477","3,638,730","5,287,417","4,993,317","5,278,804","2,827,549","3,516,024","3,174,869","3,624,553","3,017,019","1,300,403","3,259,056","5,475,150","-4,400,000","4,200,000","3,700,000","4,500,000","6,200,000","4,600,000","3,600,000","4,800,000","12,400,000","2,200,000","1,000,000","3,700,000","2,200,000","2,300,000","2,600,000","2,400,000","4,000,000","900,000","0","3,400,000","1,500,000","5,600,000","5,700,000","5,700,000","3,200,000","3,000,000","4,600,000","4,500,000","3,500,000","3,800,000","3,200,000","2,900,000","2,400,000","3,500,000","2,800,000","1,700,000","1,200,000","1,400,000","1,400,000","700,000","200,000","700,000","700,000","9,900,000","-23,500,000","9,200,000","8,800,000","9,200,000","-14,300,000","6,100,000","5,900,000","5,300,000","-9,400,000","4,100,000","3,700,000","2,800,000","-7,100,000","2,200,000"
TaxRateForCalcs,"0.143","0.329","0.27","0.248","0.247","0.232","0.251","0.272","0.325","0.031","0.214","0.247","0.244","0.008","0.27","0.165","0.291","0.27","0.4","0.4","0.075","0.4","0.106","0.4","0.002","0.146","0.002","0.4","0.4","0.33","0.35","0.24","0.35","0.39","0.276","0.35","0.37","0.37","0.096","0.35","0.39","0.39","0.4","0.375","0.392","0.33","0.216","0.359","0.338","0.35","0.35","0.341","0.333","0.345","0.35","0.326","0.344","0.351","0.344","0.357","0.374","0.363","0.4","0.36","0.392","0.37","0.4","0.4","0.346","0.375","0.4","0.338","0.368","0.267","0.155","0.315","0.368","0.21","0.313","0.35","0.392","0.31","0.235","0.4","0.4","0.4","0.1","0.284","0.4","0.4","0.186","0.4","0.4","0.4","0.4","0.4","0","0.4","0.073","0.4","0.333","0.4","0.35","0.333","0.4","0.368","0.368","0.4","0.4","0.4","0.1","0.388","0.4","0.321","0.371","0.344","0.326","0.326","0.297","0.333","0.343","0.333","0.333","0.343","0.346","0.357","0.333","0.364","0.333","0.4","0.25","0.25","0.25",,,,,,,,,,,,,,,
TaxEffectOfUnusualItems,"0","0","0","0","0","0","0","0","0","0","-174,592.271","-32,357","228,140","-504","-629,100","-78,540","-231,927","-5,400","0","-92,800","-23,925","-196,800","-18,042.776","-88,400","-454","-49,494","-596.164","-181,200","-276,800","-270,600","-375,900","-66,000","0","0","-1,339,320.322","0","0","0","-61,754.399","-35,000","-32,368.708","-699,508.777","0","0","-411,194.848","0","0","0","-284,690.708","0","-7,099.4","-234,170.93","0","0","0","0","0","0","0","0","0","0","0","0","0","0","0","0","0","0","0","0","0","0","0","0","0","0","0","0","0","0","0","0","0","0","0","0","0","-53,523.6","0","0","0","40,000","-560,000","-40,000","0","-400,000","-968,874.172","-400,000","100,000","-200,000","0","0","0","0","0","160,000","0","0","0","0","0","0","111,428.571","103,125","65,217.391","65,217.391","59,459.459","33,333.333","68,571.429","0","33,333.333","0","0","0","0","0","0","0","0","0","0",,,,,,,,,,,,,,,