name,ttm,03/31/2022,12/31/2021,09/30/2021,06/30/2021,03/31/2021,12/31/2020,09/30/2020,06/30/2020,03/31/2020,12/31/2019,09/30/2019,06/30/2019,03/31/2019,12/31/2018,09/30/2018,06/30/2018,03/31/2018,12/31/2017,09/30/2017,06/30/2017,03/31/2017,12/31/2016,09/30/2016,06/30/2016,03/31/2016,12/31/2015,09/30/2015,06/30/2015,03/31/2015,12/31/2014,09/30/2014,06/30/2014,03/31/2014,12/31/2013,09/30/2013,06/30/2013,03/31/2013,12/31/2012,09/30/2012,06/30/2012,03/31/2012,12/31/2011,09/30/2011,06/30/2011,03/31/2011,12/31/2010,09/30/2010,06/30/2010,03/31/2010,12/31/2009,09/30/2009,06/30/2009,03/31/2009,12/31/2008,09/30/2008,06/30/2008,03/31/2008,12/31/2007,09/30/2007,06/30/2007,03/31/2007,12/31/2006,09/30/2006,06/30/2006,03/31/2006,12/31/2005,09/30/2005,06/30/2005,03/31/2005,12/31/2004,09/30/2004,06/30/2004,03/31/2004,12/31/2003,09/30/2003,06/30/2003,03/31/2003,12/31/2002,09/30/2002,06/30/2002,03/31/2002,12/31/2001,09/30/2001,06/30/2001,03/31/2001,12/31/2000,09/30/2000,06/30/2000,03/31/2000,12/31/1999,09/30/1999,06/30/1999,03/31/1999,12/31/1998,09/30/1998,06/30/1998,03/31/1998,12/31/1997,09/30/1997,06/30/1997,03/31/1997,12/31/1996,09/30/1996,06/30/1996,03/31/1996,12/31/1995,09/30/1995,06/30/1995,03/31/1995,12/31/1994,09/30/1994,06/30/1994,03/31/1994,12/31/1993,09/30/1993,06/30/1993,03/31/1993,12/31/1992,09/30/1992,06/30/1992,03/31/1992,12/31/1991,09/30/1991,06/30/1991,03/31/1991,12/31/1990,09/30/1990,06/30/1990,03/31/1990,12/31/1989,09/30/1989,06/30/1989,03/31/1989,12/31/1988,09/30/1988,06/30/1988,03/31/1988,12/31/1987,09/30/1987,06/30/1987,03/31/1987,12/31/1986,09/30/1986,06/30/1986,03/31/1986,12/31/1985,09/30/1985
TotalRevenue,"2,142,274,000","824,578,000","640,237,000","365,631,000","311,828,000","674,300,000","485,758,000","261,549,000","259,964,000","534,112,000","463,191,000","261,203,000","266,934,000","637,298,000","589,583,000","302,480,000","227,330,000","521,945,000","345,738,000","227,127,000","244,374,000","425,829,000","329,981,000","219,082,000","154,402,000","333,035,000","257,843,000","141,062,000","177,710,000","382,952,000","281,097,000","122,427,000","133,271,000","350,201,000","224,391,000","128,808,000","122,592,000","255,631,000","197,558,000","111,977,000","121,913,000","274,832,000","198,540,000","137,621,000","160,477,000","331,922,000","283,469,000","160,667,000","151,648,000","329,283,000","221,698,000","127,087,000","134,483,000","362,176,000","267,677,000","210,413,000","135,840,000","348,047,000","260,057,000","156,228,000","171,660,000","368,427,000","277,860,000","133,061,000","155,532,000","364,975,000","281,402,000","156,971,000","154,039,000","328,570,000","250,827,000","128,201,000","134,574,000","305,474,000","220,644,000","90,135,000","106,215,000","279,825,000","174,829,000","69,066,000","105,868,000","213,387,000","168,225,000","107,935,000","218,556,000","342,625,000","183,420,000","75,762,000","89,308,000","167,438,000","109,900,000","59,200,000","76,700,000","146,700,000","124,200,000","131,500,000","71,700,000","122,800,000","100,700,000","54,200,000","62,300,000","125,400,000","90,100,000","49,000,000","63,300,000","159,600,000","114,200,000","60,300,000","68,800,000","110,500,000","99,700,000","68,100,000","67,300,000","138,900,000","94,800,000","60,500,000","65,200,000","113,400,000","105,900,000","55,600,000","61,000,000","94,200,000","86,600,000","51,300,000","52,300,000","88,700,000","84,300,000","48,500,000","49,400,000","77,900,000","88,100,000","36,600,000","44,500,000","89,900,000","73,800,000","42,200,000","49,400,000","86,000,000","63,900,000","45,600,000","54,000,000","92,000,000","67,900,000","38,700,000","50,600,000","94,500,000","42,400,000","48,000,000"
	OperatingRevenue,"2,142,274,000","824,578,000","640,237,000","365,631,000","311,828,000","674,300,000","485,758,000","261,549,000","259,964,000","534,112,000","463,191,000","261,203,000","266,934,000","637,298,000","589,583,000","302,480,000","227,330,000","521,945,000","345,738,000","227,127,000","244,374,000","425,829,000","329,981,000","219,082,000","154,402,000","333,035,000","257,843,000","141,062,000","177,710,000","382,952,000","281,097,000","122,427,000","133,271,000","350,201,000","224,391,000","128,808,000","122,592,000","255,631,000","197,558,000","111,977,000","121,913,000","274,832,000","198,540,000","137,621,000","160,477,000","331,922,000","283,469,000","160,667,000","151,648,000","329,283,000","221,698,000","127,087,000","134,483,000","362,176,000","267,677,000","210,413,000","135,840,000","348,047,000","260,057,000","156,228,000","171,660,000","368,427,000","277,860,000","133,061,000","155,532,000","364,975,000","281,402,000","156,971,000","154,039,000","328,570,000","250,827,000","128,201,000","134,574,000","305,474,000","220,644,000","90,135,000","106,215,000","279,825,000","174,829,000","69,066,000","105,868,000","213,387,000","168,225,000","107,935,000","218,556,000","342,625,000","183,420,000","75,762,000","89,308,000","167,438,000","109,900,000","59,200,000","76,700,000","146,700,000","124,200,000","131,500,000","71,700,000","122,800,000","100,700,000","54,200,000","62,300,000","125,400,000","90,100,000","49,000,000","63,300,000","159,600,000","114,200,000","60,300,000","68,800,000","110,500,000","99,700,000","68,100,000","67,300,000","138,900,000","94,800,000","60,500,000","65,200,000","113,400,000","105,900,000","55,600,000","61,000,000","94,200,000","86,600,000","51,300,000","52,300,000","88,700,000","84,300,000","48,500,000","49,400,000","77,900,000","88,100,000","36,600,000","44,500,000","89,900,000","73,800,000","42,200,000","49,400,000","86,000,000","63,900,000","45,600,000","54,000,000","92,000,000","67,900,000","38,700,000","50,600,000","94,500,000","42,400,000","48,000,000"
CostOfRevenue,"1,655,232,000","587,246,000","454,047,000","349,563,000","264,376,000","441,677,000","279,384,000","185,695,000","157,050,000","275,663,000","283,230,000","199,447,000","174,614,000","412,017,000","403,318,000","241,714,000","152,608,000","289,930,000","216,044,000","173,430,000","184,357,000","292,123,000","191,440,000","147,138,000","102,599,000","157,359,000","131,635,000","103,312,000","94,873,000","245,705,000","157,536,000","79,348,000","82,128,000","231,397,000","142,699,000","92,514,000","91,192,000","155,723,000","134,481,000","70,549,000","69,519,000","156,868,000","112,759,000","106,655,000","109,358,000","216,220,000","198,318,000","124,813,000","100,447,000","231,244,000","142,120,000","95,128,000","90,632,000","265,508,000",,,,,,,,,,,,,,"66,428,000","53,787,000",,,"47,808,000","42,477,000",,,"34,910,000","41,965,000","155,068,000",,,"38,875,000","87,443,000","66,093,000","37,971,000","57,182,000","144,340,000","109,186,000","41,404,000","49,497,000","87,915,000","53,900,000","32,400,000","42,500,000","78,200,000","56,300,000","26,200,000","30,300,000","61,200,000","47,800,000","31,500,000","31,900,000","63,900,000","53,800,000","22,300,000","30,300,000","78,800,000","52,600,000","25,700,000","25,900,000","39,500,000","44,300,000","31,400,000","25,600,000","73,100,000",,,,,,,,,,,,,,,,,,,,,,,,,,,,,,,,,,
GrossProfit,"487,042,000","237,332,000","186,190,000","16,068,000","47,452,000","232,623,000","206,374,000","75,854,000","102,914,000","258,449,000","179,961,000","61,756,000","92,320,000","225,281,000","186,265,000","60,766,000","74,722,000","232,015,000","129,694,000","53,697,000","60,017,000","133,706,000","138,541,000","71,944,000","51,803,000","175,676,000","126,208,000","37,750,000","82,837,000","137,247,000","123,561,000","43,079,000","51,143,000","118,804,000","81,692,000","36,294,000","31,400,000","99,908,000","63,077,000","41,428,000","52,394,000","117,964,000","85,781,000","30,966,000","51,119,000","115,702,000","85,151,000","35,854,000","51,201,000","98,039,000","79,578,000","31,959,000","43,851,000","96,668,000",,,,,,,,,,,,,,"90,543,000","100,252,000",,,"80,393,000","92,097,000",,,"55,225,000","64,250,000","124,757,000",,,"66,993,000","125,944,000","102,132,000","69,964,000","161,374,000","198,285,000","74,234,000","34,358,000","39,811,000","79,523,000","56,000,000","26,800,000","34,200,000","68,500,000","67,900,000","105,300,000","41,400,000","61,600,000","52,900,000","22,700,000","30,400,000","61,500,000","36,300,000","26,700,000","33,000,000","80,800,000","61,600,000","34,600,000","42,900,000","71,000,000","55,400,000","36,700,000","41,700,000","65,800,000",,,,,,,,,,,,,,,,,,,,,,,,,,,,,,,,,,
OperatingExpense,"136,150,000","38,732,000","36,534,000","25,041,000","35,843,000","35,795,000","104,189,000","84,348,000","82,723,000","92,687,000","94,542,000","81,777,000","83,454,000","90,728,000","105,598,000","99,358,000","84,021,000","74,145,000","41,852,000","108,952,000","64,581,000","66,020,000","68,122,000","59,354,000","59,789,000","61,423,000","60,972,000","52,803,000","52,497,000","60,876,000","58,110,000","47,192,000","47,388,000","56,294,000","48,236,000","41,500,000","41,993,000","47,929,000","36,889,000","41,483,000","42,137,000","44,456,000","42,514,000","38,112,000","38,680,000","42,655,000","43,244,000","35,317,000","35,783,000","39,410,000","38,098,000","31,874,000","33,079,000","37,895,000","223,120,000","131,086,000","153,607,000","300,655,000","227,670,000","135,361,000","147,773,000","315,946,000","212,253,000","122,093,000","138,019,000","313,261,000","519,916,000","80,575,000","82,844,000","277,837,000","443,574,000","75,112,000","81,020,000","260,021,000","428,875,000","52,510,000","56,728,000","80,863,000","-93,529,000","69,423,000","61,667,000","86,928,000","81,828,000","70,169,000","155,987,000","154,710,000","50,560,000","34,765,000","33,916,000","40,996,000","35,500,000","27,500,000","28,100,000","32,100,000","51,600,000","104,100,000","38,300,000","36,900,000","35,500,000","24,100,000","25,300,000","33,400,000","18,600,000","27,300,000","30,700,000","52,200,000","44,700,000","33,700,000","38,000,000","45,400,000","44,900,000","35,400,000","37,200,000","46,700,000",,,,,,,,,,,,,,,,,,,,,,,,,,,,,,,,,,
	DepreciationAmortizationDepletionIncomeStatement,"133,923,000","33,957,000","33,854,000","33,081,000","33,031,000","31,812,000","36,838,000","27,977,000","27,431,000","26,469,000","26,994,000","24,945,000","24,129,000","23,685,000","24,940,000","22,350,000","24,771,000","24,662,000","26,925,000","24,914,000","24,556,000","24,323,000","24,283,000","23,109,000","22,296,000","20,701,000","19,780,000","18,422,000","17,430,000","16,819,000","16,461,000","16,057,000","15,495,000","14,991,000","13,032,000","12,826,000","12,372,000","11,407,000","10,645,000","10,602,000","10,485,000","9,604,000","9,221,000","9,023,000","8,853,000","8,652,000","8,433,000","8,851,000","8,492,000","8,242,000","8,111,000","7,880,000","7,629,000","7,660,000","7,479,000","7,333,000","7,238,000","7,187,000","7,058,000","6,982,000","6,891,000","7,012,000","6,865,000","6,646,000","6,396,000","6,342,000","6,136,000","6,052,000","5,971,000","5,873,000","5,777,000","5,753,000","6,757,000","6,600,000","6,421,000","6,459,000","5,932,000","5,834,000","5,720,000","5,650,000","5,582,000","5,499,000","5,408,000","5,330,000","5,270,000","5,201,000","5,126,000","5,074,000","5,024,000","4,944,000","5,500,000","5,500,000","5,800,000","5,000,000","4,900,000","4,800,000","4,800,000","4,600,000","4,600,000","4,500,000","4,400,000","4,600,000","7,200,000","4,700,000","4,200,000","5,400,000","5,300,000","5,200,000","5,200,000","5,000,000","4,800,000","4,800,000","4,800,000","4,700,000",,,,,,,,,,,,,,,,,,,,,,,,,,,,,,,,,,
		DepreciationAndAmortizationInIncomeStatement,"133,923,000","33,957,000","33,854,000","33,081,000","33,031,000","31,812,000","36,838,000","27,977,000","27,431,000","26,469,000","26,994,000","24,945,000","24,129,000","23,685,000","24,940,000","22,350,000","24,771,000","24,662,000","26,925,000","24,914,000","24,556,000","24,323,000","24,283,000","23,109,000","22,296,000","20,701,000","19,780,000","18,422,000","17,430,000","16,819,000","16,461,000","16,057,000","15,495,000","14,991,000","13,032,000","12,826,000","12,372,000","11,407,000","10,645,000","10,602,000","10,485,000","9,604,000","9,221,000","9,023,000","8,853,000","8,652,000","8,433,000","8,851,000","8,492,000","8,242,000","8,111,000","7,880,000","7,629,000","7,660,000",,,,,,,,,,,,,,,,,,,,,,,,,,,,,,,,,,,,,,,,,,,,,,,,,,,,,,,,,,,,,,,,,,,,,,,,,,,,,,,,,,,,,,,,,,,,,,
			DepreciationIncomeStatement,"133,923,000","33,957,000","33,854,000","33,081,000","33,031,000","31,812,000","36,838,000","27,977,000","27,431,000","26,469,000","26,994,000","24,945,000","24,129,000","23,685,000","24,940,000","22,350,000","24,771,000","24,662,000","26,925,000","24,914,000","24,556,000","24,323,000","24,283,000","23,109,000","22,296,000","20,701,000","19,780,000","18,422,000","17,430,000","16,819,000","16,461,000","16,057,000","15,495,000","14,991,000","13,032,000","12,826,000","12,372,000","11,407,000","10,645,000","10,602,000","10,485,000","9,604,000","9,221,000","9,023,000","8,853,000","8,652,000","8,433,000","8,851,000","8,492,000","8,242,000","8,111,000","7,880,000","7,629,000","7,660,000",,,,,,,,,,,,,,,,,,,,,,,,,,,,,,,,,,,,,,,,,,,,,,,,,,,,,,,,,,,,,,,,,,,,,,,,,,,,,,,,,,,,,,,,,,,,,,
	OtherTaxes,"2,227,000","4,775,000","2,680,000","-8,040,000","2,812,000","3,983,000","2,690,000","2,730,000","2,636,000","3,862,000","2,399,000","2,663,000","2,717,000","4,217,000","3,260,000","2,595,000","1,243,000","2,439,000","1,348,000","1,517,000","1,551,000","2,071,000","1,725,000","1,449,000","1,243,000","1,925,000","1,333,000","1,231,000","1,265,000","2,196,000","1,330,000","1,196,000","1,241,000","1,953,000","2,861,000","1,458,000","1,664,000","3,833,000","2,749,000","1,494,000","1,865,000","3,878,000","3,095,000","1,673,000","2,121,000","5,300,000","3,680,000","1,642,000","1,949,000","4,872,000","3,248,000","1,649,000","1,667,000","5,167,000","3,493,000","1,646,000","2,116,000","4,866,000","3,292,000","1,587,000","2,220,000","5,084,000","3,072,000","1,783,000","1,891,000","4,731,000","3,627,000","1,733,000","2,117,000","5,158,000","3,267,000","1,772,000","2,088,000","4,872,000","3,296,000","1,414,000","2,207,000","5,114,000","3,398,000","1,446,000","2,120,000","3,842,000","2,775,000","1,446,000","1,908,000","4,476,000","3,452,000","1,700,000","2,078,000","4,383,000","3,200,000","1,500,000","1,900,000","4,500,000","2,900,000","1,600,000","2,100,000","6,300,000","8,800,000","3,200,000","5,300,000","13,200,000","9,100,000","3,600,000","5,700,000","15,700,000","10,500,000","3,800,000","5,700,000","13,700,000","9,000,000","4,300,000","5,700,000","15,900,000",,,,,,,,,,,,,,,,,,,,,,,,,,,,,,,,,,
	OtherOperatingExpenses,,,,,,,"64,661,000","53,641,000","52,656,000","62,356,000","65,149,000","54,169,000","56,608,000","62,826,000","77,398,000","74,413,000","58,007,000","47,044,000","13,579,000","82,521,000","38,474,000","39,626,000","42,114,000","34,796,000","36,250,000","38,797,000","39,859,000","33,150,000","33,802,000","41,861,000","40,319,000","29,939,000","30,652,000","39,350,000","32,343,000","27,216,000","27,957,000","32,689,000",,,,,,,,,,,,,,,,,"186,697,000","102,259,000","123,730,000","266,756,000","193,463,000","109,164,000","120,604,000","283,470,000","182,782,000","96,614,000","113,625,000","283,116,000","485,238,000","56,002,000","57,114,000","245,116,000","406,455,000","51,309,000","55,942,000","232,380,000","396,224,000","30,332,000","34,682,000","56,216,000","-119,556,000","49,786,000","41,014,000","65,633,000","59,812,000","50,760,000","136,183,000","131,721,000","27,114,000","15,925,000","14,177,000","18,377,000","-600,000","-700,000","-1,100,000","-400,000","-400,000","-500,000","-500,000","-500,000","-400,000","-500,000","-400,000","-700,000","-4,400,000","-600,000","-100,000","-700,000","-700,000","-700,000","-800,000","-700,000","1,800,000","-600,000","-700,000","-700,000",,,,,,,,,,,,,,,,,,,,,,,,,,,,,,,,,,
OperatingIncome,"350,892,000","198,600,000","149,656,000","-8,973,000","11,609,000","196,828,000","102,185,000","-8,494,000","20,191,000","165,762,000","85,419,000","-20,021,000","8,866,000","134,553,000","80,667,000","-38,592,000","-9,299,000","157,870,000","87,842,000","-55,255,000","-4,564,000","67,686,000","70,419,000","12,590,000","-7,986,000","114,253,000","65,236,000","-15,053,000","30,340,000","76,371,000","65,451,000","-4,113,000","3,755,000","62,510,000","33,456,000","-5,206,000","-10,593,000","51,979,000","26,188,000","-55,000","10,257,000","73,508,000","43,267,000","-7,146,000","12,439,000","73,047,000","41,907,000","537,000","15,418,000","58,629,000","41,480,000","85,000","10,772,000","58,773,000","44,557,000","79,327,000","-17,767,000","47,392,000","32,387,000","20,867,000","23,887,000","52,481,000","65,607,000","10,968,000","17,513,000","51,714,000","23,675,000","9,968,000","17,408,000","50,733,000","28,929,000","5,281,000","11,077,000","45,453,000","23,712,000","2,715,000","7,522,000","43,894,000","25,017,000","-357,000","5,326,000","39,016,000","20,304,000","-205,000","5,387,000","43,575,000","23,674,000","-407,000","5,895,000","38,527,000","20,500,000","-700,000","6,100,000","36,400,000","16,300,000","1,200,000","3,100,000","24,700,000","17,400,000","-1,400,000","5,100,000","28,100,000","17,700,000","-600,000","2,300,000","28,600,000","16,900,000","900,000","4,900,000","25,600,000","10,500,000","1,300,000","4,500,000","19,100,000","94,800,000","60,500,000","65,200,000","113,400,000","105,900,000","55,600,000","61,000,000","94,200,000","86,600,000","51,300,000","52,300,000","88,700,000","84,300,000","48,500,000","49,400,000","77,900,000","88,100,000","36,600,000","44,500,000","89,900,000","73,800,000","42,200,000","49,400,000","86,000,000","63,900,000","45,600,000","54,000,000","92,000,000","67,900,000","38,700,000","50,600,000","94,500,000","42,400,000","48,000,000"
NetNonOperatingInterestIncomeExpense,"-127,250,000","-31,579,000","-33,018,000","-31,468,000","-31,185,000","-31,459,000","-29,647,000","-27,762,000","-28,589,000","-32,536,000","-28,533,000","-28,857,000","-28,434,000","-28,653,000","-30,229,000","-26,534,000","-19,561,000","-13,972,000","-15,728,000","-10,567,000","-10,979,000","-16,745,000","-6,705,000","-7,355,000","-8,229,000","-9,160,000","-7,440,000","-8,107,000","-7,474,000","-8,601,000","-8,862,000","-6,768,000","-6,846,000","-7,084,000","-6,304,000","-4,393,000","-3,420,000","-4,708,000","-2,317,000","-5,981,000","-5,195,000","-5,493,000","-5,621,000","-6,242,000","-6,234,000","-5,981,000","-4,990,000","-6,276,000","-5,664,000","-4,966,000","-4,689,000","-5,298,000","-4,112,000","-4,893,000",,,,,,,,,,,,,,,,,,,,,,,,,,,,,,,,,,,,,,,,,,,,,,,,,,,,,,,,,,,,,,,,,,,,,,,,,,,,,,,,,,,,,,,,,,,,,,
	InterestExpenseNonOperating,"127,250,000","31,579,000","33,018,000","31,468,000","31,185,000","31,459,000","29,647,000","27,762,000","28,589,000","32,536,000","28,533,000","28,857,000","28,434,000","28,653,000","30,229,000","26,534,000","19,561,000","13,972,000","15,728,000","10,567,000","10,979,000","16,745,000","6,705,000","7,355,000","8,229,000","9,160,000","7,440,000","8,107,000","7,474,000","8,601,000","8,862,000","6,768,000","6,846,000","7,084,000","6,304,000","4,393,000","3,420,000","4,708,000","2,317,000","5,981,000","5,195,000","5,493,000","5,621,000","6,242,000","6,234,000","5,981,000","4,990,000","6,276,000","5,664,000","4,966,000","4,689,000","5,298,000","4,112,000","4,893,000",,,,,,,,,,,,,,,,,,,,,,,,,,,,,,,,,,,,,,,,,,,,,,,,,,,,,,,,,,,,,,,,,,,,,,,,,,,,,,,,,,,,,,,,,,,,,,
OtherIncomeExpense,"5,127,000","2,603,000","-3,293,000","2,225,000","3,592,000","2,068,000","2,936,000","5,143,000","3,625,000","-1,147,000","-7,622,000","1,614,000","29,000","2,575,000","6,595,000","1,406,000","-98,259,000","2,761,000","-86,060,000","2,253,000","2,317,000","5,665,000","1,202,000","2,223,000","4,361,000","2,203,000","1,988,000","2,241,000","3,040,000","2,241,000","1,847,000","3,419,000","4,185,000","2,368,000","2,245,000","2,200,000","2,665,000","3,869,000","1,214,000","4,359,000","3,658,000","1,873,000","2,679,000","2,586,000","3,805,000","6,572,000","2,401,000","648,000","479,000","1,024,000","773,000","294,000","-117,000","461,000","-535,000","643,000","687,000","498,000","1,523,000","481,000","733,000","569,000","1,462,000","835,000","977,000","527,000","650,000","132,000","160,000","578,000","152,000","452,000","404,000","877,000","418,000","176,000","212,000","71,000","266,000","233,000","886,000","164,000","464,000","-28,000","-38,000","-1,000","-154,000","-110,000",,"-90,000",,"0",,"-100,000","200,000","-200,000",,,,,"-100,000","0","10,300,000","1,300,000","1,100,000","0","-200,000","0","100,000","-100,000","0","0","-100,000","100,000",,,,,,,,,,,,,,,,,,,,,,,,,,,,,,,,,,
	EarningsFromEquityInterest,,,,,,,,,,,,,,,,,,,,,,,,,,,,,,,,,,,,,,,,,,,,,,,,,,,,,"-933,000",,,,,,,,,,,,,,,,,,,,,,,,,,,,,,,,,,,,,,,,,,,,,,,,,,,,,,,,,,,,,,,,,,,,,,,,,,,,,,,,,,,,,,,,,,,,,,,
	SpecialIncomeCharges,,,,,,,"2,578,000","0",,,"-9,562,000","996,000","0",,"9,332,000","0","-99,233,000",,,,,,,,,,,,,,,,,,,,,,,"4,359,000","3,658,000","1,873,000","2,679,000","2,586,000","3,805,000","6,572,000","2,401,000","648,000","479,000","1,024,000","773,000","294,000","816,000","461,000","-535,000","643,000","687,000","498,000","1,523,000","481,000","733,000","569,000","1,462,000","835,000","977,000","527,000","650,000","132,000","160,000","578,000","152,000","452,000","404,000","877,000","418,000","176,000","212,000","71,000","266,000","233,000","886,000","164,000",,,,,,,,,,,,,,,,,,,,,,,,,,,,,,,,,,,,,,,,,,,,,,,,,,,,,,,,,,,,,,,,,,
		ImpairmentOfCapitalAssets,,,,,,,"0","0",,,"9,449,000","1,296,000","0",,"6,047,000","0","99,233,000",,,,,,,,,,,,,,,,,,,,,,,,,,,,,,,,,,,,,,,,,,,,,,,,,,,,,,,,,,,,,,,,,,,,,,,,,,,,,,,,,,,,,,,,,,,,,,,,,,,,,,,,,,,,,,,,,,,,,,,,,,,,,,,,,,,
		WriteOff,,,,,,,,,,,,,,,"6,047,000","0","99,233,000",,,,,,,,,,,,,,,,,,,,,,,,,,,,,,,,,,,,,,,,,,,,,,,,,,,,,,,,,,,,,,,,,,,,,,,,,,,,,,,,,,,,,,,,,,,,,,,,,,,,,,,,,,,,,,,,,,,,,,,,,,,,,,,,,,,
		GainOnSaleOfPPE,,,,,,,"2,578,000","0",,,"-113,000","2,292,000",,,,,,,,,,,,,,,,,,,,,,,,,,,,,,,,,,,,,,,,,,,,,,,,,,,,,,,,,,,,,,,,,,,,,,,,,,,,,,,,,,,,,,,,,,,,,,,,,,,,,,,,,,,,,,,,,,,,,,,,,,,,,,,,,,,,,,,,
	OtherNonOperatingIncomeExpenses,"5,127,000","2,603,000","-3,293,000","2,225,000","3,592,000","2,068,000","358,000","5,143,000","3,625,000","-1,147,000","1,940,000","618,000","29,000","2,575,000","-2,737,000","1,406,000","974,000","2,761,000","5,239,000","2,253,000","2,317,000","5,665,000","1,202,000","2,223,000","4,361,000","2,203,000","1,988,000","2,241,000","3,040,000","2,241,000","1,847,000","3,419,000","4,185,000","2,368,000","2,245,000","2,200,000","2,665,000","3,869,000",,,,,,,,,,,,,,,,,,,,,,,,,,,,,,,,,,,,,,,,,,,,,,,,,,,,,,,,,,,,,,,,,,,,,,,,,,,,,,,,,,,,,,,,,,,,,,,,,,,,,,,,,,,,,,
PretaxIncome,"228,769,000","169,624,000","113,345,000","-38,216,000","-15,984,000","167,437,000","75,474,000","-31,113,000","-4,773,000","132,079,000","49,264,000","-47,264,000","-19,539,000","108,475,000","57,033,000","-63,720,000","-127,119,000","146,659,000","-13,946,000","-63,569,000","-13,226,000","56,606,000","64,916,000","7,458,000","-11,854,000","107,296,000","59,784,000","-20,919,000","25,906,000","70,011,000","58,436,000","-7,462,000","1,094,000","57,794,000","29,397,000","-7,399,000","-11,348,000","51,140,000","25,085,000","-1,677,000","8,720,000","69,888,000","40,325,000","-10,802,000","10,010,000","73,638,000","39,318,000","-5,091,000","10,233,000","54,687,000","37,564,000","-4,919,000","6,543,000","54,341,000","35,592,000","74,225,000","-22,567,000","41,876,000","26,818,000","14,382,000","18,432,000","46,081,000","59,443,000","4,341,000","12,273,000","45,875,000","18,928,000","4,774,000","12,646,000","46,006,000","23,584,000","590,000","6,510,000","41,369,000","18,629,000","-2,945,000","3,249,000","39,216,000","20,278,000","-5,285,000","1,056,000","33,767,000","15,318,000","-6,177,000","-107,000","37,130,000","16,955,000","-6,568,000","239,000","32,697,000","14,100,000","-6,700,000","500,000","30,600,000","10,600,000","-4,700,000","-2,100,000","19,400,000","12,100,000","-6,600,000","200,000","23,300,000","12,800,000","-5,800,000","-2,800,000","23,500,000","11,400,000","-4,400,000","-400,000","20,400,000","6,100,000","-2,600,000","600,000","15,200,000",,,,,,,,,,,,,,,,,,,,,,,,,,,,,,,,,,
TaxProvision,"46,004,000","40,666,000","21,767,000","-11,727,000","-4,702,000","41,769,000","8,939,000","-19,467,000","-178,000","33,370,000","11,683,000","-10,925,000","-4,646,000","24,949,000","12,767,000","-16,649,000","-31,972,000","36,415,000","-16,498,000","-24,765,000","-5,544,000","21,870,000","19,266,000","2,807,000","-7,189,000","39,267,000","-1,006,000","-10,968,000","-3,279,000","16,613,000","10,415,000","-8,325,000","-9,510,000","11,869,000","-9,621,000","-5,533,000","-11,632,000","7,772,000","-757,000","-2,576,000","-1,072,000","15,884,000","3,022,000","-6,034,000","3,004,000","22,510,000","14,002,000","-7,427,000","265,000","21,971,000","14,234,000","-3,206,000","3,056,000","20,218,000","13,703,000","30,367,000","-9,286,000","17,164,000","10,706,000","5,818,000","7,622,000","18,910,000","23,999,000","1,830,000","5,044,000","18,810,000","7,470,000","2,092,000","5,091,000","19,114,000","9,428,000","152,000","2,590,000","16,910,000","7,251,000","-1,327,000","1,293,000","16,379,000","8,083,000","-2,063,000","335,000","14,049,000","6,146,000","-2,393,000","95,000","15,447,000","7,344,000","-2,560,000","248,000","13,626,000","5,800,000","-2,500,000","500,000","12,700,000","4,600,000","-1,700,000","-500,000","7,000,000","4,100,000","-2,100,000","300,000","8,300,000","4,500,000","-2,000,000","-900,000","8,300,000","4,000,000","-1,600,000","-200,000","7,200,000","2,400,000","-1,100,000","100,000","5,400,000",,,,,,,,,,,,,,,,,,,,,,,,,,,,,,,,,,
EarningsFromEquityInterestNetOfTax,"-93,635,000","456,000","-9,372,000","659,000","-85,378,000","3,130,000","2,584,000","1,302,000","2,017,000","2,391,000","1,959,000","1,593,000","1,589,000","2,173,000","1,766,000","1,429,000","1,354,000","1,062,000","1,457,000","1,256,000","70,000","3,011,000","358,000","5,013,000","-133,000","158,000","-9,842,000","-2,581,000","-15,844,000","455,000","-4,029,000","-5,139,000","-903,000","2,286,000","339,000","645,000","632,000","-31,000","-273,000","1,265,000","1,040,000","207,000","-317,000","-435,000","-761,000","703,000","419,000","-895,000","-1,427,000","-1,148,000","321,000","-314,000",,,,,,,,,,,,,,,,,,,,,,,,,,,,,,,,,,,,,,,,,,,,,,,,,,,,,,,,,,,,,,,,,,,,,,,,,,,,,,,,,,,,,,,,,,,,,,,,
NetIncomeCommonStockholders,"88,702,000","129,209,000","82,451,000","-26,130,000","-96,828,000","128,598,000","69,042,000","-10,402,000","-2,639,000","101,041,000","39,484,000","-34,805,000","-13,399,000","85,637,000","45,927,000","-45,685,000","-93,819,000","111,240,000","4,045,000","-37,593,000","-7,659,000","37,717,000","45,933,000","9,635,000","-4,827,000","68,069,000","50,886,000","-12,623,000","13,267,000","53,577,000","43,923,000","-4,396,000","9,621,000","47,898,000","39,260,000","-1,421,000","888,000","42,866,000","25,186,000","2,013,000","10,334,000","54,075,000","36,902,000","-5,138,000","6,079,000","51,448,000","25,365,000","1,308,000","8,440,000","31,539,000","23,368,000","-1,874,000","5,008,000","31,603,000","21,743,000","43,782,000","-13,282,000","24,688,000","15,956,000","8,531,000","10,755,000","27,023,000","35,004,000","2,362,000","7,166,000","26,899,000","11,306,000","2,491,000","7,373,000","26,748,000","13,942,000","254,000","3,778,000","24,319,000","11,332,000","-2,044,000","1,802,000","22,262,000","11,939,000","-3,240,000","603,000","19,686,000","8,932,000","-3,812,000","-240,000","21,682,000","9,457,000","-4,118,000","-136,000","18,981,000","8,200,000","-4,200,000","-100,000","17,800,000","5,900,000","-3,100,000","-4,000,000","12,200,000","5,800,000","-4,800,000","-200,000","14,900,000","18,400,000","-2,400,000","-800,000","15,200,000","7,400,000","-2,800,000","-200,000","13,200,000","3,700,000","-1,500,000","500,000","9,800,000","5,600,000","-800,000","100,000","10,500,000","5,600,000","-1,400,000","1,800,000","9,100,000","5,400,000","-800,000","200,000","6,900,000","4,100,000","-800,000","1,600,000","6,500,000","5,300,000","-1,300,000","1,700,000",,,,,,,,,,,,,,,
	NetIncome,"88,702,000","129,209,000","82,451,000","-26,130,000","-96,828,000","128,598,000","69,042,000","-10,402,000","-2,639,000","101,041,000","39,484,000","-34,805,000","-13,399,000","85,637,000","45,927,000","-45,685,000","-93,819,000","111,240,000","4,045,000","-37,593,000","-7,659,000","37,717,000","45,933,000","9,635,000","-4,827,000","68,069,000","50,886,000","-12,623,000","13,267,000","53,577,000","43,923,000","-4,396,000","9,621,000","47,898,000","39,260,000","-1,421,000","888,000","42,866,000","25,186,000","2,013,000","10,334,000","54,075,000","36,902,000","-5,138,000","6,079,000","51,448,000","25,365,000","1,308,000","8,440,000","31,539,000","23,368,000","-1,874,000","5,008,000","31,669,000","21,743,000","43,782,000","-13,282,000","24,688,000","15,956,000","8,531,000","10,755,000","27,023,000","35,004,000","2,362,000","7,166,000","26,899,000","11,306,000","2,491,000","7,373,000","26,748,000","13,942,000","254,000","3,778,000","24,319,000","11,332,000","-2,044,000","1,802,000","22,262,000","11,939,000","-3,240,000","603,000","19,686,000","8,932,000","-3,812,000","-240,000","21,682,000","9,457,000","-4,118,000","-136,000","18,981,000","8,200,000","-4,200,000","-100,000","17,800,000","5,900,000","-3,100,000","-4,000,000","12,200,000","5,800,000","-4,800,000","-200,000","14,900,000","18,400,000","-2,400,000","-800,000","15,200,000","7,400,000","-2,800,000","-200,000","13,200,000","3,700,000","-1,500,000","500,000","9,800,000","5,800,000","-800,000","100,000","10,500,000","5,600,000","-1,400,000","1,800,000","9,100,000","5,400,000","-800,000","300,000","7,000,000","4,100,000","-700,000","1,700,000","6,600,000","5,300,000","-1,200,000","1,800,000",,,,,,,,,,,,,,,
		NetIncomeIncludingNoncontrollingInterests,"89,182,000","129,344,000","82,535,000","-25,957,000","-96,740,000","128,727,000","69,042,000","-10,402,000","-2,639,000","101,041,000","39,484,000","-34,805,000","-13,399,000","85,637,000","45,927,000","-45,685,000","-93,819,000","111,240,000","4,045,000","-37,593,000","-7,659,000","37,717,000","45,933,000","9,635,000","-4,827,000","68,069,000","50,886,000","-12,623,000","13,267,000","53,577,000","43,923,000","-4,396,000","9,621,000","47,898,000","39,260,000","-1,421,000","888,000","42,866,000","25,186,000","2,013,000","10,334,000","54,075,000","36,902,000","-5,138,000","6,079,000","51,448,000","25,365,000","1,308,000","8,440,000","31,539,000","23,282,000","-2,043,000","4,966,000","31,735,000","21,743,000","43,782,000","-13,282,000","24,688,000","15,956,000","8,531,000","10,755,000","27,023,000","35,004,000","2,362,000","7,166,000","26,899,000","11,306,000","2,491,000","7,373,000","26,748,000","13,942,000","254,000","3,778,000","24,319,000","11,332,000","-2,044,000","2,566,000","23,026,000","12,704,000","-2,476,000","1,367,000","20,451,000","9,697,000","-3,048,000","527,000","22,448,000","10,224,000","-3,352,000","634,000","19,752,000","8,200,000","-4,200,000","-100,000","17,800,000","5,900,000","-3,100,000","-4,000,000","12,200,000","5,800,000","-4,800,000","-200,000","14,900,000","18,400,000","-2,400,000","-800,000","15,200,000","7,400,000","-2,800,000","-200,000","13,200,000","3,600,000","-1,500,000","500,000","9,800,000","5,800,000","-800,000","100,000","10,500,000","5,600,000","-1,400,000","1,800,000","9,100,000","5,400,000","-800,000","300,000","7,000,000","4,100,000","-700,000","1,700,000","6,600,000","5,300,000","-1,200,000","1,800,000","7,800,000","5,300,000","-800,000","2,800,000","7,900,000","5,100,000","-300,000","1,300,000","6,200,000","3,800,000","-100,000","1,100,000","5,600,000","2,400,000","100,000"
			NetIncomeContinuousOperations,"89,130,000","129,414,000","82,206,000","-25,830,000","-96,660,000","128,798,000","69,119,000","-10,344,000","-2,578,000","101,100,000","39,540,000","-34,746,000","-13,304,000","85,699,000","46,032,000","-45,642,000","-93,793,000","111,306,000","4,009,000","-37,548,000","-7,612,000","37,747,000","46,008,000","9,664,000","-4,798,000","68,187,000","50,948,000","-12,532,000","13,341,000","53,853,000","43,992,000","-4,276,000","9,701,000","48,211,000","39,357,000","-1,221,000","916,000","43,337,000","25,569,000","2,164,000","10,832,000","54,211,000","36,986,000","-5,203,000","6,245,000","51,831,000","25,735,000","1,441,000","8,541,000","31,568,000","23,651,000","-2,027,000","4,989,000","31,688,000","21,889,000","43,858,000","-13,281,000","24,712,000","16,112,000","8,564,000","10,810,000","27,171,000","35,444,000","2,511,000","7,229,000","27,065,000","11,458,000","2,682,000","7,555,000","26,892,000","14,156,000","438,000","3,920,000","24,459,000","11,378,000","-1,618,000","1,956,000","22,837,000","12,195,000","-3,222,000","721,000","19,718,000","9,172,000","-3,784,000","-202,000","21,683,000","9,611,000","-4,008,000","-9,000","19,071,000","8,300,000","-4,200,000","0","17,900,000","6,000,000","-3,000,000","-1,600,000","12,400,000","8,000,000","-4,500,000","-100,000","15,000,000","8,300,000","-3,800,000","-1,900,000","15,200,000","7,400,000","-2,800,000","-200,000","13,200,000","3,700,000","-1,500,000","500,000","9,800,000","5,800,000","-800,000","100,000","10,100,000","5,600,000","-1,400,000","1,800,000","9,100,000","5,400,000","-800,000","300,000","7,000,000","4,400,000","-700,000","1,400,000","6,600,000","5,300,000","-1,100,000","1,900,000","7,900,000","5,600,000","-800,000","2,800,000","7,900,000","5,100,000","-300,000","1,300,000","6,200,000","3,600,000","-100,000","1,100,000","5,600,000","2,400,000","100,000"
			NetIncomeDiscontinuousOperations,"52,000","-70,000","329,000","-127,000","-80,000","-71,000","-77,000","-58,000","-61,000","-59,000","-56,000","-59,000","-95,000","-62,000","-105,000","-43,000","-26,000","-66,000","36,000","-45,000","-47,000","-30,000","-75,000","-29,000","-29,000","-118,000","-62,000","-91,000","-74,000","-276,000","-69,000","-120,000","-80,000","-313,000","-97,000","-200,000","-28,000","-471,000","-383,000","-151,000","-498,000","-136,000","-84,000","65,000","-166,000","-383,000","-370,000","-133,000","-101,000","-29,000","-369,000","-16,000","-23,000","-19,000","-146,000","-76,000","-1,000","-24,000","-156,000","-33,000","-55,000","-148,000","-440,000","-149,000","-63,000","-166,000","-152,000","-191,000","-182,000","-144,000","-214,000","-184,000","-142,000","-140,000","-46,000","-426,000","-154,000","-149,000","-256,000","-18,000","-118,000","-32,000","-240,000","-28,000","-38,000","-149,000","-154,000","-110,000","-127,000","-90,000","-100,000","-100,000","-100,000","-100,000","-100,000","-100,000","-2,400,000","-200,000","-2,200,000","-300,000","-100,000","-100,000","10,100,000","1,400,000","1,100,000",,,,,,,,,,,,,,,,,,,,,,,"0","300,000",,"0","-100,000","-100,000","-100,000",,,,,,,,,,,,,,
			NetIncomeExtraordinary,,,,,,,,,,,,,,,,,,,,,,,,,,,,,,,,,,,,,,,,,,,,,,,,,,,,,,,,,,,,,,,,,,,,,,,,,,,"0",,,"-426,000",,,,,"0",,,"148,000",,,,,,,,,,,,,,,,,,,,,,,,,,,,,"0",,,"400,000",,,,,,,,,,,,,,,,,,,,,,,,,,,,,,
		MinorityInterests,"-480,000","-135,000","-84,000","-173,000","-88,000","-129,000",,,,,,,,,,,,,,,,,,,,,,,,,,,,,,,,,,,,,,,,,"0","0","0","0","86,000","169,000","42,000","-66,000",,,,,,,,,,,,,,,,,,,,,,,"-764,000","-764,000","-765,000","-764,000","-764,000","-765,000","-765,000","-764,000","-767,000","-766,000","-767,000","-766,000","-770,000","-771,000",,,,,,,,,,,,,,,,,,,,,,"0",,,,,,,,,,,,,,,,,,,,,,,,,,,,,,,,,,,,
	OtherunderPreferredStockDividend,,,,,,,,,,,,,,,,,,,,,,,,,,,,,,,,,,,,,,,,,,,,,,,,,,,,,,"66,000",,,,,,,,,,,,,,,,,,,,,,,,,,,,,,,,,,,,,,,,,,,,,,,,,,,,,,,,,,,,,,,,,"0",,,,"0",,"100,000","100,000","0","100,000","100,000","100,000","0","100,000","100,000",,,,,,,,,,,,,,,
DilutedNIAvailtoComStockholders,"88,702,000","129,209,000","82,451,000","-26,130,000","-96,828,000","128,598,000","69,042,000","-10,402,000","-2,639,000","101,041,000","39,484,000","-34,805,000","-13,399,000","85,637,000","45,927,000","-45,685,000","-93,819,000","111,240,000","4,045,000","-37,593,000","-7,659,000","37,717,000","45,933,000","9,635,000","-4,827,000","68,069,000","50,886,000","-12,623,000","13,267,000","53,577,000","43,923,000","-4,396,000","9,621,000","47,898,000","39,260,000","-1,421,000","888,000","42,866,000","25,186,000","2,013,000","10,334,000","54,075,000","36,902,000","-5,138,000","6,079,000","51,448,000","25,365,000","1,308,000","8,440,000","31,539,000","23,368,000","-1,874,000","5,008,000","31,603,000","21,743,000","43,782,000","-13,282,000","24,688,000","15,956,000","8,531,000","10,755,000","27,023,000","35,004,000","2,362,000","7,166,000","26,899,000","11,306,000","2,491,000","7,373,000","26,748,000","13,942,000","254,000","3,778,000","24,319,000","11,332,000","-2,044,000","1,802,000","22,262,000","11,939,000","-3,240,000","603,000","19,686,000","8,932,000","-3,812,000","-240,000","21,682,000","9,457,000","-4,118,000","-136,000","18,981,000","8,200,000","-4,200,000","-100,000","17,800,000","5,900,000","-3,100,000","-4,000,000","12,200,000","5,800,000","-4,800,000","-200,000","14,900,000","18,400,000","-2,400,000","-800,000","15,200,000","7,400,000","-2,800,000","-200,000","13,200,000","3,700,000","-1,500,000","500,000","9,800,000","5,600,000","-800,000","100,000","10,500,000","5,600,000","-1,400,000","1,800,000","9,100,000","5,400,000","-800,000","200,000","6,900,000","4,100,000","-800,000","1,600,000","6,500,000","5,300,000","-1,300,000","1,700,000",,,,,,,,,,,,,,,
BasicEPS,,"1.1",,"-0.23","-0.87","1.28",,"-0.1","-0.03","1.09",,"-0.38","-0.14","0.94",,"-0.53","-1.12","1.4","0.05","-0.47","-0.1","0.47","0.58","0.12","-0.06","0.96","0.73","-0.18","0.19","0.79",,"-0.065","0.145","0.73",,"-0.02","0.014","0.675",,"0.033","0.17","0.894",,"-0.086","0.102","0.861",,"0.022","0.142","0.529",,"-0.032","0.084","0.531",,"0.737","-0.224","0.417",,"0.145","0.183","0.46",,"0.041","0.123","0.463",,"0.044","0.132","0.48",,"0.005","0.07","0.455",,"-0.04","0.038","0.455",,"-0.068","0.013","0.413",,"-0.08","-0.005","0.468",,"-0.09","-0.003","0.42",,"-0.095","-0.003","0.415",,"-0.07","-0.09","0.283",,"-0.11","-0.005","0.345",,"-0.055","-0.018","0.355",,"-0.068","-0.005","0.308",,"-0.038","0.013","0.248",,"-0.02","0.003","0.275",,"-0.038","0.048","0.243",,"-0.023","0.008","0.19",,"-0.023","0.05","0.195",,"-0.038","0.053","0.23",,"-0.025","0.085","0.25",,"-0.008","0.045","0.2",,"0.003","0.035","0.185",,"0.003"
DilutedEPS,,"1.08",,"-0.23","-0.87","1.26",,"-0.1","-0.03","1.09",,"-0.38","-0.14","0.94",,"-0.53","-1.12","1.4","0.05","-0.47","-0.1","0.47","0.58","0.12","-0.06","0.95","0.73","-0.18","0.19","0.79",,"-0.065","0.145","0.73",,"-0.02","0.014","0.674",,"0.033","0.17","0.892",,"-0.086","0.101","0.858",,"0.022","0.141","0.527",,"-0.032","0.084","0.53",,"0.733","-0.224","0.415",,"0.144","0.182","0.459",,"0.041","0.123","0.462",,"0.044","0.131","0.478",,"0.005","0.068","0.453",,"-0.04","0.038","0.453",,"-0.068","0.013","0.413",,"-0.08","-0.005","0.468",,"-0.09","-0.003","0.42",,"-0.095","-0.003","0.415",,"-0.07","-0.11","0.283",,"-0.11","-0.005","0.345",,"-0.055","-0.018","0.355",,"-0.068","-0.005","0.308",,"-0.038","0.013","0.248",,"-0.02","0.003","0.275",,"-0.038","0.048","0.243",,"-0.023","0.008","0.19",,"-0.023","0.05","0.195",,"-0.038","0.053","0.23",,"-0.025","0.085","0.25",,"-0.008","0.045","0.2",,"0.003","0.035","0.185",,"0.003"
BasicAverageShares,,"118,167,000",,"112,448,000","110,902,000","100,845,000",,"100,587,000","93,712,000","92,445,000",,"92,392,000","92,389,000","91,332,000",,"85,506,000","84,080,000","79,595,000","79,549,000","79,549,000","79,549,000","79,519,000","79,478,000","79,478,000","75,298,000","71,127,000","69,460,000","68,607,000","68,467,000","68,397,000",,"66,332,000","65,926,000","65,530,000",,"63,968,000","63,898,000","63,514,000",,"61,722,000","60,786,000","60,498,000",,"60,058,000","59,906,000","59,798,000",,"59,746,000","59,746,000","59,652,000",,"59,592,000","59,592,000","59,504,000",,"59,458,000","59,456,000","59,280,000",,"59,036,000","58,930,000","58,722,000",,"58,450,000","58,324,000","58,064,000",,"56,488,000","55,906,000","55,600,000",,"55,180,000","54,920,000","53,568,000",,"50,416,000","49,548,000","48,980,000",,"48,336,000","47,960,000","47,656,000",,"47,076,000","46,680,000","46,352,000",,"45,848,000","45,444,000","45,136,000",,"44,210,526","40,000,000","42,891,566",,"44,285,714","44,444,444","43,185,841",,"43,636,364","40,000,000","43,188,406",,"43,636,364","45,714,286","42,816,901",,"41,481,481","40,000,000","42,926,829",,"40,000,000","40,000,000","39,595,960",,"40,000,000","38,181,818","38,181,818",,"37,333,333","37,894,737","37,525,773",,"35,555,556","26,666,667","36,315,789",,"35,555,556","32,000,000","33,333,333",,"34,666,667","32,380,952","33,904,000",,"32,724,000","32,176,000","31,360,000",,"31,080,000","30,868,000","30,840,000",,"30,832,000","30,792,000","30,792,000",,"30,312,000"
DilutedAverageShares,,"119,747,000",,"112,448,000","110,902,000","101,937,000",,"100,587,000","93,712,000","92,556,000",,"92,392,000","92,389,000","91,432,000",,"85,506,000","84,080,000","79,724,000","79,705,000","79,549,000","79,549,000","79,641,000","79,643,000","79,635,000","75,298,000","71,416,000","69,646,000","68,607,000","68,653,000","68,618,000",,"66,332,000","66,074,000","65,684,000",,"63,968,000","64,024,000","63,622,000",,"61,890,000","60,944,000","60,646,000",,"60,058,000","60,074,000","59,982,000",,"60,000,000","59,950,000","59,826,000",,"59,592,000","59,804,000","59,702,000",,"59,730,000","59,456,000","59,528,000",,"59,254,000","59,142,000","58,966,000",,"58,640,000","58,452,000","58,200,000",,"56,918,000","56,360,000","56,000,000",,"55,656,000","55,392,000","53,844,000",,"50,416,000","49,956,000","49,308,000",,"48,336,000","48,292,000","47,656,000",,"47,076,000","46,680,000","46,352,000",,"45,848,000","45,444,000","45,136,000",,"44,210,526","40,000,000","42,891,566",,"44,285,714","44,444,444","43,185,841",,"43,636,364","40,000,000","43,188,406",,"43,636,364","45,714,286","42,816,901",,"41,481,481","40,000,000","42,926,829",,"40,000,000","40,000,000","39,595,960",,"40,000,000","38,181,818","38,181,818",,"37,333,333","37,894,737","37,525,773",,"35,555,556","26,666,667","36,315,789",,"35,555,556","32,000,000","33,333,333",,"34,666,667","32,380,952","33,904,000",,"32,724,000","32,176,000","31,360,000",,"31,080,000","30,868,000","30,840,000",,"30,832,000","30,792,000","30,792,000",,"30,312,000"
TotalOperatingIncomeAsReported,"350,892,000","198,600,000","149,656,000","-8,973,000","11,609,000","196,828,000","104,763,000","-8,494,000","20,191,000","165,762,000","75,857,000","-19,025,000","8,866,000","134,553,000","89,999,000","-38,592,000","-108,532,000","157,870,000","-3,457,000","-55,255,000","-4,564,000","67,686,000","70,419,000","12,590,000","-7,986,000","114,253,000","65,236,000","-15,053,000","30,340,000","76,371,000","65,451,000","-4,113,000","3,755,000","62,510,000","33,456,000","-5,206,000","-10,593,000","51,979,000","26,188,000","-55,000","10,257,000","73,508,000","43,267,000","-7,146,000","12,439,000","73,047,000","41,907,000","537,000","15,418,000","58,629,000","41,480,000","85,000","10,772,000","58,773,000","44,557,000","79,327,000","-17,767,000","47,392,000","32,387,000","20,867,000","23,887,000","52,481,000","65,607,000","10,968,000","17,513,000","51,714,000","23,675,000","9,968,000","17,408,000","50,733,000","28,929,000","5,281,000","11,077,000","45,453,000","23,712,000","2,715,000","7,522,000","43,894,000","25,017,000","-357,000","5,326,000","39,016,000","20,304,000","-205,000","5,387,000","43,575,000","23,674,000","-407,000","5,895,000","38,527,000","20,500,000","-700,000","6,100,000","36,400,000","16,300,000","1,200,000","3,100,000","24,700,000","17,400,000","-1,400,000","5,100,000","28,100,000","17,700,000","-600,000","2,300,000","28,600,000","16,900,000","900,000","4,900,000","25,600,000","10,500,000","1,300,000","4,500,000","19,100,000",,,,,,,,,,,,,,,,,,,,,,,,,,,,,,,,,,
TotalExpenses,"1,791,382,000","625,978,000","490,581,000","374,604,000","300,219,000","477,472,000","383,573,000","270,043,000","239,773,000","368,350,000","377,772,000","281,224,000","258,068,000","502,745,000","508,916,000","341,072,000","236,629,000","364,075,000","257,896,000","282,382,000","248,938,000","358,143,000","259,562,000","206,492,000","162,388,000","218,782,000","192,607,000","156,115,000","147,370,000","306,581,000","215,646,000","126,540,000","129,516,000","287,691,000","190,935,000","134,014,000","133,185,000","203,652,000","171,370,000","112,032,000","111,656,000","201,324,000","155,273,000","144,767,000","148,038,000","258,875,000","241,562,000","160,130,000","136,230,000","270,654,000","180,218,000","127,002,000","123,711,000","303,403,000","223,120,000","131,086,000","153,607,000","300,655,000","227,670,000","135,361,000","147,773,000","315,946,000","212,253,000","122,093,000","138,019,000","313,261,000","257,727,000","147,003,000","136,631,000","277,837,000","221,898,000","122,920,000","123,497,000","260,021,000","196,932,000","87,420,000","98,693,000","235,931,000","149,812,000","69,423,000","100,542,000","174,371,000","147,921,000","108,140,000","213,169,000","299,050,000","159,746,000","76,169,000","83,413,000","128,911,000","89,400,000","59,900,000","70,600,000","110,300,000","107,900,000","130,300,000","68,600,000","98,100,000","83,300,000","55,600,000","57,200,000","97,300,000","72,400,000","49,600,000","61,000,000","131,000,000","97,300,000","59,400,000","63,900,000","84,900,000","89,200,000","66,800,000","62,800,000","119,800,000",,,,,,,,,,,,,,,,,,,,,,,,,,,,,,,,,,
NetIncomeFromContinuingAndDiscontinuedOperation,"88,702,000","129,209,000","82,451,000","-26,130,000","-96,828,000","128,598,000","69,042,000","-10,402,000","-2,639,000","101,041,000","39,484,000","-34,805,000","-13,399,000","85,637,000","45,927,000","-45,685,000","-93,819,000","111,240,000","4,045,000","-37,593,000","-7,659,000","37,717,000","45,933,000","9,635,000","-4,827,000","68,069,000","50,886,000","-12,623,000","13,267,000","53,577,000","43,923,000","-4,396,000","9,621,000","47,898,000","39,260,000","-1,421,000","888,000","42,866,000","25,186,000","2,013,000","10,334,000","54,075,000","36,902,000","-5,138,000","6,079,000","51,448,000","25,365,000","1,308,000","8,440,000","31,539,000","23,368,000","-1,874,000","5,008,000","31,669,000","21,743,000","43,782,000","-13,282,000","24,688,000","15,956,000","8,531,000","10,755,000","27,023,000","35,004,000","2,362,000","7,166,000","26,899,000","11,306,000","2,491,000","7,373,000","26,748,000","13,942,000","254,000","3,778,000","24,319,000","11,332,000","-2,044,000","1,802,000","22,688,000","11,939,000","-3,240,000","603,000","19,686,000","8,932,000","-3,812,000","-240,000","21,534,000","9,457,000","-4,118,000","-136,000","18,981,000","8,200,000","-4,200,000","-100,000","17,800,000","5,900,000","-3,100,000","-4,000,000","12,200,000","5,800,000","-4,800,000","-200,000","14,900,000","18,400,000","-2,400,000","-800,000","15,200,000","7,400,000","-2,800,000","-200,000","13,200,000","3,700,000","-1,500,000","500,000","9,800,000","5,800,000","-800,000","100,000","10,100,000","5,600,000","-1,400,000","1,800,000","9,100,000","5,400,000","-800,000","300,000","7,000,000","4,100,000","-700,000","1,700,000","6,600,000","5,300,000","-1,200,000","1,800,000",,,,,,,,,,,,,,,
NormalizedIncome,"88,650,000","129,279,000","82,122,000","-26,003,000","-96,748,000","128,669,000","66,846,333.519","-10,344,000","-2,578,000","101,100,000","46,834,363.47","-35,511,776.151","-13,304,000","85,699,000","38,788,994.863","-45,642,000","-19,518,326.261","111,306,000","4,009,000","-37,548,000","-7,612,000","37,747,000","46,008,000","9,664,000","-4,798,000","68,187,000","50,948,000","-12,532,000","13,341,000","53,853,000","43,992,000","-4,276,000","9,701,000","48,211,000","39,357,000","-1,221,000","916,000","43,337,000","25,569,000","-669,350","8,454,300","52,763,691.564","34,507,767.216","-6,883,900","3,581,880.12","47,267,958.961","24,189,048.629","1,019,800","8,074,404.476","30,953,600","23,256,910.286","-2,049,100","4,500,600","31,398,518.706","22,218,023.797","43,440,050","-13,727,550","24,388,300","15,196,996.047","8,275,400","10,333,550","26,801,150","34,566,800","2,010,000","6,642,800","26,748,800","11,064,524.725","2,602,800","7,459,000","26,545,200","14,064,763.908","102,447.458","3,676,731.183","23,932,800","11,122,698.91","-1,723,600","1,828,369.344","22,794,400","12,035,030.082","-3,364,048.439","116,070.076","19,619,600","9,172,000","-3,784,000","-202,000","21,683,000","9,611,000","-4,008,000","-9,000","19,071,000","8,300,000","-4,200,000","0","17,900,000","6,000,000","-3,000,000","-1,600,000","12,400,000","8,000,000","-4,500,000","-100,000","15,000,000","8,300,000","-3,800,000","-1,900,000","15,200,000","7,400,000","-2,800,000","-200,000","13,200,000","3,700,000","-1,500,000","500,000","9,800,000","5,800,000","-800,000","100,000","10,100,000","5,600,000","-1,400,000","1,800,000","9,100,000","5,400,000","-800,000","300,000","7,000,000","4,400,000","-700,000","1,400,000","6,600,000","5,300,000","-1,100,000","1,900,000",,,,,,,,,,,,,,,
InterestExpense,"127,250,000","31,579,000","33,018,000","31,468,000","31,185,000","31,459,000","29,647,000","27,762,000","28,589,000","32,536,000","28,533,000","28,857,000","28,434,000","28,653,000","30,229,000","26,534,000","19,561,000","13,972,000","15,728,000","10,567,000","10,979,000","16,745,000","6,705,000","7,355,000","8,229,000","9,160,000","7,440,000","8,107,000","7,474,000","8,601,000","8,862,000","6,768,000","6,846,000","7,084,000","6,304,000","4,393,000","3,420,000","4,708,000","2,317,000","5,981,000","5,195,000","5,493,000","5,621,000","6,242,000","6,234,000","5,981,000","4,990,000","6,276,000","5,664,000","4,966,000","4,689,000","5,298,000","4,112,000","4,893,000","8,430,000","5,745,000","5,487,000","6,014,000","7,092,000","6,966,000","6,188,000",,"7,626,000","7,462,000","6,217,000","6,366,000","5,397,000",,"4,922,000","5,305,000","5,497,000",,"4,971,000","4,961,000","5,501,000","5,836,000",,,"4,240,000","4,397,000","4,392,000","4,648,000","4,925,000","5,208,000","4,727,000","5,679,000","5,952,000","5,395,000",,"5,059,000",,"6,000,000",,"5,800,000","6,000,000","5,800,000",,,,,"4,900,000","4,900,000","5,100,000","5,100,000","5,100,000","5,100,000","5,300,000","5,300,000","5,400,000","5,100,000","4,500,000","3,900,000","3,800,000","4,000,000",,,,,,,,,,,,,,,,,,,,,,,,,,,,,,,,,,
NetInterestIncome,"-127,250,000","-31,579,000","-33,018,000","-31,468,000","-31,185,000","-31,459,000","-29,647,000","-27,762,000","-28,589,000","-32,536,000","-28,533,000","-28,857,000","-28,434,000","-28,653,000","-30,229,000","-26,534,000","-19,561,000","-13,972,000","-15,728,000","-10,567,000","-10,979,000","-16,745,000","-6,705,000","-7,355,000","-8,229,000","-9,160,000","-7,440,000","-8,107,000","-7,474,000","-8,601,000","-8,862,000","-6,768,000","-6,846,000","-7,084,000","-6,304,000","-4,393,000","-3,420,000","-4,708,000","-2,317,000","-5,981,000","-5,195,000","-5,493,000","-5,621,000","-6,242,000","-6,234,000","-5,981,000","-4,990,000","-6,276,000","-5,664,000","-4,966,000","-4,689,000","-5,298,000","-4,112,000","-4,893,000","-8,430,000","-5,745,000","-5,487,000","-6,014,000","-7,092,000","-6,966,000","-6,188,000",,"-7,626,000","-7,462,000","-6,217,000","-6,366,000","-5,397,000",,"-4,922,000","-5,305,000","-5,497,000",,"-4,971,000","-4,961,000","-5,501,000","-5,836,000",,,"-4,240,000","-4,397,000","-4,392,000","-4,648,000","-4,925,000","-5,208,000","-4,727,000","-5,679,000","-5,952,000","-5,395,000",,"-5,059,000",,"-6,000,000",,"-5,800,000","-6,000,000","-5,800,000",,,,,"-4,900,000","-4,900,000","-5,100,000","-5,100,000","-5,100,000","-5,100,000","-5,300,000","-5,300,000","-5,400,000","-5,100,000","-4,500,000","-3,900,000","-3,800,000","-4,000,000",,,,,,,,,,,,,,,,,,,,,,,,,,,,,,,,,,
EBIT,"356,019,000","201,203,000","146,363,000","-6,748,000","15,201,000","198,896,000","105,121,000","-3,351,000","23,816,000","164,615,000","77,797,000","-18,407,000","8,895,000","137,128,000","87,262,000","-37,186,000","-107,558,000","160,631,000","1,782,000","-53,002,000","-2,247,000","73,351,000","71,621,000","14,813,000","-3,625,000","116,456,000","67,224,000","-12,812,000","33,380,000","78,612,000","67,298,000","-694,000","7,940,000","64,878,000","35,701,000","-3,006,000","-7,928,000","55,848,000","27,402,000","4,304,000","13,915,000","75,381,000","45,946,000","-4,560,000","16,244,000","79,619,000","44,308,000","1,185,000","15,897,000","59,653,000","42,253,000","379,000","10,655,000","59,234,000","44,557,000","79,327,000","-17,767,000","47,392,000","32,387,000","20,867,000","23,887,000","52,481,000","65,607,000","10,968,000","17,513,000","51,714,000","23,675,000","9,968,000","17,408,000","50,733,000","28,929,000","5,281,000","11,077,000","45,453,000","23,712,000","2,715,000","7,522,000","43,894,000","25,017,000","-357,000","5,326,000","39,016,000","20,304,000","-205,000","5,387,000","43,575,000","23,674,000","-407,000","5,895,000","38,527,000","20,500,000","-700,000","6,100,000","36,400,000","16,300,000","1,200,000","3,100,000","24,700,000","17,400,000","-1,400,000","5,100,000","28,100,000","17,700,000","-600,000","2,300,000","28,600,000","16,900,000","900,000","4,900,000","25,600,000","10,500,000","1,300,000","4,500,000","19,100,000","94,800,000","60,500,000","65,200,000","113,400,000","105,900,000","55,600,000","61,000,000","94,200,000","86,600,000","51,300,000","52,300,000","88,700,000","84,300,000","48,500,000","49,400,000","77,900,000","88,100,000","36,600,000","44,500,000","89,900,000","73,800,000","42,200,000","49,400,000","86,000,000","63,900,000","45,600,000","54,000,000","92,000,000","67,900,000","38,700,000","50,600,000","94,500,000","42,400,000","48,000,000"
EBITDA,"489,942,000"
ReconciledCostOfRevenue,"1,655,232,000","587,246,000","454,047,000","349,563,000","264,376,000","441,677,000","279,384,000","185,695,000","157,050,000","275,663,000","283,230,000","199,447,000","174,614,000","412,017,000","403,318,000","241,714,000","152,608,000","289,930,000","216,044,000","173,430,000","184,357,000","292,123,000","191,440,000","147,138,000","102,599,000","157,359,000","131,635,000","103,312,000","94,873,000","245,705,000","157,536,000","79,348,000","82,128,000","231,397,000","142,699,000","92,514,000","91,192,000","155,723,000","134,481,000","70,549,000","69,519,000","156,868,000","112,759,000","106,655,000","109,358,000","216,220,000","198,318,000","124,813,000","100,447,000","231,244,000","142,120,000","95,128,000","90,632,000","265,508,000",,,,,,,,,,,,,,"65,601,000","53,056,000",,,"47,344,000","41,931,000",,,"33,672,000","41,382,000","154,475,000",,,"38,305,000","86,825,000","65,603,000","37,394,000","56,602,000","143,750,000","108,494,000","40,778,000","48,795,000","86,999,000","53,900,000","32,400,000","42,500,000","78,200,000","56,300,000","26,200,000","30,300,000","61,200,000","47,800,000","31,500,000","31,900,000","63,900,000","53,800,000","22,300,000","30,300,000","78,800,000","52,600,000","25,700,000","25,900,000","39,500,000","44,300,000","31,400,000","25,600,000","73,100,000",,,,,,,,,,,,,,,,,,,,,,,,,,,,,,,,,,
ReconciledDepreciation,"133,923,000","33,957,000","33,854,000","33,081,000","33,031,000","31,812,000","36,838,000","27,977,000","27,431,000","26,469,000","26,994,000","24,945,000","24,129,000","23,685,000","24,940,000","22,350,000","24,771,000","24,662,000","26,925,000","24,914,000","24,556,000","24,323,000","24,283,000","23,109,000","22,296,000","20,701,000","19,780,000","18,422,000","17,430,000","16,819,000","16,461,000","16,057,000","15,495,000","14,991,000","13,032,000","12,826,000","12,372,000","11,407,000","10,645,000","10,602,000","10,485,000","9,604,000","9,221,000","9,023,000","8,853,000","8,652,000","8,433,000","8,851,000","8,492,000","8,242,000","8,111,000","7,880,000","7,629,000","7,660,000",,,,,,,,,"10,023,000","7,127,000","6,771,000","6,913,000","6,676,000","6,879,000","6,702,000","6,585,000","6,980,000","6,217,000","7,303,000","7,220,000","7,001,000","7,697,000","6,515,000","6,427,000","6,394,000","6,201,000","6,152,000","6,117,000","5,898,000","5,907,000","5,850,000","5,791,000","5,818,000","5,700,000","5,726,000","5,860,000",,,,,,,,,,,,,,,,,,,,,,,,,,,,,,,,,,,,,,,,,,,,,,,,,,,,,,,,,,
NetIncomeFromContinuingOperationNetMinorityInterest,"88,650,000","129,279,000","82,122,000","-26,003,000","-96,748,000","128,669,000","69,119,000","-10,344,000","-2,578,000","101,100,000","39,540,000","-34,746,000","-13,304,000","85,699,000","46,032,000","-45,642,000","-93,793,000","111,306,000","4,009,000","-37,548,000","-7,612,000","37,747,000","46,008,000","9,664,000","-4,798,000","68,187,000","50,948,000","-12,532,000","13,341,000","53,853,000","43,992,000","-4,276,000","9,701,000","48,211,000","39,357,000","-1,221,000","916,000","43,337,000","25,569,000","2,164,000","10,832,000","54,211,000","36,986,000","-5,203,000","6,245,000","51,831,000","25,735,000","1,441,000","8,541,000","31,568,000","23,737,000","-1,858,000","5,031,000","31,688,000","21,889,000","43,858,000","-13,281,000","24,712,000","16,112,000","8,564,000","10,810,000","27,171,000","35,444,000","2,511,000","7,229,000","27,065,000","11,458,000","2,682,000","7,555,000","26,892,000","14,156,000","438,000","3,920,000","24,459,000","11,378,000","-1,618,000","1,956,000","22,837,000","12,195,000","-3,222,000","721,000","19,718,000","9,172,000","-3,784,000","-202,000","21,683,000","9,611,000","-4,008,000","-9,000","19,071,000","8,300,000","-4,200,000","0","17,900,000","6,000,000","-3,000,000","-1,600,000","12,400,000","8,000,000","-4,500,000","-100,000","15,000,000","8,300,000","-3,800,000","-1,900,000","15,200,000","7,400,000","-2,800,000","-200,000","13,200,000","3,700,000","-1,500,000","500,000","9,800,000","5,800,000","-800,000","100,000","10,100,000","5,600,000","-1,400,000","1,800,000","9,100,000","5,400,000","-800,000","300,000","7,000,000","4,400,000","-700,000","1,400,000","6,600,000","5,300,000","-1,100,000","1,900,000",,,,,,,,,,,,,,,
TotalUnusualItemsExcludingGoodwill,"0",,,,,,"2,578,000","0",,,"-9,562,000","996,000","0",,"9,332,000","0","-99,233,000",,,,,,,,,,,,,,,,,,,,,,,"4,359,000","3,658,000","1,873,000","2,679,000","2,586,000","3,805,000","6,572,000","2,401,000","648,000","479,000","1,024,000","773,000","294,000","816,000","461,000","-535,000","643,000","687,000","498,000","1,523,000","481,000","733,000","569,000","1,462,000","835,000","977,000","527,000","650,000","132,000","160,000","578,000","152,000","452,000","404,000","877,000","418,000","176,000","212,000","71,000","266,000","233,000","886,000","164,000",,,,,,,,,,,,,,,,,,,,,,,,,,,,,,,,,,,,,,,,,,,,,,,,,,,,,,,,,,,,,,,,,,
TotalUnusualItems,"0",,,,,,"2,578,000","0",,,"-9,562,000","996,000","0",,"9,332,000","0","-99,233,000",,,,,,,,,,,,,,,,,,,,,,,"4,359,000","3,658,000","1,873,000","2,679,000","2,586,000","3,805,000","6,572,000","2,401,000","648,000","479,000","1,024,000","773,000","294,000","816,000","461,000","-535,000","643,000","687,000","498,000","1,523,000","481,000","733,000","569,000","1,462,000","835,000","977,000","527,000","650,000","132,000","160,000","578,000","152,000","452,000","404,000","877,000","418,000","176,000","212,000","71,000","266,000","233,000","886,000","164,000",,,,,,,,,,,,,,,,,,,,,,,,,,,,,,,,,,,,,,,,,,,,,,,,,,,,,,,,,,,,,,,,,,
NormalizedEBITDA,"489,942,000","235,160,000","180,217,000","26,333,000","48,232,000","230,708,000","139,381,000","24,626,000","51,247,000","191,084,000","114,353,000","5,542,000","33,024,000","160,813,000","102,870,000","-14,836,000","16,446,000","185,293,000","28,707,000","-28,088,000","22,309,000","97,674,000","95,904,000","37,922,000","18,671,000","137,157,000","87,004,000","5,610,000","50,810,000","95,431,000","83,759,000","15,363,000","23,435,000","79,869,000","48,733,000","9,820,000","4,444,000","67,255,000","38,047,000","10,547,000","20,742,000","83,112,000","52,488,000","1,877,000","21,292,000","81,699,000","50,340,000","9,388,000","23,910,000","66,871,000","49,591,000","7,965,000","17,468,000","66,433,000","52,571,000","86,017,000","-11,216,000","54,081,000","37,922,000","27,368,000","30,045,000","58,924,000","74,168,000","17,260,000","23,307,000","58,100,000","29,701,000","16,715,000","23,950,000","56,740,000","35,757,000","11,046,000","17,976,000","51,796,000","30,295,000","10,236,000","13,825,000","50,250,000","31,145,000","5,611,000","10,592,000","44,969,000","26,202,000","5,702,000","11,237,000","49,366,000","29,492,000","5,293,000","11,621,000","44,387,000","26,000,000","4,800,000","11,900,000","41,400,000","21,200,000","6,000,000","7,900,000","29,300,000","22,000,000","3,100,000","9,500,000","32,700,000","24,900,000","4,100,000","6,500,000","34,000,000","22,200,000","6,100,000","10,100,000","30,600,000","15,300,000","6,100,000","9,300,000","23,800,000","94,800,000","60,500,000","65,200,000","113,400,000","105,900,000","55,600,000","61,000,000","94,200,000","86,600,000","51,300,000","52,300,000","88,700,000","84,300,000","48,500,000","49,400,000","77,900,000","88,100,000","36,600,000","44,500,000","89,900,000","73,800,000","42,200,000","49,400,000","86,000,000","63,900,000","45,600,000","54,000,000","92,000,000","67,900,000","38,700,000","50,600,000","94,500,000","42,400,000","48,000,000"
TaxRateForCalcs,"0.201","0.24","0.192","0.307","0.294","0.249","0.118","0.27","0.037","0.253","0.237","0.231","0.238","0.23","0.224","0.261","0.252","0.248","0.4","0.39","0.4","0.386","0.297","0.376","0.4","0.366","0.4","0.4","0.4","0.237","0.178","0.35","0.35","0.205","0.35","0.35","0.35","0.152","0.35","0.35","0.35","0.227","0.075","0.35","0.3","0.306","0.356","0.35","0.026","0.4","0.379","0.35","0.35","0.372","0.385","0.35","0.35","0.35","0.399","0.4","0.35","0.35","0.4","0.4","0.4","0.4","0.395","0.4","0.4","0.4","0.4","0.258","0.398","0.4","0.389","0.4","0.398","0.4","0.399","0.39","0.317","0.4","0.4","0.387","0.4","0.4","0.4","0.39","0.4","0.4","0.4","0.373","0.4","0.4","0.4","0.362","0.238","0.361","0.339","0.318","0.4","0.356","0.352","0.345","0.321","0.353","0.351","0.364","0.4","0.353","0.393","0.4","0.167","0.355","0.4","0.4","0.4","0.4","0.4","0.4","0.4","0.4","0.4","0.4","0.4","0.4","0.4","0.4","0.4","0.4","0.4","0.4","0.4",,,,,,,,,,,,,,,
TaxEffectOfUnusualItems,"0","0","0","0","0","0","305,333.519","0","0","0","-2,267,636.53","230,223.849","0","0","2,088,994.863","0","-24,958,326.261","0","0","0","0","0","0","0","0","0","0","0","0","0","0","0","0","0","0","0","0","0","0","1,525,650","1,280,300","425,691.564","200,767.216","905,100","1,141,880.12","2,008,958.961","855,048.629","226,800","12,404.476","409,600","292,910.286","102,900","285,600","171,518.706","-205,976.203","225,050","240,450","174,300","607,996.047","192,400","256,550","199,150","584,800","334,000","390,800","210,800","256,524.725","52,800","64,000","231,200","60,763.908","116,447.458","160,731.183","350,800","162,698.91","70,400","84,369.344","28,400","106,030.082","90,951.561","281,070.076","65,600","0","0","0","0","0","0","0","0","0","0","0","0","0","0","0","0","0","0","0","0","0","0","0","0","0","0","0","0","0","0","0","0","0","0","0","0","0","0","0","0","0","0","0","0","0","0","0","0","0","0","0",,,,,,,,,,,,,,,