name,ttm,03/31/2022,12/31/2021,09/30/2021,06/30/2021,03/31/2021,12/31/2020,09/30/2020,06/30/2020,03/31/2020,12/31/2019,09/30/2019,06/30/2019,03/31/2019,12/31/2018,09/30/2018,06/30/2018,03/31/2018,12/31/2017,09/30/2017,06/30/2017,03/31/2017,12/31/2016,09/30/2016,06/30/2016,03/31/2016,12/31/2015,09/30/2015,06/30/2015,03/31/2015,12/31/2014,09/30/2014,06/30/2014,03/31/2014,12/31/2013,09/30/2013,06/30/2013,03/31/2013,12/31/2012,09/30/2012,06/30/2012,03/31/2012,12/31/2011,09/30/2011,06/30/2011,03/31/2011,12/31/2010,09/30/2010,06/30/2010,03/31/2010,12/31/2009,09/30/2009,06/30/2009,03/31/2009,12/31/2008,09/30/2008,06/30/2008,03/31/2008,12/31/2007,09/30/2007,06/30/2007,03/31/2007,12/31/2006,09/30/2006,06/30/2006,03/31/2006,12/31/2005,09/30/2005,06/30/2005,03/31/2005,12/31/2004,09/30/2004,06/30/2004,03/31/2004,12/31/2003,09/30/2003,06/30/2003,03/31/2003,12/31/2002,09/30/2002,06/30/2002,03/31/2002,12/31/2001,09/30/2001,06/30/2001,03/31/2001,12/31/2000,09/30/2000,06/30/2000,03/31/2000,12/31/1999,09/30/1999,06/30/1999,03/31/1999
TotalRevenue,"6,670,168,000","1,819,594,000","1,647,882,000","1,550,957,000","1,657,773,000","1,428,418,000","1,324,711,000","1,300,886,000","729,472,000","1,242,345,000","1,330,732,000","1,353,998,000","1,258,565,000","1,276,756,000","1,080,798,000","1,176,395,000","1,134,797,000","1,250,078,000","970,589,000","1,094,829,000","1,025,934,000","1,072,808,000","764,290,000","942,417,000","877,810,000","978,794,000","722,683,000","856,179,000","800,464,000","767,997,000","569,722,000","674,270,000","587,051,000","546,518,000","450,737,000","515,756,000","428,247,000","451,621,000","391,114,000","431,187,000","385,610,000","352,410,000","286,376,000","413,589,000","435,727,000","477,882,000","456,039,000","556,514,000","505,734,000","493,149,000","389,253,000","405,792,000","299,308,000","343,742,000","298,087,000","403,159,000","354,574,000","384,922,000","302,041,000","395,033,000","352,211,000","344,896,000","304,494,000","331,126,000","292,183,000","277,565,000","223,494,000","272,836,000","263,928,000","246,219,000","206,472,000","257,658,000","234,704,000","221,488,000","175,284,000","221,821,000","229,278,000","208,593,000","180,834,000","261,147,000","256,652,000","244,949,000","214,092,000","287,900,000","230,899,000","227,494,000","172,044,000","205,749,000","163,899,000","133,344,000","100,100,000","124,200,000","104,600,000","95,700,000"
	OperatingRevenue,"6,670,168,000","1,819,594,000","1,647,882,000","1,550,957,000","1,657,773,000","1,428,418,000","1,324,711,000","1,300,886,000","729,472,000","1,242,345,000","1,330,732,000","1,353,998,000","1,258,565,000","1,276,756,000","1,080,798,000","1,176,395,000","1,134,797,000","1,250,078,000","970,589,000","1,094,829,000","1,025,934,000","1,072,808,000","764,290,000","942,417,000","877,810,000","978,794,000","722,683,000","856,179,000","800,464,000","767,997,000","569,722,000","674,270,000","587,051,000","546,518,000","450,737,000","515,756,000","428,247,000","451,621,000","391,114,000","431,187,000","385,610,000","352,410,000","286,376,000","413,589,000","435,727,000","477,882,000","456,039,000","556,514,000","505,734,000","493,149,000","389,253,000","405,792,000","299,308,000","343,742,000","298,087,000","403,159,000","354,574,000","384,922,000","302,041,000","395,033,000","352,211,000","344,896,000","304,494,000","331,126,000","292,183,000","277,565,000","223,494,000","272,836,000","263,928,000","246,219,000","206,472,000","257,658,000","234,704,000","221,488,000","175,284,000","221,821,000","229,278,000","208,593,000","180,834,000","261,147,000","256,652,000","244,949,000","214,092,000","287,900,000","230,899,000","227,494,000","172,044,000","205,749,000","163,899,000","133,344,000","100,100,000","124,200,000","104,600,000","95,700,000"
CostOfRevenue,"3,432,452,000","995,431,000","847,230,000","781,513,000","808,280,000","748,796,000","676,284,000","675,765,000","360,906,000","694,677,000","692,983,000","700,934,000","648,730,000","686,247,000","565,119,000","612,529,000","573,840,000","666,974,000","516,506,000","574,842,000","537,613,000","596,310,000","408,078,000","512,439,000","461,556,000","546,642,000","392,829,000","469,173,000","425,856,000","435,457,000","312,093,000","369,772,000","317,676,000","306,115,000","250,092,000","285,235,000","233,353,000","258,889,000","227,153,000","241,605,000","212,659,000","195,578,000","170,635,000","236,988,000","291,021,000","283,624,000","270,427,000","301,975,000","267,214,000","255,346,000","199,368,000","221,648,000","176,373,000","218,041,000","203,061,000","231,628,000","197,381,000","212,750,000","174,789,000","223,363,000","200,183,000","195,857,000","176,561,000","184,823,000","161,448,000","159,190,000","130,457,000","157,363,000","152,392,000","145,039,000","123,990,000","153,067,000","139,281,000","131,781,000","116,149,000","143,183,000","139,683,000","118,275,000","111,271,000","152,347,000","150,866,000","142,425,000","128,996,000","165,305,000","131,724,000","125,425,000","95,602,000","117,269,000","93,425,000","78,517,000","56,900,000","70,400,000","60,700,000","58,200,000"
GrossProfit,"3,237,716,000","824,163,000","800,652,000","769,444,000","849,493,000","679,622,000","648,427,000","625,121,000","368,566,000","547,668,000","637,749,000","653,064,000","609,835,000","590,509,000","515,679,000","563,866,000","560,957,000","583,104,000","454,083,000","519,987,000","488,321,000","476,498,000","356,212,000","429,978,000","416,254,000","432,152,000","329,854,000","387,006,000","374,608,000","332,540,000","257,629,000","304,498,000","269,375,000","240,403,000","200,645,000","230,521,000","194,894,000","192,732,000","163,961,000","189,582,000","172,951,000","156,832,000","115,741,000","176,601,000","144,706,000","194,258,000","185,612,000","254,539,000","238,520,000","237,803,000","189,885,000","184,144,000","122,935,000","125,701,000","95,026,000","171,531,000","157,193,000","172,172,000","127,252,000","171,670,000","152,028,000","149,039,000","127,933,000","146,303,000","130,735,000","118,375,000","93,037,000","115,473,000","111,536,000","101,180,000","82,482,000","104,591,000","95,423,000","89,707,000","59,135,000","78,638,000","89,595,000","90,318,000","69,563,000","108,800,000","105,786,000","102,524,000","85,096,000","122,595,000","99,175,000","102,069,000","76,442,000","88,480,000","70,474,000","54,827,000","43,200,000","53,800,000","43,900,000","37,500,000"
OperatingExpense,"2,621,293,000","648,259,000","707,590,000","623,197,000","648,284,000","521,954,000","590,708,000","532,995,000","429,537,000","502,858,000","543,667,000","505,648,000","498,754,000","424,645,000","431,982,000","439,954,000","479,599,000","434,305,000","398,428,000","403,494,000","402,012,000","352,075,000","327,950,000","326,627,000","315,899,000","293,602,000","275,146,000","291,421,000","262,266,000","244,351,000","224,617,000","230,355,000","215,619,000","192,243,000","181,370,000","186,478,000","177,730,000","177,394,000","155,183,000","169,298,000","174,482,000","161,226,000","218,185,000","174,307,000","193,064,000","179,543,000","184,231,000","198,971,000","179,736,000","156,796,000","148,175,000","151,699,000","130,661,000","119,548,000","130,113,000","146,782,000","137,219,000","123,915,000","110,115,000","135,090,000","130,230,000","111,624,000","104,551,000","111,820,000","103,305,000","91,126,000","82,470,000","94,032,000","84,265,000","84,163,000","80,639,000","87,642,000","78,993,000","75,743,000","72,431,000","82,710,000","89,457,000","74,435,000","81,060,000","84,699,000","69,907,000","68,215,000","79,285,000","100,636,000","69,758,000","68,014,000","57,800,000","60,611,000","48,909,000","41,957,000","37,600,000","38,200,000","31,600,000","32,900,000"
	SellingGeneralAndAdministration,"2,646,452,000","648,259,000","715,095,000","630,716,000","652,382,000","527,991,000","595,664,000","536,211,000","432,133,000","508,106,000","548,333,000","511,933,000","505,095,000","429,846,000","436,832,000","444,814,000","484,949,000","439,827,000","404,726,000","406,411,000","405,233,000","356,305,000","332,933,000","329,597,000","319,206,000","296,227,000","279,067,000","293,733,000","265,896,000","246,233,000","226,796,000","232,425,000","217,455,000","195,265,000","184,260,000","188,127,000","179,154,000","179,164,000","162,287,000","169,298,000","174,482,000","161,226,000","218,185,000","174,307,000","193,064,000","179,543,000","184,231,000","198,971,000","179,736,000","156,796,000","148,175,000","151,699,000","130,661,000","119,548,000","130,914,000","147,373,000","137,449,000","124,755,000","110,902,000","136,088,000","131,423,000","112,825,000","105,753,000","113,179,000","103,864,000","92,120,000","84,026,000","96,030,000","86,255,000","84,503,000","82,807,000","88,715,000","80,026,000","77,131,000","74,472,000","84,114,000","89,911,000","74,706,000","81,673,000","84,806,000","70,224,000","68,323,000","78,714,000","100,700,000","69,745,000","68,231,000","55,901,000","59,042,000","47,571,000","40,765,000","36,700,000","37,300,000","30,400,000","32,000,000"
		GeneralAndAdministrativeExpense,"2,169,969,000","540,050,000","593,015,000","510,941,000","519,934,000","442,695,000","497,789,000","450,285,000","371,893,000","434,051,000","459,669,000","414,417,000","391,588,000","359,632,000","375,003,000","354,676,000","370,927,000","355,381,000","340,843,000","316,852,000","305,283,000","282,496,000","273,431,000","261,815,000","243,240,000","242,349,000","221,133,000","230,048,000","201,021,000","197,141,000","186,598,000","182,186,000","163,616,000","158,523,000","150,764,000","147,916,000","137,066,000","141,468,000","131,201,000","134,913,000","135,382,000","130,877,000","194,787,000","136,364,000","139,965,000","141,983,000","143,755,000","139,455,000","127,299,000","122,487,000","116,754,000","110,454,000","95,848,000","98,038,000",,,,,,,,,,,,,,,,,,,,,,,,,,,,,,,,,,,,,,,,
			OtherGandA,"2,169,969,000","540,050,000","593,015,000","510,941,000","519,934,000","442,695,000","497,789,000","450,285,000","371,893,000","434,051,000","459,669,000","414,417,000","391,588,000","359,632,000","375,003,000","354,676,000","370,927,000","355,381,000","340,843,000","316,852,000","305,283,000","282,496,000","273,431,000","261,815,000","243,240,000","242,349,000","221,133,000","230,048,000","201,021,000","197,141,000","186,598,000","182,186,000","163,616,000","158,523,000","150,764,000","147,916,000","137,066,000","141,468,000","131,201,000","134,913,000","135,382,000","130,877,000","194,787,000","136,364,000","139,965,000","141,983,000","143,755,000","139,455,000","127,299,000","122,487,000","116,754,000","110,454,000","95,848,000","98,038,000",,,,,,,,,,,,,,,,,,,,,,,,,,,,,,,,,,,,,,,,
		SellingAndMarketingExpense,"476,483,000","108,209,000","122,080,000","119,775,000","132,448,000","85,296,000","97,875,000","85,926,000","60,240,000","74,055,000","88,664,000","97,516,000","113,507,000","70,214,000","61,829,000","90,138,000","114,022,000","84,446,000","63,883,000","89,559,000","99,950,000","73,809,000","59,502,000","67,782,000","75,966,000","53,878,000","57,934,000","63,685,000","64,875,000","49,092,000","40,198,000","50,239,000","53,839,000","36,742,000","33,496,000","40,211,000","42,088,000","37,696,000","31,086,000","34,385,000","39,100,000","30,349,000","23,398,000","37,943,000","53,099,000","37,560,000","40,476,000","59,516,000","52,437,000","34,309,000","31,421,000","41,245,000","34,813,000","21,510,000",,,,,,,,,,,,,,,,,,,,,,,,,,,,,,,,,,,,,,,,
	DepreciationAmortizationDepletionIncomeStatement,,,,,,,,,,,,,,,,,,,,,,,,,,,,,,,,,,,,,,,,,,,,,,,,,,,,,,,,,,,,,,,,,,,,,,,,,,,,,,,,,,,,,,"2,755,000","1,899,000","1,569,000","1,338,000","1,192,000","900,000","900,000","1,200,000","900,000"
		DepreciationAndAmortizationInIncomeStatement,,,,,,,,,,,,,,,,,,,,,,,,,,,,,,,,,,,,,,,,,,,,,,,,,,,,,,,,,,,,,,,,,,,,,,,,,,,,,,,,,,,,,,"2,755,000","1,899,000","1,569,000","1,338,000","1,192,000","900,000","900,000","1,200,000","900,000"
	OtherOperatingExpenses,,,"-7,505,000","-7,519,000","-4,098,000","-6,037,000","-4,956,000","-3,216,000","-2,596,000","-5,248,000","-4,666,000","-6,285,000","-6,341,000","-5,201,000","-4,850,000","-4,860,000","-5,350,000","-5,522,000","-6,298,000","-2,917,000","-3,221,000","-4,230,000","-4,983,000","-2,970,000","-3,307,000","-2,625,000","-3,921,000","-2,312,000","-3,630,000","-1,882,000","-2,179,000","-2,070,000","-1,836,000","-3,022,000","-2,890,000","-1,649,000","-1,424,000","-1,770,000","-2,601,000",,,,,,,,,,,,,,,,"-801,000","-591,000","-230,000","-840,000","-787,000","-998,000","-1,193,000","-1,201,000","-1,202,000","-1,359,000","-559,000","-994,000","-1,556,000","-1,998,000","-1,990,000","-340,000","-2,168,000","-1,073,000","-1,033,000","-1,388,000","-2,041,000","-1,404,000","-454,000","-271,000","-613,000","-107,000","-317,000","-108,000","571,000","-64,000","13,000","-2,972,000",,,,,,,,
OperatingIncome,"616,423,000","175,904,000","93,062,000","146,247,000","201,209,000","157,668,000","57,719,000","92,126,000","-60,971,000","44,810,000","94,082,000","147,416,000","111,081,000","165,864,000","83,697,000","123,912,000","81,358,000","148,799,000","55,655,000","116,493,000","86,309,000","124,423,000","28,262,000","103,351,000","100,355,000","138,550,000","54,708,000","95,585,000","112,342,000","88,189,000","33,012,000","74,143,000","53,756,000","48,160,000","19,275,000","44,043,000","17,164,000","15,338,000","8,778,000","20,284,000","-1,531,000","-4,394,000","-102,444,000","2,294,000","-48,358,000","14,715,000","1,381,000","55,568,000","58,784,000","81,007,000","41,710,000","32,445,000","-7,726,000","6,153,000","-35,087,000","24,749,000","19,974,000","48,257,000","17,137,000","36,580,000","21,798,000","37,415,000","23,382,000","34,483,000","27,430,000","27,249,000","10,567,000","21,441,000","27,271,000","17,017,000","1,843,000","16,949,000","16,430,000","13,964,000","-13,296,000","-4,072,000","138,000","15,883,000","-11,497,000","24,101,000","35,879,000","34,309,000","5,811,000","21,959,000","29,417,000","34,055,000","18,642,000","27,869,000","21,565,000","12,870,000","5,600,000","15,600,000","12,300,000","4,600,000"
NetNonOperatingInterestIncomeExpense,,,,"-2,535,000","-2,508,000","-3,317,000","-4,726,000","-2,759,000","-3,257,000","308,000","-33,000","1,278,000","1,162,000","1,865,000","1,743,000","1,809,000","1,054,000","-323,000","-936,000","-780,000","-1,464,000","-1,077,000","-1,472,000","-948,000","-1,542,000","-1,122,000","-1,969,000","-2,503,000","-2,884,000","-2,650,000","-3,093,000","-2,484,000","-3,459,000","-2,593,000","-2,696,000","-2,813,000","-2,991,000","-2,549,000","-3,450,000","-3,338,000","-3,256,000","-2,721,000","-2,042,000","-986,000","-1,596,000","-1,378,000","-1,735,000","484,000","318,000","713,000","-643,000","-665,000","-331,000","664,000",,,,,,,,,,,,,,,,,,,,,,,,,,,,,,,,,,,,,,,,
	InterestIncomeNonOperating,,,,"813,000","909,000","796,000","173,000","1,884,000","1,547,000","2,307,000","2,282,000","3,290,000","3,067,000","3,142,000","3,848,000","3,008,000","2,518,000","755,000","846,000","780,000","381,000","413,000","253,000","348,000","319,000","266,000","229,000","149,000","157,000","186,000","349,000","187,000","197,000","103,000","305,000","329,000","137,000","71,000","69,000","124,000","121,000","245,000","292,000","217,000","756,000","587,000","452,000","487,000","436,000","1,428,000","458,000","322,000","581,000","706,000",,,,,,,,,,,,,,,,,,,,,,,,,,,,,,,,,,,,,,,,
	InterestExpenseNonOperating,,,,"3,348,000","3,417,000","4,113,000","4,899,000","4,643,000","4,804,000","1,999,000","2,315,000","2,012,000","1,905,000","1,277,000","2,105,000","1,199,000","1,464,000","1,078,000","1,782,000","1,560,000","1,845,000","1,490,000","1,725,000","1,296,000","1,861,000","1,388,000","2,198,000","2,652,000","3,041,000","2,836,000","3,442,000","2,671,000","3,656,000","2,696,000","3,001,000","3,142,000","3,128,000","2,620,000","3,519,000","3,462,000","3,377,000","2,966,000","2,334,000","1,203,000","2,352,000","1,965,000","2,187,000","3,000","118,000","715,000","1,101,000","987,000","912,000","42,000",,,,,,,,,,,,,,,,,,,,,,,,,,,,,,,,,,,,,,,,
	TotalOtherFinanceCost,,,,,,,,,,,,,"-1,162,000","-1,865,000",,"-1,809,000","-1,054,000",,,,,,,,,,,,,,,,,,,,,,,,"3,256,000","2,721,000","2,042,000","986,000","1,596,000","1,378,000",,"-484,000","-318,000",,,,,,,,,,,,,,,,,,,,,,,,,,,,,,,,,,,,,,,,,,,,,
OtherIncomeExpense,"-20,002,000","-5,746,000","-16,725,000","-5,514,000","4,666,000","-10,857,000","15,578,000","7,726,000","4,704,000","3,471,000","1,917,000","-4,194,000","553,000","-4,986,000","-3,244,000","-2,849,000","-7,473,000","3,403,000","130,000","2,147,000","2,664,000","696,000","-4,640,000","-1,485,000","-2,604,000","2,779,000","-2,141,000","-3,409,000","2,990,000","-4,761,000","-1,230,000","-3,898,000","148,000","-1,082,000","-101,000","1,162,000","-695,000","-2,923,000","1,306,000","-1,621,000","556,000","-140,000","8,948,000","395,000","-944,000","349,000","1,406,000","-3,143,000","1,611,000","209,000","-2,700,000","2,176,000","245,000","-218,000","1,002,000","-237,000","1,074,000","743,000","756,000","1,296,000","1,046,000","1,179,000","1,854,000","1,428,000","612,000","1,200,000","1,245,000","2,249,000","1,786,000","1,891,000","146,000","825,000","876,000","1,322,000","2,291,000","1,317,000","418,000","-43,000","1,843,000","-173,000","800,000","151,000","-783,000","445,000","647,000","708,000","301,000","-53,000","381,000","5,000","200,000","200,000","200,000","600,000"
	SpecialIncomeCharges,,,,,,,,,,,,,,,,,,,,,,,,,,,,,,,,,,,"-676,000",,,,"171,000","-1,621,000","556,000","-140,000","9,832,000","395,000","-944,000","349,000","1,406,000","-3,143,000","1,611,000","209,000","-2,700,000","2,176,000","245,000","-218,000","1,002,000","-237,000","1,074,000","743,000","756,000","1,296,000","1,046,000","1,179,000","1,854,000","1,428,000","612,000","1,200,000","1,245,000","2,249,000","1,786,000","1,891,000","146,000","825,000","876,000","1,322,000","2,291,000","1,317,000","418,000","-43,000","1,843,000","-173,000","800,000","151,000","-783,000","445,000","647,000","708,000","301,000","-53,000","381,000","5,000","200,000","200,000","200,000","600,000"
		OtherSpecialCharges,,,,,,,,,,,,,,,,,,,,,,,,,,,,,,,,,,,"1,278,000",,,,"-123,000",,,,,,,,,,,,,,,,,,,,,,,,,,,,,,,,,,,,,,,,,,,,,,,,,,,,,,,
		GainOnSaleOfPPE,,,,,,,,,,,,,,,,,,,,,,,,,,,,,,,,,,,"602,000",,,,"-14,000",,,,,,,,,,,,,,,,,,,,,,,,,,,,,,,,,,,,,,,,,,,,,,,,,,,,,,,
	OtherNonOperatingIncomeExpenses,"-20,002,000","-5,746,000","-16,725,000","-5,514,000","4,666,000","-10,857,000","15,578,000","7,726,000","4,704,000","3,471,000","1,917,000","-4,194,000","553,000","-4,986,000","-3,244,000","-2,849,000","-7,473,000","3,403,000","130,000","2,147,000","2,664,000","696,000","-4,640,000","-1,485,000","-2,604,000","2,779,000","-2,141,000","-3,409,000","2,990,000","-4,761,000","4,170,000","-3,898,000","148,000","-1,082,000","1,509,000","1,162,000","-695,000","-2,923,000","2,138,000",,,,,,,,,,,,,,,,,,,,,,,,,,,,,,,,,,,,,,,,,,,,,,,,,,,,,,,
PretaxIncome,"596,421,000","170,158,000","84,697,000","138,198,000","203,367,000","143,494,000","68,571,000","97,093,000","-59,524,000","48,589,000","95,966,000","144,500,000","112,796,000","162,743,000","82,196,000","122,872,000","74,939,000","151,879,000","54,849,000","117,860,000","87,509,000","124,042,000","22,150,000","100,918,000","96,209,000","140,207,000","50,598,000","89,673,000","112,448,000","80,778,000","28,689,000","67,761,000","50,445,000","44,485,000","16,478,000","42,392,000","13,478,000","9,866,000","6,634,000","15,325,000","-4,231,000","-7,255,000","-95,538,000","1,703,000","-50,898,000","13,686,000","1,052,000","52,909,000","60,713,000","81,929,000","38,367,000","33,956,000","-7,812,000","6,599,000","-34,450,000","24,275,000","21,306,000","49,613,000","18,540,000","38,588,000","22,937,000","38,240,000","23,954,000","34,300,000","27,398,000","26,996,000","9,579,000","20,780,000","25,440,000","16,998,000","-1,857,000","14,715,000","14,001,000","11,861,000","-15,214,000","-6,295,000","-2,337,000","13,472,000","-12,562,000","21,817,000","33,797,000","32,289,000","3,116,000","18,146,000","26,660,000","28,033,000","16,379,000","25,141,000","19,754,000","11,076,000","4,500,000","14,200,000","10,400,000","3,500,000"
TaxProvision,"-240,868,000","33,992,000","-337,902,000","21,497,000","41,544,000","28,985,000","-9,602,000","14,983,000","-4,307,000","7,429,000","13,465,000","22,766,000","20,798,000","31,724,000","15,090,000","16,821,000","14,080,000","14,621,000","106,610,000","11,030,000","14,109,000","17,407,000","6,981,000","24,376,000","12,200,000","30,568,000","12,108,000","15,839,000","25,383,000","19,120,000","2,833,000","12,682,000","12,232,000","11,437,000","377,000","14,059,000","4,632,000","2,278,000","2,968,000","3,725,000","-2,887,000","-3,845,000","-37,501,000","-6,653,000","-20,846,000","1,533,000","-2,334,000","16,330,000","20,396,000","25,806,000","11,992,000","10,175,000","-1,186,000","-753,000","-12,917,000","-3,639,000","7,045,000","16,769,000","6,446,000","13,844,000","7,989,000","14,340,000","9,373,000","12,101,000","9,782,000","10,398,000","3,678,000","8,148,000","9,523,000","6,731,000","-3,985,000","8,678,000","5,659,000","4,815,000","-2,871,000","-435,000","-211,000","5,011,000","-3,955,000","7,710,000","12,539,000","12,011,000","1,146,000","6,768,000","9,838,000","10,933,000","6,659,000","9,855,000","7,744,000","4,342,000","6,000,000","5,700,000","1,100,000","100,000"
NetIncomeCommonStockholders,"764,153,000","121,223,000","402,422,000","103,139,000","137,369,000","98,573,000","53,281,000","64,278,000","-68,097,000","49,101,000","59,532,000","103,090,000","75,180,000","108,758,000","47,378,000","90,728,000","45,284,000","117,652,000","-66,650,000","92,310,000","59,535,000","93,995,000","6,664,000","65,110,000","74,107,000","97,612,000","29,448,000","66,602,000","79,782,000","56,080,000","21,921,000","51,123,000","34,802,000","30,965,000","14,165,000","26,849,000","7,094,000","6,680,000","3,956,000","11,004,000","-1,782,000","-3,666,000","-57,661,000","8,285,000","-29,916,000","11,808,000","3,237,000","36,378,000","40,237,000","56,296,000","27,946,000","24,460,000","-5,927,000","8,220,000","-20,378,000","28,289,000","14,641,000","32,844,000","12,094,000","24,744,000","14,948,000","23,900,000","14,581,000","22,199,000","17,616,000","16,598,000","5,901,000","12,632,000","15,917,000","10,267,000","2,128,000","6,037,000","8,342,000","7,046,000","-12,343,000","-5,860,000","-2,126,000","8,461,000","-8,607,000","14,107,000","21,258,000","20,278,000","1,970,000","11,378,000","16,822,000","17,100,000","9,720,000","15,286,000","12,010,000","6,734,000","-1,500,000","8,500,000","9,300,000","3,400,000"
	NetIncome,"764,153,000","121,223,000","402,422,000","103,139,000","137,369,000","98,573,000","53,281,000","64,278,000","-68,097,000","49,101,000","59,532,000","103,090,000","75,180,000","108,758,000","47,378,000","90,728,000","45,284,000","117,652,000","-66,650,000","92,310,000","59,535,000","93,995,000","6,664,000","65,110,000","74,107,000","97,612,000","29,448,000","66,602,000","79,782,000","56,080,000","21,921,000","51,123,000","34,802,000","30,965,000","14,165,000","26,849,000","7,094,000","6,680,000","3,956,000","11,004,000","-1,782,000","-3,666,000","-57,661,000","8,285,000","-29,916,000","11,808,000","3,237,000","36,378,000","40,237,000","56,296,000","27,946,000","24,460,000","-5,927,000","8,220,000","-20,378,000","28,289,000","14,641,000","32,844,000","12,094,000","24,744,000","14,948,000","23,900,000","14,581,000","22,199,000","17,616,000","16,598,000","5,901,000","12,632,000","15,917,000","10,267,000","2,128,000","6,037,000","8,342,000","7,046,000","-12,343,000","-5,860,000","-2,126,000","8,461,000","-8,607,000","14,107,000","21,258,000","20,278,000","1,970,000","11,378,000","16,822,000","17,100,000","9,720,000","15,286,000","12,010,000","6,734,000","-1,500,000","8,500,000","9,300,000","3,400,000"
		NetIncomeIncludingNoncontrollingInterests,"837,289,000","136,166,000","422,599,000","116,701,000","161,823,000","114,509,000","78,173,000","82,110,000","-55,217,000","41,160,000","82,501,000","121,734,000","91,998,000","131,019,000","67,106,000","106,051,000","60,859,000","137,258,000","-51,761,000","106,830,000","73,400,000","106,635,000","15,169,000","76,542,000","84,009,000","109,639,000","38,490,000","73,834,000","87,065,000","61,658,000","25,856,000","55,079,000","38,213,000","33,048,000","16,101,000","28,333,000","8,846,000","7,588,000","3,666,000","11,600,000","-1,344,000","-3,410,000","-58,037,000","8,356,000","-30,052,000","12,153,000","3,386,000","36,579,000","40,317,000","56,123,000","26,375,000","23,781,000","-6,626,000","7,352,000","-21,533,000","27,914,000","14,261,000","32,844,000","12,094,000","24,744,000","14,948,000","23,900,000","14,581,000","22,199,000","17,616,000","16,598,000","5,901,000","12,632,000","15,917,000","10,267,000","2,128,000","6,037,000","8,342,000","7,046,000","-12,343,000","-5,860,000","-2,126,000","8,461,000","-8,607,000","14,107,000","21,258,000","20,278,000","1,970,000","11,378,000","16,822,000","17,100,000","9,720,000","15,286,000","12,010,000","6,734,000","-1,500,000","8,500,000","9,300,000","3,400,000"
			NetIncomeContinuousOperations,"837,289,000","136,166,000","422,599,000","116,701,000","161,823,000","114,509,000","78,173,000","82,110,000","-55,217,000","41,160,000","82,501,000","121,734,000","91,998,000","131,019,000","67,106,000","106,051,000","60,859,000","137,258,000","-51,761,000","106,830,000","73,400,000","106,635,000","15,169,000","76,542,000","84,009,000","109,639,000","38,490,000","73,834,000","87,065,000","61,658,000","25,856,000","55,079,000","38,213,000","33,048,000","16,101,000","28,333,000","8,846,000","7,588,000","3,666,000","11,600,000","-1,344,000","-3,410,000","-58,037,000","8,356,000","-30,052,000","12,153,000","3,386,000","36,579,000","40,317,000","56,123,000","26,375,000","23,781,000","-6,626,000","7,352,000","-20,378,000","28,289,000","14,641,000","32,844,000","12,094,000","24,744,000","14,948,000","23,900,000","14,581,000","22,199,000","17,616,000","16,598,000","5,901,000","12,632,000","15,917,000","10,267,000","2,128,000","6,037,000","8,342,000","7,046,000","-12,343,000","-5,860,000","-2,126,000","8,461,000","-8,607,000","14,107,000","21,258,000","20,278,000","1,970,000","11,378,000","16,822,000","17,100,000","9,720,000","15,286,000","12,010,000","6,734,000","-1,500,000","8,500,000","9,300,000","3,400,000"
		MinorityInterests,"-73,136,000","-14,943,000","-20,177,000","-13,562,000","-24,454,000","-15,936,000","-24,892,000","-17,832,000","-12,880,000","7,941,000","-22,969,000","-18,644,000","-16,818,000","-22,261,000","-19,728,000","-15,323,000","-15,575,000","-19,606,000","-14,889,000","-14,520,000","-13,865,000","-12,640,000","-8,505,000","-11,432,000","-9,902,000","-12,027,000","-9,042,000","-7,232,000","-7,283,000","-5,578,000","-3,935,000","-3,956,000","-3,411,000","-2,083,000","-1,936,000","-1,484,000","-1,752,000","-908,000","290,000","-596,000","-438,000","-256,000","376,000","-71,000","136,000","-345,000","-149,000","-201,000","-80,000","173,000","1,571,000","679,000","699,000","868,000","1,155,000","375,000","380,000",,,,,,,,,,,,,,,,,,,,,,,,,,,,,,,,,,,,,
DilutedNIAvailtoComStockholders,"764,153,000","121,223,000","402,422,000","103,139,000","137,369,000","98,573,000","53,281,000","64,278,000","-68,097,000","49,101,000","59,532,000","103,090,000","75,180,000","108,758,000","47,378,000","90,728,000","45,284,000","117,652,000","-66,650,000","92,310,000","59,535,000","93,995,000","6,664,000","65,110,000","74,107,000","97,612,000","29,448,000","66,602,000","79,782,000","56,080,000","21,921,000","51,123,000","34,802,000","30,965,000","14,165,000","26,849,000","7,094,000","6,680,000","3,956,000","11,004,000","-1,782,000","-3,666,000","-57,661,000","8,285,000","-29,916,000","11,808,000","3,237,000","36,378,000","40,237,000","56,296,000","27,946,000","24,460,000","-5,927,000","8,220,000","-20,378,000","28,289,000","14,641,000","32,844,000","12,094,000","24,744,000","14,948,000","23,900,000","14,581,000","22,199,000","17,616,000","16,598,000","5,901,000","12,632,000","15,917,000","10,267,000","2,128,000","6,037,000","8,342,000","7,046,000","-12,343,000","-5,860,000","-2,126,000","8,461,000","-8,607,000","14,107,000","21,258,000","20,278,000","1,970,000","11,378,000","16,822,000","17,100,000","9,720,000","15,286,000","12,010,000","6,734,000","-1,500,000","8,500,000","9,300,000","3,400,000"
BasicEPS,,"0.78","2.58","0.66","0.88","0.64","0.34","0.42","-0.44","0.32","0.39","0.67","0.49","0.71","0.31","0.58","0.29","0.75","-0.43","0.59","0.38","0.61","0.04","0.42","0.48","0.63","0.19","0.44","0.523","0.367","0.143","0.337","0.23","0.203","0.093","0.177","0.047","0.043","0.027","0.073","-0.013","-0.023","-0.393","0.057","-0.207","0.08",,"0.253","0.283","0.4",,"0.177","-0.043","0.06",,"0.203","0.107","0.24",,"0.18","0.11","0.18",,"0.18","0.143","0.137",,"0.107","0.133","0.087",,"0.053","0.073","0.06",,"-0.05","-0.02","0.073",,"0.127","0.19","0.183",,"0.103","0.153","0.16",,"0.143","0.113","0.063",,"0.083","0.07","0.027"
DilutedEPS,,"0.77","2.56","0.66","0.88","0.63","0.34","0.41","-0.44","0.32","0.39","0.67","0.49","0.71","0.31","0.58","0.29","0.75","-0.43","0.59","0.38","0.6","0.04","0.42","0.48","0.63","0.19","0.43","0.517","0.367","0.143","0.333","0.227","0.203","0.093","0.177","0.047","0.043","0.027","0.073","-0.013","-0.023","-0.393","0.057","-0.207","0.08",,"0.247","0.273","0.383",,"0.173","-0.043","0.06",,"0.2","0.103","0.233",,"0.177","0.107","0.173",,"0.163","0.133","0.127",,"0.1","0.127","0.083",,"0.05","0.07","0.06",,"-0.05","-0.02","0.073",,"0.117","0.173","0.177",,"0.1","0.147","0.15",,"0.133","0.11","0.063",,"0.08","0.067","0.023"
BasicAverageShares,,"155,996,000","155,909,000","155,835,000","155,561,000","154,818,000","154,548,000","154,462,000","154,138,000","153,555,000","153,379,000","153,298,000","153,413,000","153,480,000","154,553,000","155,766,000","156,518,000","156,433,000","156,098,000","155,824,000","155,579,000","155,097,000","154,658,000","154,211,000","154,049,000","153,745,000","153,346,000","152,895,000","152,712,000","152,412,000","152,091,000","151,881,000","151,695,000","151,674,000","151,389,000","151,179,000","150,894,000","150,885,000","149,940,000","148,329,000","147,888,000","147,795,000","146,793,000","145,335,000","145,023,000","144,729,000",,"142,758,000","142,266,000","140,343,000",,"139,215,000","138,846,000","138,663,000",,"138,345,000","138,000,000","137,640,000",,"137,163,000","136,728,000","131,853,000",,"123,948,000","123,231,000","120,918,000",,"119,466,000","118,740,000","118,158,000",,"116,427,000","115,320,000","114,390,000",,"113,775,000","113,346,000","113,124,000",,"112,617,000","111,357,000","110,547,000",,"110,112,000","108,990,000","107,613,000",,"107,511,000","104,820,000","104,715,000",,"102,000,000","132,857,143","127,500,000"
DilutedAverageShares,,"157,448,000","157,340,000","157,123,000","156,674,000","155,936,000","155,397,000","154,980,000","154,138,000","154,652,000","154,630,000","153,978,000","153,912,000","154,134,000","154,980,000","156,298,000","157,091,000","157,630,000","156,098,000","156,741,000","156,174,000","155,927,000","155,405,000","155,203,000","155,023,000","154,818,000","154,570,000","154,476,999","154,026,000","153,429,000","154,065,000","152,952,000","152,742,000","152,532,000","151,959,000","151,812,000","151,491,000","151,476,000","150,813,000","149,769,000","147,888,000","147,795,000","146,793,000","148,197,000","145,023,000","147,840,000",,"147,528,000","147,390,000","146,226,000",,"141,285,000","138,846,000","139,401,000",,"140,505,000","140,430,000","139,992,000",,"139,962,000","140,424,000","140,409,000",,"138,597,000","138,438,000","136,185,000",,"134,535,000","132,360,000","132,951,000",,"131,085,000","129,660,000","127,344,000",,"113,775,000","113,346,000","124,440,000",,"125,886,000","125,727,000","114,516,000",,"114,825,000","115,959,000","114,381,000",,"113,745,000","108,921,000","106,974,000",,"106,250,000","132,857,143","127,500,000"
TotalOperatingIncomeAsReported,"616,423,000","175,904,000","93,062,000","146,247,000","201,209,000","157,668,000","57,719,000","92,126,000","-60,971,000","44,810,000","94,082,000","147,416,000","111,081,000","165,864,000","83,697,000","123,912,000","81,358,000","148,799,000","55,655,000","116,493,000","86,309,000","124,423,000","28,262,000","103,351,000","100,355,000","138,550,000","54,708,000","95,585,000","112,342,000","88,189,000","33,012,000","74,143,000","53,756,000","48,160,000","17,063,000","44,043,000","17,164,000","15,338,000","7,960,000","20,284,000","-1,531,000","-4,394,000","-102,444,000","2,294,000","-48,358,000","14,715,000","1,381,000","55,568,000","58,784,000","81,007,000","41,710,000","32,445,000","-7,726,000","6,153,000","-35,087,000","24,749,000","19,974,000","48,257,000","17,137,000","36,580,000","21,798,000","37,415,000","23,382,000","34,483,000","27,430,000","27,249,000","10,567,000","21,441,000","27,271,000","17,017,000","1,843,000","16,949,000","16,430,000","13,964,000","-13,296,000","-4,072,000","137,000","15,883,000","-11,497,000","24,101,000","35,879,000","34,309,000","5,811,000","21,959,000","29,417,000","31,300,000","18,642,000","27,869,000","21,565,000","12,870,000","5,600,000","15,600,000","12,300,000","4,600,000"
TotalExpenses,"6,053,745,000","1,643,690,000","1,554,820,000","1,404,710,000","1,456,564,000","1,270,750,000","1,266,992,000","1,208,760,000","790,443,000","1,197,535,000","1,236,650,000","1,206,582,000","1,147,484,000","1,110,892,000","997,101,000","1,052,483,000","1,053,439,000","1,101,279,000","914,934,000","978,336,000","939,625,000","948,385,000","736,028,000","839,066,000","777,455,000","840,244,000","667,975,000","760,594,000","688,122,000","679,808,000","536,710,000","600,127,000","533,295,000","498,358,000","431,462,000","471,713,000","411,083,000","436,283,000","382,336,000","410,903,000","387,141,000","356,804,000","388,820,000","411,295,000","484,085,000","463,167,000","454,658,000","500,946,000","446,950,000","412,142,000","347,543,000","373,347,000","307,034,000","337,589,000","333,174,000","378,410,000","334,600,000","336,665,000","284,904,000","358,453,000","330,413,000","307,481,000","281,112,000","296,643,000","264,753,000","250,316,000","212,927,000","251,395,000","236,657,000","229,202,000","204,629,000","240,709,000","218,274,000","207,524,000","188,580,000","225,893,000","229,140,000","192,710,000","192,331,000","237,046,000","220,773,000","210,640,000","208,281,000","265,941,000","201,482,000","193,439,000","153,402,000","177,880,000","142,334,000","120,474,000","94,500,000","108,600,000","92,300,000","91,100,000"
NetIncomeFromContinuingAndDiscontinuedOperation,"764,153,000","121,223,000","402,422,000","103,139,000","137,369,000","98,573,000","53,281,000","64,278,000","-68,097,000","49,101,000","59,532,000","103,090,000","75,180,000","108,758,000","47,378,000","90,728,000","45,284,000","117,652,000","-66,650,000","92,310,000","59,535,000","93,995,000","6,664,000","65,110,000","74,107,000","97,612,000","29,448,000","66,602,000","79,782,000","56,080,000","21,921,000","51,123,000","34,802,000","30,965,000","14,165,000","26,849,000","7,094,000","6,680,000","3,956,000","11,004,000","-1,782,000","-3,666,000","-57,661,000","8,285,000","-29,916,000","11,808,000","3,237,000","36,378,000","40,237,000","56,296,000","27,946,000","24,460,000","-5,927,000","8,220,000","-20,378,000","28,289,000","14,641,000","32,844,000","12,094,000","24,744,000","14,948,000","23,900,000","14,581,000","22,199,000","17,616,000","16,598,000","5,901,000","12,632,000","15,917,000","10,267,000","2,128,000","6,037,000","8,342,000","7,046,000","-12,343,000","-5,860,000","-2,126,000","8,461,000","-8,607,000","14,107,000","21,258,000","20,278,000","1,970,000","11,378,000","16,822,000","17,100,000","9,720,000","15,286,000","12,010,000","6,734,000","-1,500,000","8,500,000","9,300,000","3,400,000"
NormalizedIncome,"764,153,000","121,223,000","402,422,000","103,139,000","137,369,000","98,573,000","53,281,000","64,278,000","-68,097,000","49,101,000","59,532,000","103,090,000","75,180,000","108,758,000","47,378,000","90,728,000","45,284,000","117,652,000","-66,650,000","92,310,000","59,535,000","93,995,000","6,664,000","65,110,000","74,107,000","97,612,000","29,448,000","66,602,000","79,782,000","56,080,000","21,921,000","51,123,000","34,802,000","30,965,000","14,165,000","26,849,000","7,094,000","6,680,000","3,107,100","12,230,988.581","-2,143,400","-3,575,000","-63,096,691.306","8,028,250","-29,302,400","11,498,092.284","2,323,100","38,550,934.605","39,167,201.324","56,152,830.829","29,802,087.262","22,936,043.821","-6,134,804.659","8,361,700","-21,004,300.9","28,443,050","13,922,126.725","32,352,131.095","11,600,846.602","23,912,958.64","14,266,323.756","23,163,125","13,452,454.705","21,274,796.735","17,222,504.416","15,860,201.808","5,134,036.329","11,264,850.433","14,799,556.525","9,124,812.86","2,040,400","5,542,000","7,816,400","6,252,800","-14,201,670.501","-7,085,992.057","-2,506,260.163","8,488,005.864","-9,869,752.826","14,218,862.813","20,754,807.409","20,183,169.624","2,465,028.883","11,098,973.768","16,413,754.164","16,668,123.283","9,539,400","15,318,224.573","11,778,360.332","6,730,960.094","-1,620,000","8,380,000","9,121,153.846","2,817,142.857"
InterestIncome,,,,"813,000","909,000","796,000","173,000","1,884,000","1,547,000","2,307,000","2,282,000","3,290,000","3,067,000","3,142,000","3,848,000","3,008,000","2,518,000","755,000","846,000","780,000","381,000","413,000","253,000","348,000","319,000","266,000","229,000","149,000","157,000","186,000","349,000","187,000","197,000","103,000","305,000","329,000","137,000","71,000","69,000","124,000","121,000","245,000","292,000","217,000","756,000","587,000","452,000","487,000","436,000","1,428,000","458,000","322,000","581,000","706,000",,,,,,,,,,,,,,,,,,,,,,,,,,,,,,,,,,,,,,,,
InterestExpense,,,,"3,348,000","3,417,000","4,113,000","4,899,000","4,643,000","4,804,000","1,999,000","2,315,000","2,012,000","1,905,000","1,277,000","2,105,000","1,199,000","1,464,000","1,078,000","1,782,000","1,560,000","1,845,000","1,490,000","1,725,000","1,296,000","1,861,000","1,388,000","2,198,000","2,652,000","3,041,000","2,836,000","3,442,000","2,671,000","3,656,000","2,696,000","3,001,000","3,142,000","3,128,000","2,620,000","3,519,000","3,462,000","3,377,000","2,966,000","2,334,000","1,203,000","2,352,000","1,965,000","2,187,000","3,000","118,000","715,000","1,101,000","987,000","912,000","42,000",,,,,,,,,,,,,,,,,,,,,,,,,,,,,,,,,,,,,,,,
NetInterestIncome,,,,"-2,535,000","-2,508,000","-3,317,000","-4,726,000","-2,759,000","-3,257,000","308,000","-33,000","1,278,000","1,162,000","1,865,000","1,743,000","1,809,000","1,054,000","-323,000","-936,000","-780,000","-1,464,000","-1,077,000","-1,472,000","-948,000","-1,542,000","-1,122,000","-1,969,000","-2,503,000","-2,884,000","-2,650,000","-3,093,000","-2,484,000","-3,459,000","-2,593,000","-2,696,000","-2,813,000","-2,991,000","-2,549,000","-3,450,000","-3,338,000","-3,256,000","-2,721,000","-2,042,000","-986,000","-1,596,000","-1,378,000","-1,735,000","484,000","318,000","713,000","-643,000","-665,000","-331,000","664,000",,,,,,,,,,,,,,,,,,,,,,,,,,,,,,,,,,,,,,,,
EBIT,"616,423,000","175,904,000","102,249,000","141,546,000","206,784,000","147,607,000","73,470,000","101,736,000","-54,720,000","50,588,000","98,281,000","146,512,000","114,701,000","164,020,000","84,301,000","124,071,000","76,403,000","152,957,000","56,631,000","119,420,000","89,354,000","125,532,000","23,875,000","102,214,000","98,070,000","141,595,000","52,796,000","92,325,000","115,489,000","83,614,000","32,131,000","70,432,000","54,101,000","47,181,000","19,479,000","45,534,000","16,606,000","12,486,000","10,153,000","18,787,000","-854,000","-4,289,000","-93,204,000","2,906,000","-48,546,000","15,651,000","3,239,000","52,912,000","60,831,000","82,644,000","39,468,000","34,943,000","-6,900,000","6,641,000","-35,087,000","24,749,000","19,974,000","48,257,000","17,137,000","36,580,000","21,798,000","37,415,000","23,382,000","34,483,000","27,430,000","27,249,000","10,567,000","21,441,000","27,271,000","17,017,000","1,843,000","16,949,000","16,430,000","13,964,000","-13,296,000","-4,072,000","138,000","15,883,000","-11,497,000","24,101,000","35,879,000","34,309,000","5,811,000","21,959,000","29,417,000","34,055,000","18,642,000","27,869,000","21,565,000","12,870,000","5,600,000","15,600,000","12,300,000","4,600,000"
EBITDA,"759,508,000"
ReconciledCostOfRevenue,"3,432,452,000","995,431,000","847,230,000","781,513,000","808,280,000","748,796,000","676,284,000","675,765,000","360,906,000","694,677,000","692,983,000","700,934,000","648,730,000","686,247,000","565,119,000","612,529,000","573,840,000","666,974,000","516,506,000","574,842,000","537,613,000","596,310,000","408,078,000","512,439,000","461,556,000","546,642,000","392,829,000","469,173,000","425,856,000","435,457,000","312,093,000","369,772,000","317,676,000","306,115,000","250,092,000","285,235,000","233,353,000","258,889,000","227,153,000","241,605,000","212,659,000","195,578,000","170,635,000","236,988,000","291,021,000","283,624,000","270,427,000","301,975,000","267,214,000","255,346,000","199,368,000","221,648,000","176,373,000","218,041,000","203,061,000","231,628,000","197,381,000","212,750,000","174,789,000","223,363,000","200,183,000","195,857,000","176,561,000","184,823,000","161,448,000","159,190,000","130,457,000","157,363,000","152,392,000","145,039,000","123,990,000","153,067,000","139,281,000","131,781,000","116,149,000","143,183,000","139,683,000","118,275,000","111,271,000","152,347,000","150,866,000","142,425,000","128,996,000","165,305,000","131,724,000","125,400,000","95,602,000","117,269,000","93,425,000","78,517,000","56,900,000","70,400,000","60,700,000","58,200,000"
ReconciledDepreciation,"143,085,000","36,516,000","38,919,000","34,009,000","33,641,000","33,008,000","37,058,000","33,988,000","32,205,000","39,559,000","30,784,000","28,305,000","25,005,000","27,421,000","26,070,000","24,482,000","24,239,000","24,175,000","23,188,000","20,883,000","19,814,000","18,879,000","18,435,000","17,093,000","15,683,000","14,872,000","10,387,000","14,881,000","14,385,000","13,307,000","12,636,000","12,315,000","11,831,000","11,522,000","11,423,000","10,891,000","10,354,000","10,641,000","10,882,000","10,344,000","11,246,000","9,976,000","11,124,000","8,230,000","8,122,000","7,756,000","7,462,000","7,166,000","6,050,000","5,712,000","5,585,000","5,297,000","5,026,000","4,721,000","4,768,000","4,141,000","4,416,000","4,418,000","4,836,000","4,433,000","4,198,000","4,285,000","4,238,000","4,268,000","4,451,000","4,513,000","6,691,000","5,400,000","5,641,000","5,626,000","5,663,000","5,360,000","5,401,000","5,354,000","4,950,000","6,403,000","5,866,000","5,144,000","4,881,000","4,410,000","4,482,000","4,297,000","6,053,000","3,420,000","3,050,000","2,780,000","1,899,000","1,569,000","1,338,000","1,192,000","900,000","900,000","1,200,000","900,000"
NetIncomeFromContinuingOperationNetMinorityInterest,"764,153,000","121,223,000","402,422,000","103,139,000","137,369,000","98,573,000","53,281,000","64,278,000","-68,097,000","49,101,000","59,532,000","103,090,000","75,180,000","108,758,000","47,378,000","90,728,000","45,284,000","117,652,000","-66,650,000","92,310,000","59,535,000","93,995,000","6,664,000","65,110,000","74,107,000","97,612,000","29,448,000","66,602,000","79,782,000","56,080,000","21,921,000","51,123,000","34,802,000","30,965,000","14,165,000","26,849,000","7,094,000","6,680,000","3,956,000","11,004,000","-1,782,000","-3,666,000","-57,661,000","8,285,000","-29,916,000","11,808,000","3,237,000","36,378,000","40,237,000","56,296,000","27,946,000","24,460,000","-5,927,000","8,220,000","-20,378,000","28,289,000","14,641,000","32,844,000","12,094,000","24,744,000","14,948,000","23,900,000","14,581,000","22,199,000","17,616,000","16,598,000","5,901,000","12,632,000","15,917,000","10,267,000","2,128,000","6,037,000","8,342,000","7,046,000","-12,343,000","-5,860,000","-2,126,000","8,461,000","-8,607,000","14,107,000","21,258,000","20,278,000","1,970,000","11,378,000","16,822,000","17,100,000","9,720,000","15,286,000","12,010,000","6,734,000","-1,500,000","8,500,000","9,300,000","3,400,000"
TotalUnusualItemsExcludingGoodwill,,,,,,,,,,,,,,,,,,,,,,,,,,,,,,,,,,,"-676,000",,,,"1,306,000","-1,621,000","556,000","-140,000","8,948,000","395,000","-944,000","349,000","1,406,000","-3,143,000","1,611,000","209,000","-2,700,000","2,176,000","245,000","-218,000","1,002,000","-237,000","1,074,000","743,000","756,000","1,296,000","1,046,000","1,179,000","1,854,000","1,428,000","612,000","1,200,000","1,245,000","2,249,000","1,786,000","1,891,000","146,000","825,000","876,000","1,322,000","2,291,000","1,317,000","418,000","-43,000","1,843,000","-173,000","800,000","151,000","-783,000","445,000","647,000","708,000","301,000","-53,000","381,000","5,000","200,000","200,000","200,000","600,000"
TotalUnusualItems,,,,,,,,,,,,,,,,,,,,,,,,,,,,,,,,,,,"-676,000",,,,"1,306,000","-1,621,000","556,000","-140,000","8,948,000","395,000","-944,000","349,000","1,406,000","-3,143,000","1,611,000","209,000","-2,700,000","2,176,000","245,000","-218,000","1,002,000","-237,000","1,074,000","743,000","756,000","1,296,000","1,046,000","1,179,000","1,854,000","1,428,000","612,000","1,200,000","1,245,000","2,249,000","1,786,000","1,891,000","146,000","825,000","876,000","1,322,000","2,291,000","1,317,000","418,000","-43,000","1,843,000","-173,000","800,000","151,000","-783,000","445,000","647,000","708,000","301,000","-53,000","381,000","5,000","200,000","200,000","200,000","600,000"
NormalizedEBITDA,"759,508,000","212,420,000","141,168,000","175,555,000","240,425,000","180,615,000","110,528,000","135,724,000","-22,515,000","90,147,000","129,065,000","174,817,000","139,706,000","191,441,000","110,371,000","148,553,000","100,642,000","177,132,000","79,819,000","140,303,000","109,168,000","144,411,000","42,310,000","119,307,000","113,753,000","156,467,000","63,183,000","107,206,000","129,874,000","96,921,000","44,767,000","82,747,000","65,932,000","58,703,000","30,902,000","56,425,000","26,960,000","23,127,000","19,729,000","30,752,000","9,836,000","5,827,000","-91,028,000","10,741,000","-39,480,000","23,058,000","9,295,000","63,221,000","65,270,000","88,147,000","47,753,000","38,064,000","-2,119,000","11,580,000","-31,321,000","29,127,000","23,316,000","51,932,000","21,217,000","39,717,000","24,950,000","40,521,000","25,766,000","37,323,000","31,269,000","30,562,000","16,013,000","24,592,000","31,126,000","20,752,000","7,360,000","21,484,000","20,955,000","17,996,000","-10,637,000","1,014,000","5,586,000","21,070,000","-8,459,000","28,684,000","39,561,000","38,455,000","12,647,000","24,934,000","31,820,000","36,127,000","20,240,000","29,491,000","22,522,000","14,057,000","6,300,000","16,300,000","13,300,000","4,900,000"
TaxRateForCalcs,"0.4","0.2","0.27","0.156","0.204","0.202","0.27","0.154","0.072","0.153","0.14","0.158","0.184","0.195","0.184","0.137","0.188","0.096","0.4","0.094","0.161","0.14","0.315","0.242","0.127","0.218","0.239","0.177","0.226","0.237","0.099","0.187","0.242","0.257","0.023","0.332","0.344","0.231","0.35","0.243","0.35","0.35","0.393","0.35","0.35","0.112","0.35","0.309","0.336","0.315","0.313","0.3","0.152","0.35","0.375","0.35","0.331","0.338","0.348","0.359","0.348","0.375","0.391","0.353","0.357","0.385","0.384","0.392","0.374","0.396","0.4","0.4","0.4","0.4","0.189","0.069","0.09","0.372","0.315","0.353","0.371","0.372","0.368","0.373","0.369","0.39","0.4","0.392","0.392","0.392","0.4","0.4","0.106","0.029"
TaxEffectOfUnusualItems,"0","0","0","0","0","0","0","0","0","0","0","0","0","0","0","0","0","0","0","0","0","0","0","0","0","0","0","0","0","0","0","0","0","0","0","0","0","0","457,100","-394,011.419","194,600","-49,000","3,512,308.694","138,250","-330,400","39,092.284","492,100","-970,065.395","541,201.324","65,830.829","-843,912.738","652,043.821","37,195.341","-76,300","375,699.1","-82,950","355,126.725","251,131.095","262,846.602","464,958.64","364,323.756","442,125","725,454.705","503,796.735","218,504.416","462,201.808","478,036.329","881,850.433","668,556.525","748,812.86","58,400","330,000","350,400","528,800","432,329.499","91,007.943","37,739.837","-15,994.136","580,247.174","-61,137.187","296,807.409","56,169.624","-287,971.117","165,973.768","238,754.164","276,123.283","120,400","-20,775.427","149,360.332","1,960.094","80,000","80,000","21,153.846","17,142.857"