name,ttm,03/31/2022,12/31/2021,09/30/2021,06/30/2021,03/31/2021,12/31/2020,09/30/2020,06/30/2020,03/31/2020,12/31/2019,09/30/2019,06/30/2019,03/31/2019,12/31/2018,09/30/2018,06/30/2018,02/28/2018,11/30/2017,08/31/2017,05/31/2017,02/28/2017,11/30/2016,08/31/2016,05/31/2016,02/29/2016,11/30/2015,08/31/2015,05/31/2015,02/28/2015,11/30/2014,08/31/2014,05/31/2014,02/28/2014,11/30/2013,08/31/2013,05/31/2013,02/28/2013,11/30/2012,08/31/2012,05/31/2012,02/29/2012,11/30/2011,08/31/2011,05/31/2011,02/28/2011,11/30/2010,08/31/2010,05/31/2010,02/28/2010,11/30/2009,08/31/2009,05/31/2009,02/28/2009,11/30/2008,08/31/2008,05/31/2008,02/29/2008,11/30/2007,08/31/2007,05/31/2007,02/28/2007,11/30/2006,08/31/2006,05/31/2006,02/28/2006,11/30/2005,08/31/2005,05/31/2005,02/28/2005,11/30/2004,08/31/2004,05/31/2004,02/29/2004,11/30/2003,08/31/2003,05/31/2003,02/28/2003,11/30/2002,08/31/2002,05/31/2002,02/28/2002,11/30/2001,08/31/2001,05/31/2001,02/28/2001,11/30/2000,08/31/2000,05/31/2000,02/29/2000,11/30/1999,08/31/1999,05/31/1999,02/28/1999,11/30/1998,08/31/1998,05/31/1998,02/28/1998,11/30/1997,08/31/1997,05/31/1997,02/28/1997,11/30/1996,08/31/1996,05/31/1996,02/29/1996,11/30/1995,08/31/1995,05/31/1995,02/28/1995,11/30/1994,08/31/1994,05/31/1994,02/28/1994,11/30/1993,08/31/1993,05/31/1993,02/28/1993,11/30/1992,08/31/1992,05/31/1992,02/29/1992,11/30/1991,08/31/1991,05/31/1991,02/28/1991,11/30/1990,08/31/1990,05/31/1990,02/28/1990,11/30/1989,08/31/1989,05/31/1989,02/28/1989,11/30/1988,08/31/1988,05/31/1988,02/29/1988,11/30/1987,08/31/1987,05/31/1987,02/28/1987,11/30/1986,08/31/1986,05/31/1986,02/28/1986,11/30/1985,08/31/1985
TotalRevenue,"2,207,229,000","638,117,000","534,690,000","524,225,000","510,197,000","447,649,000","377,581,000","322,366,000","273,285,000","301,145,000","342,239,000","354,458,000","371,888,000","327,675,000","354,671,000","355,436,000","322,261,000","57,978,000","57,765,000","58,462,000","59,462,000","51,640,000","64,226,000","61,176,000","56,651,000","47,697,000","58,684,000","48,742,000","49,605,000","38,109,000","49,667,000","57,429,000","57,701,000","38,772,000","46,263,000","48,994,000","48,832,000","36,986,000","41,836,000","49,920,000","50,461,000","36,805,000","45,296,000","50,284,000","48,103,000","31,776,000","36,621,000","45,827,000","40,695,000","25,415,000","34,246,000","35,874,000","32,483,000","24,386,000","47,210,000","62,597,000","70,859,000","57,314,000","77,198,000","96,394,000","88,536,000","66,345,000","94,786,000","115,806,000","136,219,000","117,491,000","136,487,000","118,346,000","119,507,000","96,219,000","120,585,000","117,111,000","117,124,000","90,995,000","114,583,000","109,679,000","103,149,000","87,709,000","112,467,000","116,492,000","114,363,000","96,080,000","118,054,000","122,225,000","119,927,000","90,838,000","123,087,000","134,280,000","143,312,000","118,969,000","160,200,000","166,700,000","171,900,000","145,400,000","176,400,000","171,000,000","170,100,000","131,400,000","160,300,000","161,600,000","159,300,000","118,000,000","164,400,000","171,500,000","171,100,000","138,600,000","172,500,000","163,900,000","171,600,000","150,700,000","164,500,000","155,300,000","167,900,000","130,700,000","145,300,000","136,200,000","138,000,000","110,400,000","127,600,000","115,700,000","105,500,000","73,200,000","76,100,000","84,300,000","84,900,000","58,100,000","85,500,000","99,000,000","105,200,000","75,100,000","92,600,000","93,100,000","107,900,000","82,800,000","95,800,000","97,200,000","97,500,000","61,900,000","78,800,000","84,700,000","89,700,000","64,400,000","76,900,000","81,600,000","93,300,000","64,400,000","78,000,000","85,900,000"
	OperatingRevenue,"2,207,229,000","638,117,000","534,690,000","524,225,000","510,197,000","447,649,000","377,581,000","322,366,000","273,285,000","301,145,000","342,239,000","354,458,000","371,888,000","327,675,000","354,671,000","355,436,000","322,261,000","57,978,000","57,765,000","58,462,000","59,462,000","51,640,000","64,226,000","61,176,000","56,651,000","47,697,000","58,684,000","48,742,000","49,605,000","38,109,000","49,667,000","57,429,000","57,701,000","38,772,000","46,263,000","48,994,000","48,832,000","36,986,000","41,836,000","49,920,000","50,461,000","36,805,000","45,296,000","50,284,000","48,103,000","31,776,000","36,621,000","45,827,000","40,695,000","25,415,000","34,246,000","35,874,000","32,483,000","24,386,000","47,210,000","62,597,000","70,859,000","57,314,000","77,198,000","96,394,000","88,536,000","66,345,000","94,786,000","115,806,000","136,219,000","117,491,000","136,487,000","118,346,000","119,507,000","96,219,000","120,585,000","117,111,000","117,124,000","90,995,000","114,583,000","109,679,000","103,149,000","87,709,000","112,467,000","116,492,000","114,363,000","96,080,000","118,054,000","122,225,000","119,927,000","90,838,000","123,087,000","134,280,000","143,312,000","118,969,000","160,200,000","166,700,000","171,900,000","145,400,000","176,400,000","171,000,000","170,100,000","131,400,000","160,300,000","161,600,000","159,300,000","118,000,000","164,400,000","171,500,000","171,100,000","138,600,000","172,500,000","163,900,000","171,600,000","150,700,000","164,500,000","155,300,000","167,900,000","130,700,000","145,300,000","136,200,000","138,000,000","110,400,000","127,600,000","115,700,000","105,500,000","73,200,000","76,100,000","84,300,000","84,900,000","58,100,000","85,500,000","99,000,000","105,200,000","75,100,000","92,600,000","93,100,000","107,900,000","82,800,000","95,800,000","97,200,000","97,500,000","61,900,000","78,800,000","84,700,000","89,700,000","64,400,000","76,900,000","81,600,000","93,300,000","64,400,000","78,000,000","85,900,000"
CostOfRevenue,"1,618,106,000","447,090,000","377,451,000","394,898,000","398,667,000","348,534,000","305,797,000","259,573,000","219,282,000","241,161,000","273,338,000","280,403,000","295,853,000","261,212,000","289,935,000","296,436,000","267,101,000","49,832,000","49,394,000","50,536,000","52,514,000","48,421,000","58,996,000","54,596,000","50,018,000","42,887,000","51,457,000","44,099,000","44,048,000","35,771,000","44,509,000","54,984,000","54,818,000","38,918,000","43,042,000","44,665,000","43,573,000","36,515,000","39,162,000","46,861,000","47,194,000","37,497,000","44,031,000","49,240,000","45,707,000","33,494,000","37,244,000","44,080,000","36,387,000","26,236,000","33,180,000","35,597,000","31,079,000","27,768,000","46,381,000","60,394,000","64,486,000","57,020,000","71,375,000","86,075,000","78,283,000","62,004,000","84,477,000","102,750,000","117,855,000","103,530,000","118,659,000","104,642,000","105,102,000","86,789,000","105,426,000","104,030,000","102,229,000","81,599,000","99,524,000","94,455,000","88,695,000","78,831,000","97,556,000","101,551,000","97,446,000","84,107,000","100,451,000","105,046,000","105,701,000","80,165,000","99,786,000","110,358,000","117,455,000","99,630,000","131,500,000","137,000,000","138,200,000","119,000,000","140,900,000","138,700,000","136,900,000","109,600,000","131,200,000","132,200,000","130,700,000","99,300,000","134,300,000","139,000,000","140,400,000","114,700,000","141,100,000","134,000,000","141,600,000","127,100,000","138,000,000","130,000,000","140,000,000","110,600,000","121,100,000","115,300,000","118,500,000","94,000,000","107,900,000","98,800,000","89,400,000","63,300,000","64,000,000","70,800,000","72,200,000","50,800,000","72,000,000","83,600,000","88,000,000","63,900,000","78,000,000","78,400,000","134,400,000","69,900,000",,,,,,,,,,,,,,
GrossProfit,"589,123,000","191,027,000","157,239,000","129,327,000","111,530,000","99,115,000","71,784,000","62,793,000","54,003,000","59,984,000","68,901,000","74,055,000","76,035,000","66,463,000","64,736,000","59,000,000","55,160,000","8,146,000","8,371,000","7,926,000","6,948,000","3,219,000","5,230,000","6,580,000","6,633,000","4,810,000","7,227,000","4,643,000","5,557,000","2,338,000","5,158,000","2,445,000","2,883,000","-146,000","3,221,000","4,329,000","5,259,000","471,000","2,674,000","3,059,000","3,267,000","-692,000","1,265,000","1,044,000","2,396,000","-1,718,000","-623,000","1,747,000","4,308,000","-821,000","1,066,000","277,000","1,404,000","-3,382,000","829,000","2,203,000","6,373,000","294,000","5,823,000","10,319,000","10,253,000","4,341,000","10,309,000","13,056,000","18,364,000","13,961,000","17,828,000","13,704,000","14,405,000","9,430,000","15,159,000","13,081,000","14,895,000","9,396,000","15,059,000","15,224,000","14,454,000","8,878,000","14,911,000","14,941,000","16,917,000","11,973,000","17,603,000","17,179,000","14,226,000","10,673,000","23,301,000","23,922,000","25,857,000","19,339,000","28,700,000","29,700,000","33,700,000","26,400,000","35,500,000","32,300,000","33,200,000","21,800,000","29,100,000","29,400,000","28,600,000","18,700,000","30,100,000","32,500,000","30,700,000","23,900,000","31,400,000","29,900,000","30,000,000","23,600,000","26,500,000","25,300,000","27,900,000","20,100,000","24,200,000","20,900,000","19,500,000","16,400,000","19,700,000","16,900,000","16,100,000","9,900,000","12,100,000","13,500,000","12,700,000","7,300,000","13,500,000","15,400,000","17,200,000","11,200,000","14,600,000","14,700,000","-26,500,000","12,900,000",,,,,,,,,,,,,,
OperatingExpense,"256,218,000","75,030,000","65,825,000","61,340,000","54,023,000","52,470,000","44,286,000","41,373,000","40,807,000","46,931,000","45,237,000","48,402,000","51,715,000","52,973,000","48,848,000","129,376,000","45,088,000","6,913,000","6,132,000","6,112,000","5,838,000","5,581,000","5,739,000","5,750,000","5,015,000","5,246,000","5,400,000","5,459,000","5,847,000","5,159,000","5,008,000","6,148,000","5,641,000","5,891,000","5,621,000","5,733,000","5,471,000","5,861,000","5,819,000","6,530,000","5,665,000","6,698,000","7,191,000","7,896,000","6,470,000","7,039,000","7,151,000","7,830,000","42,605,000","4,738,000","7,197,000","7,250,000","13,332,000","4,330,000","8,165,000","9,064,000","7,297,000","9,123,000","9,747,000","10,603,000","8,808,000","9,315,000","10,779,000","11,470,000","11,356,000","11,489,000","11,626,000","11,472,000","10,514,000","10,709,000","12,537,000","12,124,000","10,792,000","10,854,000","11,872,000","12,197,000","9,436,000","10,690,000","12,220,000","12,497,000","10,795,000","11,343,000","12,600,000","12,807,000","8,238,000","12,933,000","20,086,000","20,718,000","20,337,000","19,323,000","22,400,000","23,100,000","22,100,000","21,300,000","25,000,000","23,300,000","23,000,000","19,800,000","21,600,000","21,800,000","20,100,000","17,200,000","21,100,000","23,400,000","21,000,000","20,200,000","23,400,000","23,600,000","23,600,000","20,600,000","21,300,000","20,000,000","20,100,000","17,500,000","18,600,000","17,400,000","15,600,000","15,300,000","16,500,000","14,600,000","12,800,000","11,600,000","11,800,000","12,300,000","10,800,000","11,200,000","13,200,000","13,600,000","13,600,000","11,400,000","13,000,000","12,700,000","-32,800,000","11,200,000",,,,,,,,,,,,,,
	SellingGeneralAndAdministration,"256,218,000","75,030,000","65,825,000","61,340,000","54,023,000","52,470,000","44,286,000","41,373,000","40,807,000","41,501,000","45,237,000","48,402,000","51,715,000","48,153,000","48,848,000","129,376,000","45,088,000","6,913,000","6,132,000","6,112,000","5,838,000","5,581,000","5,739,000","5,750,000","5,015,000","5,246,000","5,400,000","5,459,000","5,847,000","5,159,000","5,008,000","6,148,000","5,641,000","5,891,000","5,621,000","5,733,000","5,471,000","5,861,000","5,819,000","6,530,000","5,665,000","6,698,000","7,191,000","7,896,000","6,470,000","7,039,000","7,151,000","7,830,000","46,517,000","6,282,000","7,197,000","6,838,000","5,780,000","7,726,000","8,165,000","9,064,000","7,297,000","9,123,000","9,747,000","10,603,000","8,808,000","9,315,000","10,779,000","11,470,000","11,356,000","11,489,000","11,626,000","11,472,000","10,514,000","10,709,000","12,537,000","12,124,000","10,792,000","10,854,000","11,872,000","12,197,000","9,436,000","10,690,000","12,220,000","12,497,000","10,795,000","11,343,000","12,600,000","12,807,000","11,224,000","11,916,000","19,102,000","19,733,000","19,248,000","18,240,000","21,500,000","22,100,000","21,100,000","20,300,000","24,100,000","22,400,000","22,000,000","18,900,000","20,700,000","20,900,000","19,200,000","16,200,000","20,200,000","22,500,000","20,100,000","19,200,000","22,600,000","22,800,000","22,700,000","19,800,000","20,500,000","19,200,000","19,300,000","16,700,000","18,000,000","16,700,000","14,900,000","14,500,000","15,900,000","13,900,000","12,100,000","10,800,000","11,200,000","11,700,000","10,100,000","10,500,000","12,500,000","13,000,000","12,900,000","10,800,000","12,400,000","12,100,000",,"10,800,000",,,,,,,,,,,,,,
		GeneralAndAdministrativeExpense,,,,,,,,,,,,"48,402,000","51,715,000",,,"129,376,000",,,,,,,,,,,,,,,,,,,,,,,,,,,,,,,,,,,,,,,,,,,,,,,,,,,,,,,,,,,,,,,,,,,,,,,,,,,,,,,,,,,,,,,,,,,,,,,,,,,,,,,,,,,,,,,,,,,,,,,,,,,,,,,,,,,,
			OtherGandA,,,,,,,,,,,,"48,402,000","51,715,000",,,"129,376,000",,,,,,,,,,,,,,,,,,,,,,,,,,,,,,,,,,,,,,,,,,,,,,,,,,,,,,,,,,,,,,,,,,,,,,,,,,,,,,,,,,,,,,,,,,,,,,,,,,,,,,,,,,,,,,,,,,,,,,,,,,,,,,,,,,,,
	DepreciationAmortizationDepletionIncomeStatement,,,,,,,,,,,,,,,,,,,,,,,,,,,,,,,,,,,,,,,,,,,,,,,,,,,,,,,,,,,,,,,,,,,,,,,,,,,,,,,,,,,,,,"1,017,000","984,000","985,000","1,089,000","1,083,000","900,000","1,000,000","1,000,000","1,000,000","900,000","900,000","1,000,000","900,000","900,000","900,000","900,000","1,000,000","900,000","900,000","900,000","1,000,000","800,000","800,000","900,000","800,000","800,000","800,000","800,000","800,000","600,000","700,000","700,000","800,000","600,000","700,000","700,000","800,000","600,000","600,000","700,000","700,000","700,000","600,000","700,000","600,000","600,000","600,000","700,000","400,000",,,,,,,,,,,,,,
		DepreciationAndAmortizationInIncomeStatement,,,,,,,,,,,,,,,,,,,,,,,,,,,,,,,,,,,,,,,,,,,,,,,,,,,,,,,,,,,,,,,,,,,,,,,,,,,,,,,,,,,,,,"1,017,000","984,000","985,000","1,089,000","1,083,000","900,000","1,000,000","1,000,000","1,000,000","900,000","900,000","1,000,000","900,000","900,000","900,000","900,000","1,000,000","900,000","900,000","900,000","1,000,000","800,000","800,000","900,000","800,000","800,000","800,000","800,000","800,000","600,000","700,000","700,000","800,000","600,000","700,000","700,000","800,000","600,000","600,000","700,000","700,000","700,000","600,000","700,000","600,000","600,000","600,000","700,000","400,000",,,,,,,,,,,,,,
	OtherOperatingExpenses,,,,,,,,,,,,,,,,,,,,,,,,,,,,,,,,,,,,,,,,,,,,,,,,,"-3,912,000","-1,544,000",,"412,000","7,552,000","-3,396,000",,,,,,,,,,,,,,,,,,,,,,,,,,,,,,,,,,,,,,,,,,,,,,,,,,,,,,,,,,,,,,,,,,,,,,,,,,,,,,,,,,,,,,,,,,,,,,
OperatingIncome,"332,905,000","115,997,000","91,414,000","67,987,000","57,507,000","46,645,000","27,498,000","21,420,000","13,196,000","13,053,000","23,664,000","25,653,000","24,320,000","13,490,000","15,888,000","-70,376,000","10,072,000","1,233,000","2,239,000","1,814,000","1,110,000","-2,362,000","-509,000","830,000","1,618,000","-436,000","1,827,000","-816,000","-290,000","-2,821,000","150,000","-3,703,000","-2,758,000","-6,037,000","-2,400,000","-1,404,000","-212,000","-5,390,000","-3,145,000","-3,471,000","-2,398,000","-7,390,000","-5,926,000","-6,852,000","-4,074,000","-8,757,000","-7,774,000","-6,083,000","-38,297,000","-5,559,000","-6,131,000","-6,973,000","-11,928,000","-7,712,000","-7,336,000","-6,861,000","-924,000","-8,829,000","-3,924,000","-284,000","1,445,000","-4,974,000","-470,000","1,586,000","7,008,000","2,472,000","6,202,000","2,232,000","3,891,000","-1,279,000","2,622,000","957,000","4,103,000","-1,458,000","3,187,000","3,027,000","5,018,000","-1,812,000","2,691,000","2,444,000","6,122,000","630,000","5,003,000","4,372,000","5,988,000","-2,260,000","3,215,000","3,204,000","5,520,000","16,000","6,300,000","6,600,000","11,600,000","5,100,000","10,500,000","9,000,000","10,200,000","2,000,000","7,500,000","7,600,000","8,500,000","1,500,000","9,000,000","9,100,000","9,700,000","3,700,000","8,000,000","6,300,000","6,400,000","3,000,000","5,200,000","5,300,000","7,800,000","2,600,000","5,600,000","3,500,000","3,900,000","1,100,000","3,200,000","2,300,000","3,300,000","-1,700,000","300,000","1,200,000","1,900,000","-3,900,000","300,000","1,800,000","3,600,000","-200,000","1,600,000","2,000,000","6,300,000","1,700,000","95,800,000","97,200,000","-212,200,000","61,900,000","78,800,000","84,700,000","-206,400,000","64,400,000","76,900,000","81,600,000","-210,300,000","64,400,000","78,000,000","85,900,000"
NetNonOperatingInterestIncomeExpense,"-2,512,000","-510,000","-508,000","-845,000","-649,000","-647,000","-795,000","-864,000","-942,000","-382,000","-328,000","-382,000","-309,000","-578,000","-813,000","-827,000","-1,072,000","-15,000","-37,000","-147,000","-87,000","-85,000","-86,000","-86,000","-84,000","-78,000","-79,000","-79,000","-102,000","-90,000","-69,000","-70,000","-46,000","25,000","25,000","25,000","27,000","25,000","9,000","3,000","3,000","3,000","4,000","7,000","10,000","15,000","18,000","18,000","13,000","5,000","9,000","36,000","44,000","147,000",,,,,,,,,,,,,,,,,,,,,,,,,,,,,,,,,,,,,,,,,,,,,,,,,,,,,,,,,,,,,,,,,,,,,,,,,,,,,,,,,,,,,,,,,,,,,,
	InterestIncomeNonOperating,"733,000","233,000","193,000","148,000","159,000","159,000","151,000","110,000","145,000","673,000","783,000","813,000","962,000","748,000","495,000","370,000",,,,,,,,,,,"0","0","0","2,000","24,000","24,000","25,000","25,000","25,000","25,000","27,000","25,000","9,000","3,000","3,000","3,000","4,000","7,000","10,000","15,000","18,000","18,000","13,000","5,000","9,000","36,000","44,000","147,000",,,,,,,,,,,,,,,,,,,,,,,,,,,,,,,,,,,,,,,,,,,,,,,,,,,,,,,,,,,,,,,,,,,,,,,,,,,,,,,,,,,,,,,,,,,,,,
	InterestExpenseNonOperating,"3,245,000","743,000","701,000","993,000","808,000","806,000","946,000","974,000","1,087,000","1,055,000","1,111,000","1,195,000","1,271,000","1,326,000","1,308,000","1,197,000","1,072,000","15,000","37,000","147,000","87,000","85,000","86,000","86,000","84,000","78,000","79,000","79,000","102,000","92,000","93,000","94,000",,,,,,,,,,,,,,,,,,,,,,,,,,,,,,,,,,,,,,,,,,,,,,,,,,,,,,,,,,,,,,,,,,,,,,,,,,,,,,,,,,,,,,,,,,,,,,,,,,,,,,,,,,,,,,,,,,,,
	TotalOtherFinanceCost,,,,,,,,,,,"328,000","382,000","309,000","578,000",,,,,,,,,,,,,,,,,,,,,,,,,,,,,,,,,,,,,,,,,,,,,,,,,,,,,,,,,,,,,,,,,,,,,,,,,,,,,,,,,,,,,,,,,,,,,,,,,,,,,,,,,,,,,,,,,,,,,,,,,,,,,,,,,,,,,,
OtherIncomeExpense,"36,000","0","-7,000","-11,000","54,000","-1,104,000","180,000","2,599,000","4,214,000",,,,,"-549,000","-125,000","-1,307,000","-6,413,000",,"762,000","-60,000","1,280,000",,,,,,,,,,,,"244,000","300,000","162,000",,"230,000",,"1,411,000",,"684,000",,"2,500,000",,,,,,,,,,,,"380,000",,"0","670,000",,,,,,,"0",,,"464,000",,,,,,,,,,,,,,,,,"0","666,000",,,,,"1,600,000",,"1,500,000","1,500,000","1,600,000","1,700,000","1,400,000","1,600,000","1,500,000","1,500,000","1,900,000","1,500,000","1,600,000","1,600,000","800,000","1,500,000","1,600,000","1,600,000","1,400,000","1,300,000","1,500,000","1,500,000","1,300,000","1,400,000","1,500,000","1,400,000","1,300,000","1,300,000","1,500,000","2,200,000","1,400,000","1,500,000","1,600,000","1,700,000","1,800,000","2,000,000","2,200,000","2,300,000","2,100,000","2,000,000","2,300,000","2,500,000","2,400,000","3,300,000",,,,,,,,,,,,,,
	SpecialIncomeCharges,,,,,,,,,,,,,,,,,,"0","762,000","-60,000","1,280,000",,,,,,,,"243,000","0","0",,"244,000","300,000","162,000",,"230,000","0","1,411,000",,"684,000","0","2,500,000",,,,,,,,"0",,,,"380,000",,"0","670,000",,,,,,,"0",,,"464,000",,,,,,,,,,,,,,,,,"0","666,000",,,,,"1,600,000",,"1,500,000","1,500,000","1,600,000","1,700,000","1,400,000","1,600,000","1,500,000","1,500,000","1,900,000","1,500,000","1,600,000","1,600,000","800,000","1,500,000","1,600,000","1,600,000","1,400,000","1,300,000","1,500,000","1,500,000","1,300,000","1,400,000","1,500,000","1,400,000","1,300,000","1,300,000","1,500,000","2,200,000","1,400,000","1,500,000","1,600,000","1,700,000","1,800,000","2,000,000","2,200,000","2,300,000","2,100,000","2,000,000","2,300,000","2,500,000","2,400,000","3,300,000",,,,,,,,,,,,,,
		GainOnSaleOfPPE,,,,,,,,,,,,,,,,,,"0","762,000","-60,000","1,280,000",,,,,,,,"243,000","0","0",,"244,000","300,000","162,000",,"230,000","0",,,,,,,,,,,,,,,,,,,,,,,,,,,,,,,,,,,,,,,,,,,,,,,,,,,,,,,,,,,,,,,,,,,,,,,,,,,,,,,,,,,,,,,,,,,,,,,,,,,,,,,,,,,,,,
	OtherNonOperatingIncomeExpenses,"36,000","0","-7,000","-11,000","54,000","-1,104,000","180,000","2,599,000","4,214,000",,,,,"-426,000","-125,000","-1,307,000","-6,413,000",,,,,,,,,,,,,,,,,,,,,,,,,,,,,,,,,,,,,,,,,,,,,,,,,,,,,,,,,,,,,,,,,,,,,,,,,,,,,,,,,,,,,,,,,,,,,,,,,,,,,,,,,,,,,,,,,,,,,,,,,,,,,,,,,,,
PretaxIncome,"330,429,000","115,487,000","90,899,000","67,131,000","56,912,000","44,894,000","26,883,000","23,155,000","16,468,000","12,436,000","23,336,000","25,271,000","24,011,000","12,363,000","14,950,000","-71,203,000","2,587,000","1,218,000","2,964,000","1,607,000","2,303,000","-2,447,000","-595,000","744,000","1,534,000","-514,000","1,748,000","-895,000","-149,000","-2,911,000","81,000","-3,773,000","-2,560,000","-5,712,000","-2,213,000","-1,379,000","45,000","-5,365,000","-1,725,000","-3,468,000","-1,711,000","-7,387,000","-3,422,000","-6,845,000","-4,064,000","-8,742,000","-7,756,000","-6,065,000","-1,562,000","-5,554,000","-6,122,000","-6,113,000","-4,332,000","-7,565,000","-6,626,000","-6,471,000","-325,000","-7,146,000","-2,766,000","1,099,000","2,866,000","-3,519,000","1,006,000","3,046,000","8,401,000","3,792,000","7,401,000","3,721,000","4,771,000","-607,000","3,155,000","1,346,000","4,410,000","-1,144,000","3,481,000","3,359,000","5,408,000","-1,347,000","3,239,000","3,036,000","6,723,000","1,461,000","6,192,000","5,853,000","7,730,000","426,000","5,242,000","5,132,000","7,294,000","1,683,000","8,000,000","8,200,000","13,100,000","6,500,000","12,200,000","10,800,000","11,600,000","3,600,000","9,000,000","9,100,000","10,300,000","3,000,000","10,500,000","10,800,000","10,400,000","5,200,000","9,600,000","7,700,000","7,800,000","4,300,000","6,700,000","6,700,000","9,000,000","4,000,000","7,100,000","4,900,000","5,200,000","2,400,000","4,700,000","4,600,000","4,700,000",,"1,800,000","2,800,000","3,800,000","-1,800,000","2,500,000","4,000,000","5,600,000","1,800,000","3,900,000","4,500,000","8,700,000","4,900,000",,,,,,,,,,,,,,
TaxProvision,"82,385,000","28,689,000","23,277,000","16,408,000","14,011,000","11,008,000","5,284,000","5,644,000","4,565,000","6,438,000","6,299,000","7,526,000","6,631,000","3,206,000","4,437,000","5,822,000","3,440,000","0","0","0","0","0","0",,,,"0","0","0","0","0","0","0","0","0","0","0","0","0","0","0","0","0","0","0","0","0","0","16,019,000","-1,857,000","-2,314,000","-2,206,000","-1,967,000","-2,740,000","-2,528,000","-2,325,000","-516,000","-2,576,000","-880,000","390,000","619,000","-1,344,000","381,000","1,150,000","3,248,000","1,502,000","2,896,000","1,377,000","1,656,000","-256,000","1,270,000","540,000","1,656,000","-426,000","1,413,000","1,322,000","2,161,000","-520,000","1,288,000","1,214,000","2,649,000","592,000","2,444,000","2,290,000","3,086,000","164,000","2,108,000","2,002,000","2,921,000","673,000","3,200,000","3,300,000","5,200,000","2,600,000","4,900,000","4,300,000","4,700,000","1,500,000","3,600,000","3,600,000","4,100,000","1,200,000","4,200,000","4,300,000","4,200,000","2,100,000","3,900,000","3,100,000","3,200,000","1,700,000","2,700,000","2,700,000","3,700,000","1,600,000","2,800,000","1,900,000","2,100,000","900,000","1,800,000","1,800,000","1,800,000",,"700,000","1,100,000","1,500,000","-700,000","1,000,000","1,500,000","2,100,000","700,000","1,500,000","1,700,000","3,300,000","1,900,000",,,,,,,,,,,,,,
NetIncomeCommonStockholders,"248,044,000","86,798,000","67,622,000","50,723,000","42,901,000","33,948,000","21,599,000","17,492,000","11,873,000","6,024,000","16,993,000","17,680,000","17,291,000","9,157,000","10,427,000","-77,025,000","-853,000","1,218,000","2,964,000","1,607,000","2,303,000","-2,447,000","-595,000","744,000","1,326,000","-520,000","1,706,000","-834,000","-200,000","-2,997,000","-3,444,000","-3,773,000","-2,560,000","-5,712,000","-2,213,000","-1,379,000","45,000","-5,365,000","-1,725,000","-3,468,000","-1,711,000","-7,387,000","-3,422,000","-6,845,000","-4,064,000","-8,742,000","-7,756,000","-6,065,000","-17,581,000","-3,697,000","-3,808,000","-3,907,000","-2,365,000","-4,825,000","-4,098,000","-4,146,000","-1,319,000","-6,081,000","-1,886,000","709,000","2,247,000","-2,175,000","625,000","1,896,000","3,643,000","779,000","4,505,000","2,344,000","1,604,000","-1,861,000","-8,019,000","806,000","1,244,000","-2,229,000","2,068,000","527,000","1,737,000","-2,337,000","440,000","312,000","2,564,000","-642,000","2,238,000","3,563,000","3,134,000","-1,249,000","1,595,000","3,130,000","4,373,000","1,010,000","4,800,000","4,900,000","7,900,000","3,900,000","7,300,000","6,500,000","6,900,000","2,100,000","5,400,000","5,500,000","6,200,000","1,800,000","6,300,000","6,500,000","6,200,000","3,100,000","5,700,000","4,600,000","4,600,000","2,600,000","4,000,000","4,000,000","5,300,000","2,400,000","4,300,000","3,000,000","2,700,000","1,500,000","2,900,000","2,800,000","2,900,000",,"1,100,000","1,700,000","2,300,000","-1,100,000","1,500,000","2,500,000","3,500,000","1,100,000","2,400,000","2,800,000","5,400,000","3,000,000",,,,,,,,,,,,,,
	NetIncome,"248,044,000","86,798,000","67,622,000","50,723,000","42,901,000","33,886,000","21,599,000","17,511,000","11,903,000","5,998,000","17,037,000","17,745,000","17,380,000","9,157,000","10,513,000","-77,025,000","-853,000","1,218,000","2,964,000","1,607,000","2,303,000","-2,447,000","-595,000","744,000","1,326,000","-520,000","1,706,000","-834,000","-200,000","-2,997,000","-3,444,000","-3,773,000","-2,560,000","-5,712,000","-2,213,000","-1,379,000","45,000","-5,365,000","-1,725,000","-3,468,000","-1,711,000","-7,387,000","-3,422,000","-6,845,000","-4,064,000","-8,742,000","-7,756,000","-6,065,000","-17,581,000","-3,697,000","-3,808,000","-3,907,000","-2,365,000","-4,825,000","-4,098,000","-4,146,000","191,000","-4,570,000","-1,886,000","709,000","2,247,000","-2,175,000","625,000","1,896,000","5,153,000","2,290,000","4,505,000","2,344,000","3,115,000","-351,000","1,885,000","806,000","2,754,000","-718,000","2,068,000","2,037,000","3,247,000","-827,000","1,951,000","1,822,000","4,074,000","869,000","3,748,000","3,563,000","4,644,000","262,000","3,134,000","3,130,000","4,373,000","1,010,000","4,800,000","4,900,000","7,900,000","3,900,000","7,300,000","6,500,000","6,900,000","2,100,000","5,400,000","5,500,000","6,200,000","1,800,000","6,300,000","6,500,000","6,200,000","3,100,000","5,700,000","4,600,000","4,600,000","2,600,000","4,000,000","4,000,000","5,300,000","2,400,000","4,300,000","3,000,000","2,700,000","1,500,000","2,900,000","2,800,000","2,900,000",,"1,100,000","1,700,000","2,300,000","-1,100,000","1,500,000","2,500,000","3,500,000","1,100,000","2,400,000","2,800,000","5,400,000","3,000,000",,,,,,,,,,,,,,
		NetIncomeIncludingNoncontrollingInterests,"248,044,000","86,798,000","67,622,000","50,723,000","42,901,000","33,886,000","21,599,000","17,511,000","11,903,000","5,998,000","17,037,000","17,745,000","17,380,000","9,157,000","10,513,000","-77,025,000","-853,000","1,218,000","2,964,000","1,607,000","2,303,000","-2,447,000","-595,000","744,000","1,326,000","-520,000","1,706,000","-834,000","-200,000","-2,997,000","-3,444,000","-3,773,000","-2,560,000","-5,712,000","-2,213,000","-1,379,000","45,000","-5,365,000","-1,725,000","-3,468,000","-1,711,000","-7,387,000","-3,422,000","-6,845,000","-4,064,000","-8,742,000","-7,756,000","-6,065,000","-17,581,000","-3,697,000","-3,808,000","-3,907,000","-2,365,000","-4,825,000","-4,098,000","-4,146,000","191,000","-4,570,000","-1,886,000","709,000","2,247,000","-2,175,000","625,000","1,896,000","5,153,000","2,290,000","4,505,000","2,344,000","3,115,000","-351,000","1,885,000","806,000","2,754,000","-718,000","2,068,000","2,037,000","3,247,000","-827,000","1,951,000","1,822,000","4,074,000","869,000","3,748,000","3,563,000","4,644,000","262,000","3,134,000","3,130,000","4,373,000","1,010,000","4,800,000","4,900,000","7,900,000","3,900,000","7,300,000","6,500,000","6,900,000","2,100,000","5,400,000","5,500,000","6,200,000","1,800,000","6,300,000","6,500,000","6,200,000","3,100,000","5,700,000","4,600,000","4,600,000","2,600,000","4,000,000","4,000,000","5,300,000","2,400,000","4,300,000","3,000,000","2,700,000","1,500,000","2,900,000","2,800,000","2,900,000",,"1,100,000","1,700,000","2,300,000","-1,100,000","1,500,000","2,500,000","3,500,000","1,100,000","2,400,000","2,800,000","5,400,000","3,000,000","4,100,000","4,600,000","4,700,000","1,200,000","3,100,000","4,000,000","4,300,000","1,500,000","2,800,000","3,100,000","3,000,000","1,500,000","2,300,000","3,000,000"
			NetIncomeContinuousOperations,"248,044,000","86,798,000","67,622,000","50,723,000","42,901,000","33,886,000","21,599,000","17,511,000","11,903,000","5,998,000","17,037,000","17,745,000","17,380,000","9,157,000","10,513,000","-77,025,000","-853,000","1,218,000","2,964,000","1,607,000","2,303,000","-2,447,000","-595,000","744,000","1,534,000","-514,000","1,748,000","-895,000","-149,000","-2,911,000","81,000","-3,773,000","-2,560,000","-5,712,000","-2,213,000","-1,379,000","45,000","-5,365,000","-1,725,000","-3,468,000","-1,711,000","-7,387,000","-3,422,000","-6,845,000","-4,064,000","-8,742,000","-7,756,000","-6,065,000","-17,581,000","-3,697,000","-3,808,000","-3,907,000","-2,365,000","-4,825,000","-4,098,000","-4,146,000","191,000","-4,570,000","-1,886,000","709,000","2,247,000","-2,175,000","625,000","1,896,000","5,153,000","2,290,000","4,505,000","2,344,000","3,115,000","-351,000","1,885,000","806,000","2,754,000","-718,000","2,068,000","2,037,000","3,247,000","-827,000","1,951,000","1,822,000","4,074,000","869,000","3,748,000","3,563,000","4,644,000","262,000","3,134,000","3,130,000","4,373,000","1,010,000","4,800,000","4,900,000","7,900,000","3,900,000","7,300,000","6,500,000","6,900,000","2,100,000","5,400,000","5,500,000","6,200,000","1,800,000","6,300,000","6,500,000","6,200,000","3,100,000","5,700,000","4,600,000","4,600,000","2,600,000","4,000,000","4,000,000","5,300,000","2,400,000","4,300,000","3,000,000","3,100,000","1,500,000","2,900,000","2,800,000","2,900,000",,"1,100,000","1,700,000","2,300,000","-1,100,000","1,500,000","2,500,000","3,500,000","1,100,000","2,400,000","2,800,000","5,400,000","3,000,000","4,100,000","4,600,000","4,700,000","1,200,000","3,100,000","4,000,000","4,300,000","1,500,000","2,800,000","3,100,000","3,000,000","1,500,000","2,300,000","3,000,000"
			NetIncomeDiscontinuousOperations,,,,,,,,,,,,,,,,,,,,,"0","0","0",,"-208,000","-6,000","-42,000","61,000","-51,000","-86,000","-3,525,000",,,,,,,,,,,,,,,,,,,,,,,,,,,,,,,,,,,,,,,,,,,,,,,,,,,,,,,,,,,,,,,,,,,,,,,,,,,,,,,,,,,,,,,,,,,,,,,,,,,,,,,,,,,,,,,,,,,,,
	PreferredStockDividends,,,,,,,,,,,,,,,,,,,,,,,,,,,,,,,,,,,,,,,,,,,,,,,,,,,,,,,,,"1,510,000","1,511,000",,,,,,,"1,510,000","1,511,000",,,"1,511,000","1,510,000","9,904,000",,"1,510,000","1,511,000",,"1,510,000","1,510,000","1,510,000","1,511,000","1,510,000","1,510,000","1,511,000","1,510,000",,"1,510,000","1,511,000","1,539,000",,,,,,,,,,,,,,,,,,,,,,,,,,,,,,,,,,,,,,,,,,,,,,,,,,,,,,,,,,,,,
	OtherunderPreferredStockDividend,"0","0","0","0","0",,"0","19,000","30,000","-26,000","44,000","65,000","89,000","-5,513,000","86,000","0",,,,,,,,,,,,,,,,,,,,,,,,,,,,,,,,,,,,,,,,,,,,,,,,,,,,,,,,,,,,,,,,,,,,,,,,,,,,,,,,,,,,,,,,,,,,,,,,,,,,,,,,,,,,,,,,,,,,,,,,,,,,,,,,,,,,
DilutedNIAvailtoComStockholders,"248,044,000","86,798,000","67,622,000","50,723,000","42,901,000","33,948,000","21,599,000","17,492,000","11,873,000","6,024,000","16,993,000","17,680,000","17,291,000","9,157,000","10,427,000","-77,025,000","-853,000","1,218,000","2,964,000","1,607,000","2,303,000","-2,447,000","-595,000","744,000","1,326,000","-520,000","1,706,000","-834,000","-200,000","-2,997,000","-3,444,000","-3,773,000","-2,560,000","-5,712,000","-2,213,000","-1,379,000","45,000","-5,365,000","-1,725,000","-3,468,000","-1,711,000","-7,387,000","-3,422,000","-6,845,000","-4,064,000","-8,742,000","-7,756,000","-6,065,000","-17,581,000","-3,697,000","-3,808,000","-3,907,000","-2,365,000","-4,825,000","-4,098,000","-4,146,000","-1,319,000","-6,081,000","-1,886,000","709,000","2,247,000","-2,175,000","625,000","1,896,000","3,643,000","779,000","4,505,000","2,344,000","1,604,000","-1,861,000","-8,019,000","806,000","1,244,000","-2,229,000","2,068,000","527,000","1,737,000","-2,337,000","440,000","312,000","2,564,000","-642,000","2,238,000","3,563,000","3,134,000","-1,249,000","1,595,000","3,130,000","4,373,000","1,010,000","4,800,000","4,900,000","7,900,000","3,900,000","7,300,000","6,500,000","6,900,000","2,100,000","5,400,000","5,500,000","6,200,000","1,800,000","6,300,000","6,500,000","6,200,000","3,100,000","5,700,000","4,600,000","4,600,000","2,600,000","4,000,000","4,000,000","5,300,000","2,400,000","4,300,000","3,000,000","2,700,000","1,500,000","2,900,000","2,800,000","2,900,000",,"1,100,000","1,700,000","2,300,000","-1,100,000","1,500,000","2,500,000","3,500,000","1,100,000","2,400,000","2,800,000","5,400,000","3,000,000",,,,,,,,,,,,,,
BasicEPS,,"1.53","1.19","0.89","0.76","0.6","0.38","0.31","0.21","0.11","0.32","0.34","0.31","0.26","0.19","-1.42","-0.02","0.15","0.35","0.19","0.27","-0.29","-0.07","0.09","0.16","-0.06","0.2","-0.1","-0.02","-0.36","-0.41","-0.45",,"-0.68","-0.27","-0.16",,"-0.64","-0.21","-0.41",,"-0.88","-0.4","-0.82",,"-1.04","-0.93","-0.72",,"-0.44","-0.45","-0.47",,"-0.58","-0.49","-0.49",,"-0.54","-0.22","0.08",,"-0.26","0.07","0.23",,"0.27","0.54","0.28",,"-0.04","0.22","0.1",,"-0.09","0.25","0.24",,"-0.1","0.23","0.22",,"0.1","0.45","0.42",,"0.03","0.37","0.36",,"0.12","0.53","0.54",,"0.44","0.8","0.69",,"0.23","0.56","0.57",,"0.18","0.62","0.62",,"0.3","0.54","0.42",,"0.23","0.36","0.36",,"0.22","0.38","0.27",,"0.13","0.26","0.29",,,"0.1","0.16",,"-0.1","0.14","0.22",,"0.1","0.21","0.25",,"0.27","0.36","0.41",,"0.11","0.28","0.36",,"0.13","0.25","0.28",,"0.13","0.21","0.27"
DilutedEPS,,"1.51","1.18","0.89","0.75","0.59","0.38","0.31","0.21","0.11","0.32","0.34","0.31","0.26","0.19","-1.42","-0.02","0.14","0.346","0.19","0.27","-0.292","-0.071","0.088","0.16","-0.06","0.2","-0.1","-0.02","-0.36","-0.41","-0.45",,"-0.68","-0.27","-0.16",,"-0.64","-0.21","-0.41",,"-0.88","-0.4","-0.82",,"-1.04","-0.93","-0.72",,"-0.44","-0.45","-0.47",,"-0.58","-0.49","-0.49",,"-0.54","-0.22","0.08",,"-0.26","0.07","0.23",,"0.27","0.54","0.28",,"-0.04","0.22","0.1",,"-0.09","0.25","0.24",,"-0.1","0.23","0.22",,"0.1","0.45","0.42",,"0.03","0.37","0.36",,"0.12","0.53","0.54",,"0.44","0.8","0.69",,"0.23","0.56","0.57",,"0.18","0.62","0.62",,"0.3","0.54","0.42",,"0.23","0.36","0.36",,"0.22","0.38","0.27",,"0.13","0.26","0.29",,,"0.1","0.16",,"-0.1","0.14","0.22",,"0.1","0.21","0.25",,"0.27","0.36","0.41",,"0.11","0.28","0.36",,"0.13","0.25","0.28",,"0.13","0.21","0.27"
BasicAverageShares,,"56,730,719","56,825,210","56,992,135","56,448,684","56,703,000","56,702,000","56,654,000","56,532,000","54,527,273","56,521,000","56,481,000","56,064,516","56,251,000","56,249,000","54,242,958","47,462,000","8,391,244","8,391,244","8,391,244","8,391,244","8,391,244","8,391,244","8,391,244","8,391,244","8,391,244","8,391,244","8,391,244","8,391,244","8,391,244","8,391,244","8,391,244",,"8,391,244","8,391,244","8,391,244",,"8,391,244","8,391,244","8,391,244",,"8,391,244","8,391,244","8,391,244",,"8,391,244","8,391,244","8,391,244",,"8,391,244","8,391,244","8,391,244",,"8,391,244","8,391,244","8,391,244",,"8,391,244","8,391,244","8,391,244",,"8,391,244","8,391,244","8,391,244",,"8,391,244","8,391,244","8,391,244",,"8,391,244","8,391,244","8,391,244",,"8,391,244","8,391,244","8,391,244",,"8,391,244","8,391,244","8,391,244",,"8,391,244","8,391,244","8,391,244",,"8,391,744","8,475,784","8,612,930",,"8,775,973","8,960,620","9,074,074",,"8,863,636","9,125,000","9,420,290",,"9,130,435","9,642,857","9,649,123",,"10,000,000","10,161,290","10,483,871",,"10,333,333","10,555,556","10,952,381",,"11,304,348","11,111,111","11,111,111",,"10,909,091","11,315,789","11,111,111",,"11,538,462","11,153,846","9,655,172",,"11,153,846","11,000,000","10,625,000",,"11,000,000","10,714,286","11,363,636",,"11,000,000","11,428,571","11,200,000",,"11,111,111","11,217,000","11,217,000",,"11,217,000","11,217,000","11,217,000",,"11,217,000","11,217,000","11,217,000",,"11,217,000","11,217,000","11,217,000"
DilutedAverageShares,,"57,482,119","57,306,780","56,992,135","57,201,333","56,967,000","56,990,000","56,909,000","56,761,000","54,527,273","56,788,000","56,722,000","56,064,516","56,434,000","56,249,000","54,242,958","47,462,000","8,627,332","8,562,899","8,483,935","8,473,521","8,391,244","8,391,244","8,498,192","8,391,244","8,391,244","8,391,244","8,391,244","8,391,244","8,391,244","8,391,244","8,391,244",,"8,391,244","8,391,244","8,391,244",,"8,391,244","8,391,244","8,391,244",,"8,391,244","8,391,244","8,391,244",,"8,391,244","8,391,244","8,391,244",,"8,391,244","8,391,244","8,391,244",,"8,391,244","8,391,244","8,391,244",,"8,391,244","8,391,244","8,391,244",,"8,391,244","8,391,244","8,391,244",,"8,391,244","8,391,244","8,391,244",,"8,391,244","8,391,244","8,391,244",,"8,391,244","8,391,244","8,391,244",,"8,391,244","8,391,244","8,391,244",,"8,391,244","8,391,244","8,391,244",,"8,391,744","8,475,784","8,612,930",,"9,074,074","9,074,074","9,074,074",,"8,863,636","9,125,000","9,420,290",,"9,130,435","9,642,857","9,649,123",,"10,000,000","10,161,290","10,483,871",,"10,333,333","10,555,556","10,952,381",,"11,304,348","11,111,111","11,111,111",,"10,909,091","11,315,789","11,111,111",,"11,538,462","11,153,846","9,655,172",,"11,153,846","11,000,000","10,625,000",,"11,000,000","10,714,286","11,363,636",,"11,000,000","11,428,571","11,200,000",,"11,111,111","11,217,000","11,217,000",,"11,217,000","11,217,000","11,217,000",,"11,217,000","11,217,000","11,217,000",,"11,217,000","11,217,000","11,217,000"
TotalOperatingIncomeAsReported,"332,905,000","115,997,000","91,414,000","67,987,000","57,507,000","46,645,000","27,498,000","21,420,000","13,196,000","12,818,000","23,664,000","25,653,000","24,320,000","13,367,000","15,888,000","-69,069,000","10,072,000","1,233,000","3,001,000","1,754,000","2,390,000","-2,362,000","-509,000","830,000","1,618,000","-436,000","1,827,000","-816,000","-47,000","-2,821,000","150,000","-3,703,000","-2,514,000","-5,737,000","-2,238,000","-1,404,000","18,000","-5,390,000","-1,734,000","-3,471,000","-1,714,000","-7,390,000","-3,426,000","-6,852,000","-4,074,000","-8,757,000","-7,774,000","-6,083,000","-1,575,000","-5,559,000","-6,131,000","-6,149,000","-4,376,000","-7,712,000","-7,336,000","-6,861,000","-924,000","-8,829,000","-3,924,000","-284,000","1,445,000","-4,974,000","-470,000","1,586,000","7,008,000","2,472,000","6,202,000","2,232,000","3,891,000","-1,279,000","2,622,000","957,000","4,103,000","-1,458,000","3,187,000","3,027,000","5,018,000","-1,812,000","2,691,000","2,444,000","6,122,000","630,000","5,003,000","4,372,000","5,988,000","-2,260,000","3,215,000","3,204,000","5,520,000","16,000","6,300,000","6,600,000","11,600,000","5,100,000","10,500,000","9,000,000","10,200,000","2,000,000","7,500,000","7,600,000","8,500,000","1,500,000","9,000,000","9,100,000","9,700,000","3,700,000","8,000,000","6,300,000","6,400,000","3,000,000","5,200,000","5,300,000","7,800,000","2,600,000","5,600,000","3,500,000","3,900,000","1,100,000","3,200,000","2,300,000","3,300,000","-1,700,000","300,000","1,200,000","1,900,000","-3,900,000","300,000","1,800,000","3,600,000","-200,000","1,600,000","2,000,000","6,300,000","1,700,000",,,,,,,,,,,,,,
TotalExpenses,"1,874,324,000","522,120,000","443,276,000","456,238,000","452,690,000","401,004,000","350,083,000","300,946,000","260,089,000","288,092,000","318,575,000","328,805,000","347,568,000","314,185,000","338,783,000","425,812,000","312,189,000","56,745,000","55,526,000","56,648,000","58,352,000","54,002,000","64,735,000","60,346,000","55,033,000","48,133,000","56,857,000","49,558,000","49,895,000","40,930,000","49,517,000","61,132,000","60,459,000","44,809,000","48,663,000","50,398,000","49,044,000","42,376,000","44,981,000","53,391,000","52,859,000","44,195,000","51,222,000","57,136,000","52,177,000","40,533,000","44,395,000","51,910,000","78,992,000","30,974,000","40,377,000","42,847,000","44,411,000","32,098,000","54,546,000","69,458,000","71,783,000","66,143,000","81,122,000","96,678,000","87,091,000","71,319,000","95,256,000","114,220,000","129,211,000","115,019,000","130,285,000","116,114,000","115,616,000","97,498,000","117,963,000","116,154,000","113,021,000","92,453,000","111,396,000","106,652,000","98,131,000","89,521,000","109,776,000","114,048,000","108,241,000","95,450,000","113,051,000","117,853,000","113,939,000","93,098,000","119,872,000","131,076,000","137,792,000","118,953,000","153,900,000","160,100,000","160,300,000","140,300,000","165,900,000","162,000,000","159,900,000","129,400,000","152,800,000","154,000,000","150,800,000","116,500,000","155,400,000","162,400,000","161,400,000","134,900,000","164,500,000","157,600,000","165,200,000","147,700,000","159,300,000","150,000,000","160,100,000","128,100,000","139,700,000","132,700,000","134,100,000","109,300,000","124,400,000","113,400,000","102,200,000","74,900,000","75,800,000","83,100,000","83,000,000","62,000,000","85,200,000","97,200,000","101,600,000","75,300,000","91,000,000","91,100,000","101,600,000","81,100,000",,,,,,,,,,,,,,
NetIncomeFromContinuingAndDiscontinuedOperation,"248,044,000","86,798,000","67,622,000","50,723,000","42,901,000","33,886,000","21,599,000","17,511,000","11,903,000","5,998,000","17,037,000","17,745,000","17,380,000","9,157,000","10,513,000","-77,025,000","-853,000","1,218,000","2,964,000","1,607,000","2,303,000","-2,447,000","-595,000","744,000","1,326,000","-520,000","1,706,000","-834,000","-200,000","-2,997,000","-3,444,000","-3,773,000","-2,560,000","-5,712,000","-2,213,000","-1,379,000","45,000","-5,365,000","-1,725,000","-3,468,000","-1,711,000","-7,387,000","-3,422,000","-6,845,000","-4,064,000","-8,742,000","-7,756,000","-6,065,000","-17,581,000","-3,697,000","-3,808,000","-3,907,000","-2,365,000","-4,825,000","-4,098,000","-4,146,000","191,000","-4,570,000","-1,886,000","709,000","2,247,000","-2,175,000","625,000","1,896,000","5,153,000","2,290,000","4,505,000","2,344,000","3,115,000","-351,000","1,885,000","806,000","2,754,000","-718,000","2,068,000","2,037,000","3,247,000","-827,000","1,951,000","1,822,000","4,074,000","869,000","3,748,000","3,563,000","4,644,000","262,000","3,134,000","3,130,000","4,373,000","1,010,000","4,800,000","4,900,000","7,900,000","3,900,000","7,300,000","6,500,000","6,900,000","2,100,000","5,400,000","5,500,000","6,200,000","1,800,000","6,300,000","6,500,000","6,200,000","3,100,000","5,700,000","4,600,000","4,600,000","2,600,000","4,000,000","4,000,000","5,300,000","2,400,000","4,300,000","3,000,000","3,100,000","1,500,000","2,900,000","2,800,000","2,900,000",,"1,100,000","1,700,000","2,300,000","-1,100,000","1,500,000","2,500,000","3,500,000","1,100,000","2,400,000","2,800,000","5,400,000","3,000,000",,,,,,,,,,,,,,
NormalizedIncome,"248,044,000","86,798,000","67,622,000","50,723,000","42,901,000","33,886,000","21,599,000","17,511,000","11,903,000","5,998,000","17,037,000","17,745,000","17,380,000","9,157,000","10,513,000","-77,025,000","-853,000","1,218,000","2,202,000","1,667,000","2,303,000","-2,447,000","-595,000","744,000","1,534,000","-514,000","1,748,000","-895,000","-392,000","-2,911,000","81,000","-3,773,000","-2,804,000","-6,012,000","-2,375,000","-1,379,000","-185,000","-5,365,000","-3,136,000","-3,468,000","-2,395,000","-7,387,000","-5,922,000","-6,845,000","-4,064,000","-8,742,000","-7,756,000","-6,065,000","-17,581,000","-3,697,000","-3,808,000","-3,907,000","-2,365,000","-4,825,000","-4,333,019.62","-4,146,000","191,000","-4,998,477.47","-1,886,000","709,000","2,247,000","-2,175,000","625,000","1,896,000","5,153,000","2,290,000","4,505,000","2,051,708.68","3,115,000","-351,000","1,885,000","806,000","2,754,000","-718,000","2,068,000","2,037,000","3,247,000","-827,000","1,951,000","1,822,000","4,074,000","869,000","3,748,000","3,563,000","4,644,000","-147,605.634","3,134,000","3,130,000","4,373,000","1,010,000","3,840,000","4,900,000","6,995,419.847","3,000,000","6,340,000","5,476,851.852","6,060,000","1,140,000","4,500,000","4,593,406.593","5,056,310.68","900,000","5,340,000","5,537,037.037","5,720,000","2,200,000","4,740,000","3,640,000","3,760,000","1,813,953.488","3,100,000","3,100,000","4,520,000","1,560,000","3,391,549.296","2,142,857.143","2,320,000","687,500","1,974,468.085","1,460,869.565","2,036,170.213",,"122,222.222","667,857.143","1,210,526.316","-2,322,222.222","180,000","1,062,500","2,187,500","-122,222.222","984,615.385","1,244,444.444","3,910,344.828","979,591.837",,,,,,,,,,,,,,
InterestIncome,"733,000","233,000","193,000","148,000","159,000","159,000","151,000","110,000","145,000","673,000","783,000","813,000","962,000","748,000","495,000","370,000",,,,,,,,,,,"0","0","0","2,000","24,000","24,000","25,000","25,000","25,000","25,000","27,000","25,000","9,000","3,000","3,000","3,000","4,000","7,000","10,000","15,000","18,000","18,000","13,000","5,000","9,000","36,000","44,000","147,000",,,,,,,,,,,,,,,,,,,,,,,,,,,,,,,,,,,,,,,,,,,,,,,,,,,,,,,,,,,,,,,,,,,,,,,,,,,,,,,,,,,,,,,,,,,,,,
InterestExpense,"3,245,000","743,000","701,000","993,000","808,000","806,000","946,000","974,000","1,087,000","1,055,000","1,111,000","1,195,000","1,271,000","1,326,000","1,308,000","1,197,000","1,072,000","15,000","37,000","147,000","87,000","85,000","86,000","86,000","84,000","78,000","79,000","79,000","102,000","92,000","93,000","94,000",,,,,,,,,,,,,,,,,,,,,,,,,,,,,,,,,,,,,,,,,,,,,,,,,,,,,,,,,,,,,,,,,,,,,,,,,,,,,,,,,,,,,,,,,,,,,,,,,,,,,,,,,,,,,,,,,,,,
NetInterestIncome,"-2,512,000","-510,000","-508,000","-845,000","-649,000","-647,000","-795,000","-864,000","-942,000","-382,000","-328,000","-382,000","-309,000","-578,000","-813,000","-827,000","-1,072,000","-15,000","-37,000","-147,000","-87,000","-85,000","-86,000","-86,000","-84,000","-78,000","-79,000","-79,000","-102,000","-90,000","-69,000","-70,000","-46,000","25,000","25,000","25,000","27,000","25,000","9,000","3,000","3,000","3,000","4,000","7,000","10,000","15,000","18,000","18,000","13,000","5,000","9,000","36,000","44,000","147,000",,,,,,,,,,,,,,,,,,,,,,,,,,,,,,,,,,,,,,,,,,,,,,,,,,,,,,,,,,,,,,,,,,,,,,,,,,,,,,,,,,,,,,,,,,,,,,
EBIT,"333,674,000","116,230,000","91,600,000","68,124,000","57,720,000","45,700,000","27,829,000","24,129,000","17,555,000","13,491,000","24,447,000","26,466,000","25,282,000","13,689,000","16,258,000","-70,006,000","3,659,000","1,233,000","3,001,000","1,754,000","2,390,000","-2,362,000","-509,000","830,000","1,618,000","-436,000","1,827,000","-816,000","-47,000","-2,819,000","174,000","-3,679,000","-1,952,000","-6,037,000","-2,400,000","-1,404,000","-212,000","-5,390,000","-3,145,000","-3,471,000","-2,398,000","-7,390,000","-5,926,000","-6,852,000","-4,074,000","-8,757,000","-7,774,000","-6,083,000","-38,297,000","-5,559,000","-6,131,000","-6,973,000","-11,928,000","-7,712,000","-7,336,000","-6,861,000","-924,000","-8,829,000","-3,924,000","-284,000","1,445,000","-4,974,000","-470,000","1,586,000","7,008,000","2,472,000","6,202,000","2,232,000","3,891,000","-1,279,000","2,622,000","957,000","4,103,000","-1,458,000","3,187,000","3,027,000","5,018,000","-1,812,000","2,691,000","2,444,000","6,122,000","630,000","5,003,000","4,372,000","5,988,000","-2,260,000","3,215,000","3,204,000","5,520,000","16,000","6,300,000","6,600,000","11,600,000","5,100,000","10,500,000","9,000,000","10,200,000","2,000,000","7,500,000","7,600,000","8,500,000","1,500,000","9,000,000","9,100,000","9,700,000","3,700,000","8,000,000","6,300,000","6,400,000","3,000,000","5,200,000","5,300,000","7,800,000","2,600,000","5,600,000","3,500,000","3,900,000","1,100,000","3,200,000","2,300,000","3,300,000","-1,700,000","300,000","1,200,000","1,900,000","-3,900,000","300,000","1,800,000","3,600,000","-200,000","1,600,000","2,000,000","6,300,000","1,700,000","95,800,000","97,200,000","-212,200,000","61,900,000","78,800,000","84,700,000","-206,400,000","64,400,000","76,900,000","81,600,000","-210,300,000","64,400,000","78,000,000","85,900,000"
EBITDA,"354,610,000"
ReconciledCostOfRevenue,"1,618,106,000","447,090,000","377,451,000","394,898,000","398,667,000","348,534,000","305,797,000","259,573,000","219,282,000","241,161,000","273,338,000","280,403,000","295,853,000","261,212,000","289,935,000","296,436,000","267,101,000","49,832,000","49,394,000","50,536,000","52,514,000","48,421,000","58,996,000","54,596,000","50,018,000","42,887,000","51,457,000","44,099,000","44,048,000","35,771,000","44,509,000","54,984,000","54,818,000","38,918,000","43,042,000","44,665,000","43,573,000","36,515,000","39,162,000","46,861,000","47,194,000","37,497,000","44,031,000","49,240,000","45,707,000","33,494,000","37,244,000","44,080,000","36,387,000","26,236,000","33,180,000","35,597,000","31,079,000","27,768,000","46,381,000","60,394,000","64,486,000","57,020,000","71,375,000","86,075,000","78,283,000","62,004,000","84,477,000","102,750,000","117,855,000","103,530,000","118,659,000","104,642,000","105,102,000","86,789,000","105,426,000","104,030,000","102,229,000","81,599,000","99,524,000","94,455,000","88,695,000","78,831,000","97,556,000","101,551,000","97,446,000","84,107,000","100,451,000","105,046,000","105,701,000","80,165,000","99,786,000","110,358,000","117,455,000","99,619,000","131,500,000","137,000,000","138,200,000","119,000,000","140,900,000","138,700,000","136,900,000","109,600,000","131,200,000","132,200,000","130,700,000","99,300,000","134,300,000","139,000,000","140,400,000","114,700,000","141,100,000","134,000,000","141,600,000","127,000,000","138,000,000","130,000,000","140,000,000","110,600,000","121,100,000","115,300,000","118,500,000","94,100,000","107,900,000","98,800,000","89,400,000","63,300,000","64,000,000","70,800,000","72,200,000","50,900,000","72,000,000","83,600,000","88,000,000","63,900,000","78,000,000","78,400,000","134,400,000","69,900,000",,,,,,,,,,,,,,
ReconciledDepreciation,"20,936,000","5,403,000","5,250,000","5,138,000","5,145,000","4,628,000","4,386,000","4,408,000","4,282,000","4,651,000","4,516,000","4,907,000","4,472,000","4,544,000","4,577,000","4,047,000","2,911,000","141,000","210,000","207,000","247,000","268,000","260,000","251,000","277,000","260,000","263,000","257,000","286,000","308,000","332,000","394,000","412,000","417,000","397,000","490,000","479,000","491,000","488,000","544,000","580,000","576,000","588,000","615,000","663,000","663,000","672,000","685,000","548,000","568,000","539,000","534,000","633,000","711,000","655,000","705,000","827,000","850,000","751,000","753,000","831,000","839,000","739,000","739,000","829,000","818,000","752,000","755,000","902,000","877,000","808,000","802,000","888,000","890,000","828,000","844,000","974,000","971,000","920,000","920,000","1,029,000","1,023,000","916,000","922,000","999,000","1,017,000","984,000","985,000","1,089,000","1,094,000","900,000","1,000,000","1,000,000","1,000,000","900,000","900,000","1,000,000","900,000","900,000","900,000","900,000","1,000,000","900,000","900,000","900,000","1,000,000","800,000","800,000","900,000","900,000","800,000","800,000","800,000","800,000","600,000","700,000","700,000","700,000","600,000","700,000","700,000","800,000","600,000","600,000","700,000","600,000","700,000","600,000","700,000","600,000","600,000","600,000","700,000","400,000",,,,,,,,,,,,,,
NetIncomeFromContinuingOperationNetMinorityInterest,"248,044,000","86,798,000","67,622,000","50,723,000","42,901,000","33,886,000","21,599,000","17,511,000","11,903,000","5,998,000","17,037,000","17,745,000","17,380,000","9,157,000","10,513,000","-77,025,000","-853,000","1,218,000","2,964,000","1,607,000","2,303,000","-2,447,000","-595,000","744,000","1,534,000","-514,000","1,748,000","-895,000","-149,000","-2,911,000","81,000","-3,773,000","-2,560,000","-5,712,000","-2,213,000","-1,379,000","45,000","-5,365,000","-1,725,000","-3,468,000","-1,711,000","-7,387,000","-3,422,000","-6,845,000","-4,064,000","-8,742,000","-7,756,000","-6,065,000","-17,581,000","-3,697,000","-3,808,000","-3,907,000","-2,365,000","-4,825,000","-4,098,000","-4,146,000","191,000","-4,570,000","-1,886,000","709,000","2,247,000","-2,175,000","625,000","1,896,000","5,153,000","2,290,000","4,505,000","2,344,000","3,115,000","-351,000","1,885,000","806,000","2,754,000","-718,000","2,068,000","2,037,000","3,247,000","-827,000","1,951,000","1,822,000","4,074,000","869,000","3,748,000","3,563,000","4,644,000","262,000","3,134,000","3,130,000","4,373,000","1,010,000","4,800,000","4,900,000","7,900,000","3,900,000","7,300,000","6,500,000","6,900,000","2,100,000","5,400,000","5,500,000","6,200,000","1,800,000","6,300,000","6,500,000","6,200,000","3,100,000","5,700,000","4,600,000","4,600,000","2,600,000","4,000,000","4,000,000","5,300,000","2,400,000","4,300,000","3,000,000","3,100,000","1,500,000","2,900,000","2,800,000","2,900,000",,"1,100,000","1,700,000","2,300,000","-1,100,000","1,500,000","2,500,000","3,500,000","1,100,000","2,400,000","2,800,000","5,400,000","3,000,000",,,,,,,,,,,,,,
TotalUnusualItemsExcludingGoodwill,,,,,,,,,,,,,,,,,,"0","762,000","-60,000","1,280,000",,,,,,,,"243,000","0","0",,"244,000","300,000","162,000",,"230,000","0","1,411,000",,"684,000","0","2,500,000",,,,,,,,"0",,,,"380,000",,"0","670,000",,,,,,,"0",,,"464,000",,,,,,,,,,,,,,,,,"0","666,000",,,,,"1,600,000",,"1,500,000","1,500,000","1,600,000","1,700,000","1,400,000","1,600,000","1,500,000","1,500,000","1,900,000","1,500,000","1,600,000","1,600,000","800,000","1,500,000","1,600,000","1,600,000","1,400,000","1,300,000","1,500,000","1,500,000","1,300,000","1,400,000","1,500,000","1,400,000","1,300,000","1,300,000","1,500,000","2,200,000","1,400,000",,"1,600,000","1,700,000","1,800,000","2,000,000","2,200,000","2,300,000","2,100,000","2,000,000","2,300,000","2,500,000","2,400,000","3,300,000",,,,,,,,,,,,,,
TotalUnusualItems,,,,,,,,,,,,,,,,,,"0","762,000","-60,000","1,280,000",,,,,,,,"243,000","0","0",,"244,000","300,000","162,000",,"230,000","0","1,411,000",,"684,000","0","2,500,000",,,,,,,,"0",,,,"380,000",,"0","670,000",,,,,,,"0",,,"464,000",,,,,,,,,,,,,,,,,"0","666,000",,,,,"1,600,000",,"1,500,000","1,500,000","1,600,000","1,700,000","1,400,000","1,600,000","1,500,000","1,500,000","1,900,000","1,500,000","1,600,000","1,600,000","800,000","1,500,000","1,600,000","1,600,000","1,400,000","1,300,000","1,500,000","1,500,000","1,300,000","1,400,000","1,500,000","1,400,000","1,300,000","1,300,000","1,500,000","2,200,000","1,400,000",,"1,600,000","1,700,000","1,800,000","2,000,000","2,200,000","2,300,000","2,100,000","2,000,000","2,300,000","2,500,000","2,400,000","3,300,000",,,,,,,,,,,,,,
NormalizedEBITDA,"354,610,000","121,633,000","96,850,000","73,262,000","62,865,000","50,328,000","32,215,000","28,537,000","21,837,000","18,142,000","28,963,000","31,373,000","29,754,000","18,233,000","20,835,000","-65,959,000","6,570,000","1,374,000","2,449,000","2,021,000","2,637,000","-2,094,000","-249,000","1,081,000","1,895,000","-176,000","2,090,000","-559,000","-4,000","-2,511,000","506,000","-3,285,000","-1,784,000","-5,920,000","-2,165,000","-914,000","37,000","-4,899,000","-4,068,000","-2,927,000","-2,502,000","-6,814,000","-7,838,000","-6,237,000","-3,411,000","-8,094,000","-7,102,000","-5,398,000","-37,749,000","-4,991,000","-5,592,000","-6,439,000","-11,295,000","-7,001,000","-7,061,000","-6,156,000","-97,000","-8,649,000","-3,173,000","469,000","2,276,000","-4,135,000","269,000","2,325,000","7,837,000","3,290,000","6,954,000","2,523,000","4,793,000","-402,000","3,430,000","1,759,000","4,991,000","-568,000","4,015,000","3,871,000","5,992,000","-841,000","3,611,000","3,364,000","7,151,000","1,653,000","5,919,000","5,294,000","6,987,000","-1,909,000","4,199,000","4,189,000","6,609,000","1,110,000","5,600,000","7,600,000","11,100,000","4,600,000","9,800,000","8,200,000","9,800,000","1,300,000","6,900,000","7,000,000","7,500,000","1,000,000","8,300,000","8,400,000","9,800,000","3,200,000","7,200,000","5,500,000","5,900,000","2,600,000","4,500,000","4,600,000","7,300,000","2,000,000","4,700,000","2,800,000","3,300,000","600,000","2,300,000","800,000","2,600,000","-900,000","-700,000","100,000","800,000","-5,200,000","-1,200,000","100,000","2,200,000","-1,600,000","-100,000","100,000","4,600,000","-1,200,000","95,800,000","97,200,000","-212,200,000","61,900,000","78,800,000","84,700,000","-206,400,000","64,400,000","76,900,000","81,600,000","-210,300,000","64,400,000","78,000,000","85,900,000"
TaxRateForCalcs,"0.249","0.248","0.256","0.244","0.246","0.245","0.197","0.244","0.277","0.27","0.27","0.298","0.276","0.259","0.297","0.27","0.27","0","0","0","0","0","0","0.4","0.4","0","0","0","0","0","0","0","0","0","0","0","0","0","0","0","0","0","0","0","0","0","0","0","0.35","0.334","0.378","0.361","0.35","0.362","0.382","0.359","0.35","0.36","0.318","0.355","0.216","0.382","0.379","0.378","0.387","0.396","0.391","0.37","0.347","0.4","0.4","0.4","0.376","0.372","0.4","0.394","0.4","0.386","0.398","0.4","0.394","0.4","0.395","0.391","0.399","0.385","0.4","0.39","0.4","0.4","0.4","0.4","0.397","0.4","0.4","0.398","0.4","0.4","0.4","0.396","0.398","0.4","0.4","0.398","0.4","0.4","0.4","0.4","0.4","0.395","0.4","0.4","0.4","0.4","0.394","0.388","0.4","0.375","0.383","0.391","0.383",,"0.389","0.393","0.395","0.389","0.4","0.375","0.375","0.389","0.385","0.378","0.379","0.388",,,,,,,,,,,,,,
TaxEffectOfUnusualItems,"0","0","0","0","0","0","0","0","0","0","0","0","0","0","0","0","0","0","0","0","0","0","0","0","0","0","0","0","0","0","0","0","0","0","0","0","0","0","0","0","0","0","0","0","0","0","0","0","0","0","0","0","0","0","144,980.38","0","0","241,522.53","0","0","0","0","0","0","0","0","0","171,708.68","0","0","0","0","0","0","0","0","0","0","0","0","0","0","0","0","0","256,394.366","0","0","0","0","640,000","0","595,419.847","600,000","640,000","676,851.852","560,000","640,000","600,000","593,406.593","756,310.68","600,000","640,000","637,037.037","320,000","600,000","640,000","640,000","560,000","513,953.488","600,000","600,000","520,000","560,000","591,549.296","542,857.143","520,000","487,500","574,468.085","860,869.565","536,170.213",,"622,222.222","667,857.143","710,526.316","777,777.778","880,000","862,500","787,500","777,777.778","884,615.385","944,444.444","910,344.828","1,279,591.837",,,,,,,,,,,,,,