name,ttm,02/28/2022,11/30/2021,08/31/2021,05/31/2021,02/28/2021,11/30/2020,08/31/2020,05/31/2020,02/29/2020,11/30/2019,08/31/2019,05/31/2019,02/28/2019,11/30/2018,08/31/2018,05/31/2018,02/28/2018,11/30/2017,08/31/2017,05/31/2017,02/28/2017,11/30/2016,08/31/2016,05/31/2016,02/29/2016,11/30/2015,08/31/2015,05/31/2015,02/28/2015,11/30/2014,08/31/2014,05/31/2014,02/28/2014,11/30/2013,08/31/2013,05/31/2013,02/28/2013,11/30/2012,08/31/2012,05/31/2012,02/29/2012,11/30/2011,08/31/2011,05/31/2011,02/28/2011,11/30/2010,08/31/2010,05/31/2010,02/28/2010,11/30/2009,08/31/2009,05/31/2009,02/28/2009,11/30/2008,08/31/2008,05/31/2008,02/29/2008,11/30/2007,08/31/2007,05/31/2007,02/28/2007,11/30/2006,08/31/2006,05/31/2006,02/28/2006,11/30/2005,08/31/2005,05/31/2005,02/28/2005,11/30/2004,08/31/2004,05/31/2004,02/29/2004,11/30/2003,08/31/2003,05/31/2003,02/28/2003,11/30/2002,08/31/2002,05/31/2002,02/28/2002,11/30/2001,08/31/2001,05/31/2001,02/28/2001,11/30/2000,08/31/2000,05/31/2000,02/29/2000,11/30/1999,08/31/1999,05/31/1999,02/28/1999,11/30/1998,08/31/1998,05/31/1998,02/28/1998,11/30/1997,08/31/1997,05/31/1997,02/28/1997,11/30/1996
TotalRevenue,"49,831,000","14,796,000","12,417,000","9,841,000","12,777,000","13,147,000","10,701,000","9,540,081","12,298,036","10,349,863","9,401,103","8,025,895","9,936,921","8,471,720","7,535,903","6,687,959","8,553,068","7,356,715","7,068,782","6,265,869","6,748,518","5,705,590","5,417,934","3,957,540","6,012,193","5,163,726","4,838,620","3,711,784","5,942,082","4,574,191","4,086,192","1,997,821","3,740,567","3,081,492","2,641,000","1,567,776","3,094,779","3,118,121","2,290,094","1,639,926","2,771,500","2,789,226","2,247,956","2,120,183","3,438,902","3,349,387","2,811,286","2,206,122","3,118,936","2,949,719","2,437,052","1,839,735","2,713,524","2,456,762","2,133,250","1,836,133","2,968,353","2,179,675","1,983,809","2,236,298","2,631,225","2,533,836","1,456,451","1,766,314","1,788,284","1,481,791","818,815","1,229,953","1,424,438","1,031,776","1,066,474","1,465,971","1,233,220","1,368,750","1,138,733","2,026,583","1,260,592","1,120,029","1,077,515","1,209,965","1,119,967","1,106,622","1,007,288","819,668","974,166","1,062,426","1,058,323","981,166","742,520","1,091,949","813,916","966,805","900,000","800,000","900,000","845,159","700,000","500,000","500,000","693,101","600,000","600,000","600,000"
	OperatingRevenue,"49,831,000","14,796,000","12,417,000","9,841,000","12,777,000","13,147,000","10,701,000","9,540,081","12,298,036","10,349,863","9,401,103","8,025,895","9,936,921","8,471,720","7,535,903","6,687,959","8,553,068","7,356,715","7,068,782","6,265,869","6,748,518","5,705,590","5,417,934","3,957,540","6,012,193","5,163,726","4,838,620","3,711,784","5,942,082","4,574,191","4,086,192","1,997,821","3,740,567","3,081,492","2,641,000","1,567,776","3,094,779","3,118,121","2,290,094","1,639,926","2,771,500","2,789,226","2,247,956","2,120,183","3,438,902","3,349,387","2,811,286","2,206,122","3,118,936","2,949,719","2,437,052","1,839,735","2,713,524","2,456,762","2,133,250","1,836,133","2,968,353","2,179,675","1,983,809","2,236,298","2,631,225","2,533,836","1,456,451","1,766,314","1,788,284","1,481,791","818,815","1,229,953","1,424,438","1,031,776","1,066,474","1,465,971","1,233,220","1,368,750","1,138,733","2,026,583","1,260,592","1,120,029","1,077,515","1,209,965","1,119,967","1,106,622","1,007,288","819,668","974,166","1,062,426","1,058,323","981,166","742,520","1,091,949","813,916","966,805","900,000","800,000","900,000","845,159","700,000","500,000","500,000","693,101","600,000","600,000","600,000"
CostOfRevenue,"10,842,000","2,830,000","2,756,000","2,785,000","2,471,000","2,911,000","2,433,000","2,674,528","2,665,405","2,666,388","2,642,908","2,290,814","2,324,188","2,207,831","2,200,371","2,120,166","2,022,972","2,115,482","1,735,608","1,973,101","1,444,764","1,553,952","1,335,983","1,059,610","1,194,815","1,263,741","1,083,347","1,077,074","1,115,402","1,125,660","997,734","460,850","227,600","492,199","448,420","308,947","451,935","498,778","386,870","323,478","437,734","396,566","352,370","572,689","816,398","748,821","740,983","538,943","699,402","700,475","606,889","699,136","543,087","552,956","526,413","534,846","623,756","455,513","485,940","532,963","550,786","557,102","441,440","452,359","433,496","387,067","331,597","386,995","428,266","370,796","322,128","362,855","382,731","459,790","351,746","418,952","414,299","371,795","332,798","377,626","373,064","333,098","372,545","302,955","384,515","464,864","410,496","391,015","260,423","320,833","189,968","648,510","300,000","400,000","300,000","955,905","400,000","200,000","200,000","552,343","300,000","300,000",
GrossProfit,"38,989,000","11,966,000","9,661,000","7,056,000","10,306,000","10,236,000","8,268,000","6,865,553","9,632,630","7,683,475","6,758,195","5,735,081","7,612,733","6,263,889","5,335,532","4,567,793","6,530,096","5,241,233","5,333,174","4,292,768","5,303,754","4,151,638","4,081,951","2,897,930","4,817,378","3,899,985","3,755,273","2,634,710","4,826,680","3,448,531","3,088,458","1,536,971","3,512,967","2,589,293","2,192,580","1,258,829","2,642,844","2,619,343","1,903,224","1,316,448","2,333,766","2,392,660","1,895,586","1,547,494","2,622,504","2,600,566","2,070,303","1,667,179","2,419,534","2,249,244","1,830,163","1,140,599","2,170,437","1,903,806","1,606,837","1,301,287","2,344,597","1,724,162","1,497,869","1,703,335","2,080,439","1,976,734","1,015,011","1,313,955","1,354,788","1,094,724","487,218","842,958","996,172","660,980","744,346","1,103,116","850,489","908,960","786,987","1,607,631","846,293","748,234","744,717","832,339","746,903","773,524","634,743","516,713","589,651","597,562","647,827","590,151","482,097","771,116","623,948","318,295","600,000","400,000","600,000","-110,746","300,000","300,000","300,000","140,758","300,000","300,000",
OperatingExpense,"25,002,000","6,486,000","5,870,000","6,882,000","5,764,000","6,750,000","5,217,000","4,661,480","5,775,851","4,857,630","4,039,713","3,785,293","3,730,700","3,533,725","3,248,787","2,668,601","3,112,524","2,824,051","2,769,331","2,846,631","2,208,670","2,356,672","2,153,855","1,897,651","2,029,134","2,184,233","2,027,740","1,856,425","1,972,895","1,973,450","2,339,081","1,262,681","1,438,997","1,457,554","1,233,207","1,027,956","1,110,013","1,102,505","1,111,395","1,034,325","1,119,294","1,220,906","952,048","1,433,372","1,301,597","1,234,969","1,270,414","1,337,102","1,351,875","1,340,917","1,265,598","1,084,440","1,323,316","1,397,007","1,205,088","1,284,913","1,164,223","1,084,387","341,627","1,067,661","1,112,101","1,152,546","940,404","969,868","914,254","807,450","725,978","757,213","778,509","666,669","745,637","646,345","739,977","887,736","749,216","777,338","613,984","680,531","612,479","682,151","635,266","550,782","619,196","701,469","636,767","625,735","657,484","673,309","649,318","718,624","662,725","527,342","800,000","600,000","700,000","573,728","700,000","900,000","800,000","710,045","600,000","400,000",
	SellingGeneralAndAdministration,"21,272,000","5,584,000","4,988,000","5,606,000","5,094,000","5,458,000","4,408,000","3,713,541","5,023,132","4,110,018","3,513,361","3,182,239","3,087,445","2,809,691","2,719,151","2,231,448","2,604,168","2,339,721","2,408,514","2,431,621","1,954,871","1,948,136","1,863,555","1,613,706","1,680,707","1,722,844","1,676,433","1,509,582","1,624,610","1,612,742","2,079,169","1,060,715","1,204,312","1,103,547","1,071,091","859,863","903,589","854,983","931,060","831,448","891,131","956,325","700,113","1,199,040","1,063,414","980,327","1,062,375","1,114,972","1,117,557","1,088,819","1,004,273","966,417","989,165","1,036,724","903,690","994,508","941,982","832,493","930,291","879,523","885,352","936,114","756,777","860,258","795,547","687,737","628,756","611,578","644,502","535,442","631,945","546,683","622,005","733,747","605,823","662,690","540,183","598,946","502,881","570,460","540,337","469,248","525,207","617,141","549,606","532,288","500,576","530,440","490,809","596,408","525,292","608,828","600,000","600,000","600,000","683,282","700,000","700,000","600,000","877,022","500,000","400,000",
	ResearchAndDevelopment,"3,730,000","902,000","882,000","1,276,000","670,000","1,292,000","809,000","947,939","752,719","747,612","526,352","603,054","643,255","724,034","529,636","437,153","508,356","484,330","360,817","415,010","253,799","408,536","290,300","283,945","348,427","461,389","351,307","346,843","348,285","360,708","259,912","201,966","234,685","354,007","162,116","168,093","206,424","247,522","180,335","202,877","228,163","264,581","251,935","234,332","238,183","254,642","208,039","222,130","234,318","252,098","261,325","118,023","334,151","360,283","301,398","290,405","222,241","251,894","225,951","188,138","226,749","216,432","183,627","109,610","118,707","119,713","97,222","145,635","134,007","131,227","113,692","99,662","117,972","153,989","143,393","114,648","73,801","81,585","109,598","111,691","94,929","81,534","93,989","84,328","87,161","93,447","89,154","65,671","69,706","74,686","89,812","118,514","100,000",,,"90,446",,"100,000","100,000","33,023",,,
	DepreciationAmortizationDepletionIncomeStatement,,,,,,,,,,,,,,,,,,,,,,,,,,,,,,,,,,,,,,,,,,,,,,,,,,,,,,,,,,,,,,,,,,,,,,,,,,,,,,,,,,,,,"15,302","-36,782","67,754","77,198","88,803","47,530","47,621",,"100,000",,"100,000",,,"100,000","100,000",,"100,000",,
		DepreciationAndAmortizationInIncomeStatement,,,,,,,,,,,,,,,,,,,,,,,,,,,,,,,,,,,,,,,,,,,,,,,,,,,,,,,,,,,,,,,,,,,,,,,,,,,,,,,,,,,,,"15,302","-36,782","67,754","77,198","88,803","47,530","47,621",,"100,000",,"100,000",,,"100,000","100,000",,"100,000",,
			DepreciationIncomeStatement,,,,,,,,,,,,,,,,,,,,,,,,,,,,,,,,,,,,,,,,,,,,,,,,,,,,,,,,,,,,,,,,,,,,,,,,,,,,,,,,,,,,,,,,,,,,,"100,000",,"100,000",,,"100,000","100,000",,"100,000",,
	OtherOperatingExpenses,,,,,,,,,,,,,,,,,,,,,,,,,,,,,,,,,,,,,,,,,,,,,,,,,,,,,,,,,,,"-814,615",,,,,,,,,,,,,,,,,,,,,,,,,,"-15,302","36,782",,,,,,,,,,,,,,,,,
OperatingIncome,"13,987,000","5,480,000","3,791,000","174,000","4,542,000","3,486,000","3,051,000","2,204,073","3,856,779","2,825,845","2,718,482","1,949,788","3,882,033","2,730,164","2,086,745","1,899,192","3,417,572","2,417,182","2,563,843","1,446,137","3,095,084","1,794,966","1,928,096","1,000,279","2,788,244","1,715,752","1,727,533","778,285","2,853,785","1,475,081","749,377","274,290","2,073,970","1,131,739","959,373","230,873","1,532,831","1,516,838","791,829","282,123","1,214,472","1,171,754","943,538","114,122","1,320,907","1,365,597","799,889","330,077","1,067,659","908,327","564,565","56,159","847,121","506,799","401,749","16,374","1,180,374","639,775","1,156,242","635,674","968,338","824,188","74,607","344,087","440,534","287,274","-238,760","85,745","217,663","-5,689","-1,291","456,771","110,512","21,224","37,771","830,293","232,309","67,703","132,238","150,188","111,637","222,742","15,547","-184,756","-47,116","-28,173","-9,657","-83,158","-167,221","52,492","-38,777","-209,047","-200,000","-200,000","-100,000","-684,474","-400,000","-600,000","-500,000","-569,287","-300,000","-100,000","600,000"
NetNonOperatingInterestIncomeExpense,"221,000","75,000","64,000","45,000","37,000","36,000","61,000","1,654","4,465","12,073","11,274","13,226","-21,652","-32,615","-34,516","-29,379","-30,363","-32,009","-34,160","-35,879","4,663","4,429","4,456","4,507","4,553","4,486","4,467","4,541","4,391","4,412","4,592","6,437","8,017","7,957","9,026","9,487","9,203","17,074","13,728","19,737","22,572","25,083","21,870","23,955","22,948","20,317","24,523","27,324","27,433","23,559","22,184","20,776","20,105","19,606",,,,,,,,,,,,,,,,,,,,,,,,,,,,,,,,,,,,,,,,,,,,,,,,,
	InterestIncomeNonOperating,"221,000","75,000","64,000","45,000","37,000","58,000","61,000","1,654","4,465","12,073","11,274","13,226","11,050","5,573","3,672","8,809","7,825","6,179","4,310","2,309","4,663","4,429","4,456","4,507","4,553","4,486","4,467","4,541","4,391","4,412","4,592","6,437","8,017","7,957","9,026","9,487","9,203","17,074","13,728","19,737","22,572","25,083","21,873","23,955","22,948","20,317","24,641","28,066","27,433","23,560","22,486","20,776","20,105","19,606",,,,,,,,,,,,,,,,,,,,,,,,,,,,,,,,,,,,,,,,,,,,,,,,,
	InterestExpenseNonOperating,"0","0",,"0","0","22,000",,,"0","0","0","0","32,702","38,188","38,188","38,188","38,188","38,188","38,470",,,,,,,,,,,,,,"0",,,"0","0","0","0","0","0","0","3","0","0","0","118","742","0","1","302","0","0",,,,,,,,,,,,,,,,,,,,,,,,,,,,,,,,,,,,,,,,,,,,,,,,,,
OtherIncomeExpense,"-153,000","-22,000","1,000","-44,000","-88,000","-99,000","-116,000","-167,880","-81,602","-1,825","3,711","23,770","-7,941","-1,916","-30,611","-29,114","9,441","-584","-12,678","-7,259","-14,913","-14,441","34,928","22,062","7,733","-28,330","-14,895","-103,427","-35,632","-34,684","-7,790","7,011","7,340","4,428","23,709","2,767","3,714","38,378","90,058","37,582","54,813","40,069","98,386","34,412","34,432","8,581","231","1","16,924","41,962","74,487","49,951","20,747","32,340","17,919","95,927","-46,817","14,925","18,660","-2,259","-773","7,157","3,330","17,681","14,747","7,079","-5,252","2,897","-1,268",,"7,311",,,"0","0","1","-2,312",,,,"0",,,,,,,"775","2,436","-605",,"-50,000","100,000",,"100,000","-124,933","100,000",,"100,000","-62,841","-100,000",,
	GainOnSaleOfSecurity,"332,000","100,000","121,000","78,000","33,000","23,000","5,000","-46,380","-602","-1,825","3,711","23,770","-7,941","-1,916","-30,611","-29,114","9,441","-584","-12,678","-7,259","-14,913","-14,441","34,928","22,062","7,733","-28,330","-14,895","-103,427","-35,632","-34,684","-7,790","7,011","7,340","4,428","23,709","2,767","-980","22,988","74,654","9,100","29,802","40,502","98,386","33,412","34,663",,,,,,,,,,,,,,,,,,,,,,,,,,,,,,,,,,,,,,,,,,,,,,,,,,,,,,,,,,
	SpecialIncomeCharges,"-485,000","-122,000","-120,000","-122,000","-121,000","-122,000","-121,000","-121,500","-81,000",,,,,"0","0",,,"0",,,,,,,,,,,,,,,,,,"0","0","0","15,404","28,482","25,011","-433",,"1,000","-231","8,581","231","1","16,924","41,962","74,487","49,951","20,747","32,340","17,919","95,927","-46,817","14,925","18,660","-2,259","-773","7,157","3,330","17,681","14,747","7,079","-5,252","2,897","-1,268",,"7,311",,,,,"1","-2,312",,,,,,,,,,,"775","2,436","-605",,"-50,000","100,000",,"100,000","-124,933","100,000",,"100,000","-62,841","-100,000",,
		RestructuringAndMergernAcquisition,"486,000","122,000","121,000","122,000","121,000","122,000","121,000","121,500","81,000",,,,,,,,,,,,,,,,,,,,,,,,,,,,,,,,,,,,,,,,,,,,,,,,,,,,,,,,,,,,,,,,,,,,,,,,,,,,,,,,,,,,,,,,,,,,,,
		OtherSpecialCharges,,,,,,,,,,,,,,,,,,,,,,,,,,,,,,,,,,,,,,,,,,,,,"231","-8,341",,,"-15,955","-41,962","-73,463",,,,,,,,,,,,,,,,,,,,,,,,,,,,,,,,,,,,,,,,,,,,,,,,,,,,
		GainOnSaleOfPPE,,,"1,000",,,,,,,,,,,"0","0",,,"0",,,,,,,,,,,,,,,,,,"0","0","0",,,,,,"0","0","240",,,"969","0","1,024",,,,,,,,,,,,,,,,,,,,,,,,,,,,,,,,,,,,,,,,,,,,,,,,,,,,
	OtherNonOperatingIncomeExpenses,,"53,000",,,,,,,"-81,000",,,,,,,,,,,,,,,,,,,,,,,,,,,"0","4,694","15,390",,,,,,,,,,,,,,,,,,,,,,,,,,,,,,,,,,,,,,,,,,,,,,,,,,,,,,,,,,,,,,,,,
PretaxIncome,"14,055,000","5,533,000","3,856,000","175,000","4,491,000","3,423,000","2,996,000","2,037,847","3,779,642","2,836,093","2,733,467","1,986,784","3,852,440","2,695,633","2,021,618","1,840,699","3,396,650","2,384,589","2,517,005","1,402,999","3,084,834","1,784,954","1,967,480","1,026,848","2,800,530","1,691,908","1,717,105","679,399","2,822,544","1,444,809","746,179","287,738","2,089,327","1,144,124","992,108","243,127","1,545,748","1,572,290","895,615","339,442","1,291,857","1,259,562","1,063,794","172,489","1,378,287","1,394,495","824,643","357,402","1,112,016","973,848","661,236","126,886","887,973","558,745","453,055","150,984","1,187,982","701,776","405,434","671,469","1,002,938","856,226","93,865","369,644","459,688","299,974","-240,531","93,525","-223,250","8,836","22,507","467,733","132,574","40,430","57,892","830,770","226,988","66,635","130,713","149,041","109,037","217,931","10,506","-143,379","-67,890","3,047",,,,,,,,,,,,,,,,,
TaxProvision,"2,528,000","1,124,000","830,000","-130,000","704,000","212,000","517,000","-150,287","844,073","686,013","675,190","-72,443","963,734","596,184","485,671","502,715","990,613","-1,090,198","800,999","252,756","1,004,805","589,194","605,915","237,873","891,191","546,559","610,632","187,996","970,122","474,576","217,275","64,815","781,778","334,260","306,953","-1,680","552,518","510,715","308,629","-9,511","422,524","420,985","308,695","-13,036","324,144","487,015","257,150","12,108","371,903","332,985","231,433","-36,270","318,840","190,673","141,333","-13,854","435,321","136,967","162,174","728,734","220,646","188,370","20,650","129,839","73,550","51,511","-42,000","35,800","50,000",,,,,"7,803","11,173",,,,,,,,,,,,,,,,,,,,,,,,,,,,
NetIncomeCommonStockholders,"11,527,000","4,409,000","3,026,000","305,000","3,787,000","3,211,000","2,479,000","2,188,135","2,935,569","2,150,080","2,058,277","2,059,227","2,888,706","2,099,449","1,535,947","1,337,984","2,406,927","3,474,787","1,716,006","1,150,243","2,080,029","1,195,760","1,361,565","788,975","1,909,339","1,145,349","1,106,473","491,403","1,852,422","970,233","528,904","222,923","1,307,549","809,864","685,155","244,807","993,230","1,061,575","586,986","348,953","869,333","838,577","971,021","185,525","1,054,143","907,480","567,493","345,294","740,113","640,863","429,803","163,156","569,133","368,072","311,722","164,838","752,661","564,809","243,260","-57,265","782,292","667,856","73,215","239,805","386,138","248,463","-198,531","57,725","173,250","8,836","22,507","605,589","132,574","32,627","46,719","2,078,823","226,988","66,635","130,713","147,441","109,037","217,931","10,506","-144,979","-67,890","3,047","-15,778","-93,527","-168,737","47,619","-42,958","-276,665",,"-200,000","-100,000","-769,239","-300,000","-600,000","-400,000","-636,477","-400,000","-200,000","-200,000"
	NetIncome,"11,527,000","4,409,000","3,026,000","305,000","3,787,000","3,211,000","2,479,000","2,188,135","2,935,569","2,150,080","2,058,277","2,059,227","2,888,706","2,099,449","1,535,947","1,337,984","2,406,037","3,474,787","1,716,006","1,150,243","2,080,029","1,195,760","1,361,565","788,975","1,909,339","1,145,349","1,106,473","491,403","1,852,422","970,233","528,904","222,923","1,307,549","809,864","685,155","244,807","993,230","1,061,575","586,986","348,953","869,333","838,577","971,021","185,525","1,054,143","907,480","567,493","345,294","740,113","640,863","429,803","163,156","569,133","368,072","311,722","164,838","752,661","564,809","243,260","-57,265","782,292","667,856","73,215","239,805","386,138","248,463","-198,531","57,725","173,250","8,836","22,507","605,589","132,574","32,627","46,719","2,078,823","226,988","66,635","130,713","147,441","109,037","217,931","10,506","-144,979","-67,890","3,047","-15,778","-93,527","-168,737","47,619","-42,958","-276,665",,"-200,000","-100,000","-769,239","-300,000","-600,000","-400,000","-636,477","-400,000","-200,000","-200,000"
		NetIncomeIncludingNoncontrollingInterests,"11,527,000","4,409,000","3,026,000","305,000","3,787,000","3,211,000","2,479,000","2,188,135","2,935,569","2,150,080","2,058,277","2,059,227","2,888,706","2,099,449","1,535,947","1,337,984","2,406,037","3,474,787","1,716,006","1,150,243","2,080,029","1,195,760","1,361,565","788,975","1,909,339","1,145,349","1,106,473","491,403","1,852,422","970,233","528,904","222,923","1,307,549","809,864","685,155","244,807","993,230","1,061,575","586,986","348,953","869,333","838,577","971,021","185,525","1,054,143","907,480","567,493","345,294","740,113","640,863","429,803","163,156","569,133","368,072","311,722","164,838","752,661","564,809","243,260","-57,265","782,292","667,856","73,215","239,805","386,138","248,463","-198,531","57,725","173,250","8,836","22,507","605,589","132,574","32,627","46,719","2,078,823","226,988","66,635","130,713","147,441","109,037","217,931","10,506","-144,979","-67,890","3,047","-15,778","-93,527","-168,737","47,619","-42,958","-276,665",,"-200,000","-100,000","-769,239","-300,000","-600,000","-400,000","-636,477","-400,000","-200,000","-200,000"
			NetIncomeContinuousOperations,"11,527,000","4,409,000","3,026,000","305,000","3,787,000","3,211,000","2,479,000","2,188,135","2,935,569","2,150,080","2,058,277","2,059,227","2,888,706","2,099,449","1,535,947","1,337,984","2,406,037","3,474,787","1,716,006","1,150,243","2,080,029","1,195,760","1,361,565","788,975","1,909,339","1,145,349","1,106,473","491,403","1,852,422","970,233","528,904","222,923","1,307,549","809,864","685,155","244,807","993,230","1,061,575","586,986","348,953","869,333","838,577","755,099","185,525","1,054,143","907,480","567,493","345,294","740,113","640,863","429,803","163,156","569,133","368,072","311,722","164,838","752,661","564,809","243,260","-57,265","782,292","667,856","73,215","239,805","386,138","248,463","-198,531","57,725","173,250","8,836","22,507","605,589","132,574","32,627","46,719","2,078,823","226,988","66,635","130,713","147,441","109,037","217,931","10,506","-144,979","-67,890","3,047","-15,778","-93,527","-168,737","47,619","-42,958","-276,665",,"-200,000","-100,000","-769,239","-300,000","-600,000","-400,000","-636,477","-400,000","-200,000","-200,000"
			NetIncomeDiscontinuousOperations,,,,,,,,,,,,,,,,,,,,,,,,,,,,,,,,,,,,"0","0","0","0","0","0","0","215,922",,,,,,,,,,,,,,,,,,,,,,,,,,,,,,,,,,,,,,,,,,,,,,,,,,,,,,,,,,,,
	OtherunderPreferredStockDividend,,,,,,,,,,,,,,,,,"-890",,,,,,,,,,,,,,,,,,,,,,,,,,,,,,,,,,,,,,,,,,,,,,,,,,,,,,,,,,,,,,,,,,,,,,,,,,,,,,,,,,,,,,
DilutedNIAvailtoComStockholders,"11,527,000","4,409,000","3,026,000","305,000","3,787,000","3,211,000","2,479,000","2,188,135","2,935,569","2,150,080","2,058,277","2,059,227","2,888,706","2,099,449","1,535,947","1,337,984","2,406,927","3,474,787","1,716,006","1,150,243","2,080,029","1,195,760","1,361,565","788,975","1,909,339","1,145,349","1,106,473","491,403","1,852,422","970,233","528,904","222,923","1,307,549","809,864","685,155","244,807","993,230","1,061,575","586,986","348,953","869,333","838,577","971,021","185,525","1,054,143","907,480","567,493","345,294","740,113","640,863","429,803","163,156","569,133","368,072","311,722","164,838","752,661","564,809","243,260","-57,265","782,292","667,856","73,215","239,805","386,138","248,463","-198,531","57,725","173,250","8,836","22,507","605,589","132,574","32,627","46,719","2,078,823","226,988","66,635","130,713","147,441","109,037","217,931","10,506","-144,979","-67,890","3,047","-15,778","-93,527","-168,737","47,619","-42,958","-276,665",,"-200,000","-100,000","-769,239","-300,000","-600,000","-400,000","-636,477","-400,000","-200,000","-200,000"
BasicEPS,,"0.22","0.15","0.02","0.19","0.16","0.12","0.12","0.17","0.12","0.12","0.12","0.16","0.12","0.09",,"0.14","0.2","0.1",,"0.12","0.07","0.08",,"0.11","0.07","0.07",,"0.11","0.06","0.03",,"0.08","0.05","0.04",,"0.06","0.07","0.04",,"0.05","0.05","0.06",,"0.07","0.06","0.04",,"0.05","0.04","0.03",,"0.04","0.02","0.02",,"0.05","0.04","0.02",,"0.05","0.045","0.005",,"0.025","0.018","-0.013",,"0.013","0","0.003",,"0.01","0.003","0.003",,"0.018","0.005","0.01",,"0.008","0.015","0",,"-0.005","0","0",,"-0.013","0.003","-0.003",,,"-0.06","-0.02",,"-0.1","-0.17","-0.13",,"-0.17","-0.09","-0.09"
DilutedEPS,,"0.21","0.15","0.01","0.18","0.15","0.12","0.11","0.16","0.12","0.11","0.11","0.16","0.12","0.09",,"0.13","0.19","0.1",,"0.12","0.07","0.08",,"0.11","0.07","0.06",,"0.11","0.06","0.03",,"0.08","0.05","0.04",,"0.06","0.06","0.04",,"0.05","0.05","0.06",,"0.07","0.06","0.03",,"0.04","0.04","0.03",,"0.03","0.02","0.02",,"0.04","0.03","0.01",,"0.045","0.035","0.005",,"0.023","0.015","-0.013",,"0.01","0","0.003",,"0.008","0.003","0.003",,"0.015","0.005","0.01",,"0.008","0.015","0",,"-0.005","0","0",,"-0.013","0.003","-0.003",,,"-0.06","-0.02",,"-0.1","-0.17","-0.13",,"-0.17","-0.09","-0.09"
BasicAverageShares,,"20,177,000","20,150,000","20,137,000","20,105,000","20,006,000","19,930,000","18,289,256","17,735,354","17,638,406","17,608,991","17,549,636","17,519,849","17,476,603","17,421,838",,"17,339,937","17,302,763","17,282,132",,"17,241,891","17,233,017","17,226,192",,"17,028,634","17,005,649","16,966,089",,"16,862,128","16,848,983","16,830,319",,"16,193,976","16,107,327","16,049,707",,"16,024,467","16,004,397","15,927,806",,"15,918,905","15,635,898","15,572,943",,"15,447,273","15,472,504","15,691,345",,"16,023,000","15,826,030","15,648,630",,"16,051,133","16,268,583","16,348,818",,"16,228,900","16,130,622","15,911,312",,"15,436,360","15,039,924","14,889,102",,"14,783,084","14,683,512","14,597,336",,"14,511,244","14,434,400","14,284,764",,"14,145,624","13,879,976","13,668,808",,"13,645,560","13,635,324","13,633,324",,"13,633,324","13,633,324","13,577,196",,"13,569,736","13,543,324","13,539,872",,"13,542,516","13,536,812","13,518,156",,"3,750,000","3,333,333","13,400,000",,"3,333,333","3,529,412","13,400,000",,"2,352,941","2,222,222","2,222,222"
DilutedAverageShares,,"20,745,000","20,746,000","20,753,000","20,802,000","20,842,000","20,799,000","19,151,857","18,426,872","18,315,824","18,306,998","18,265,585","18,096,195","18,002,741","17,997,735",,"17,904,428","17,855,351","17,859,683",,"17,585,528","17,438,508","17,409,134",,"17,227,540","17,268,144","17,255,068",,"17,073,155","17,105,412","17,097,858",,"16,455,078","16,356,544","16,366,720",,"16,335,608","16,336,353","16,365,552",,"16,340,765","15,995,226","16,129,535",,"16,039,951","16,217,573","16,525,142",,"16,830,281","16,558,423","16,775,287",,"16,925,581","17,108,322","17,516,583",,"17,868,750","18,279,889","18,429,743",,"18,361,258","18,029,650","17,097,120",,"16,452,132","16,360,900","14,597,336",,"15,832,252","16,459,488","16,574,748",,"16,184,892","16,837,836","16,512,368",,"14,867,624","15,126,360","13,723,072",,"13,633,324","14,286,256","13,577,196",,"13,569,736","13,744,644","13,539,872",,"13,542,516","13,536,812","13,518,156",,"3,750,000","3,333,333","13,400,000",,"3,333,333","3,529,412","13,400,000",,"2,352,941","2,222,222","2,222,222"
TotalOperatingIncomeAsReported,"13,987,000","5,480,000","3,791,000","174,000","4,542,000","3,486,000","3,051,000","2,204,074","3,856,779","2,825,845","2,718,482","1,949,788","3,882,033","2,730,164","2,086,745","1,899,192","3,417,572","2,417,182","2,563,843","1,446,137","3,095,084","1,794,966","1,928,096","1,000,279","2,788,244","1,715,752","1,727,533","778,285","2,853,785","1,475,081","749,377","274,290","2,073,970","1,131,739","959,373","230,873","1,532,831","1,516,838","791,829","282,123","1,214,472","1,171,754","943,538","114,122","1,320,907","1,365,597","799,889","330,077","1,067,659","908,327","564,565","56,159","847,121","506,799","401,749","16,374","1,180,374","639,775","1,156,242","635,674","968,338","824,188","74,607","344,087","440,534","287,274","-238,760","85,745","217,663","-5,689","-1,291","456,771","110,512","21,224","37,771","830,293","232,309","67,703","132,238","150,188","111,637","222,742","15,547","-138,482","-62,418","8,609","-9,657","-83,158","-167,221","52,492","-38,777",,,,,,,,,,,,
TotalExpenses,"35,844,000","9,316,000","8,626,000","9,667,000","8,235,000","9,661,000","7,650,000","7,336,008","8,441,256","7,524,018","6,682,621","6,076,107","6,054,888","5,741,556","5,449,158","4,788,767","5,135,496","4,939,533","4,504,939","4,819,732","3,653,434","3,910,624","3,489,838","2,957,261","3,223,949","3,447,974","3,111,087","2,933,499","3,088,297","3,099,110","3,336,815","1,723,531","1,666,597","1,949,753","1,681,627","1,336,903","1,561,948","1,601,283","1,498,265","1,357,803","1,557,028","1,617,472","1,304,418","2,006,061","2,117,995","1,983,790","2,011,397","1,876,045","2,051,277","2,041,392","1,872,487","1,783,576","1,866,403","1,949,963","1,731,501","1,819,759","1,787,979","1,539,900","827,567","1,600,624","1,662,887","1,709,648","1,381,844","1,422,227","1,347,750","1,194,517","1,057,575","1,144,208","1,206,775","1,037,465","1,067,765","1,009,200","1,122,708","1,347,526","1,100,962","1,196,290","1,028,283","1,052,326","945,277","1,059,777","1,008,330","883,880","991,741","1,004,424","1,021,282","1,090,599","1,067,980","1,064,324","909,741","1,039,457","852,693","1,175,852","1,100,000","1,000,000","1,000,000","1,529,633","1,100,000","1,100,000","1,000,000","1,262,388","900,000","700,000",
NetIncomeFromContinuingAndDiscontinuedOperation,"11,527,000","4,409,000","3,026,000","305,000","3,787,000","3,211,000","2,479,000","2,188,135","2,935,569","2,150,080","2,058,277","2,059,227","2,888,706","2,099,449","1,535,947","1,337,984","2,406,037","3,474,787","1,716,006","1,150,243","2,080,029","1,195,760","1,361,565","788,975","1,909,339","1,145,349","1,106,473","491,403","1,852,422","970,233","528,904","222,923","1,307,549","809,864","685,155","244,807","993,230","1,061,575","586,986","348,953","869,333","838,577","971,021","185,525","1,054,143","907,480","567,493","345,294","740,113","640,863","429,803","163,156","569,133","368,072","311,722","164,838","752,661","564,809","243,260","-57,265","782,292","667,856","73,215","239,805","386,138","248,463","-198,531","57,725","173,250","8,836","22,507","605,589","132,574","32,627","46,719","2,078,823","226,988","66,635","130,713","147,441","109,037","217,931","10,506","-144,979","-67,890","3,047","-15,778","-93,527","-168,737","47,619","-42,958","-276,665",,"-200,000","-100,000","-769,239","-300,000","-600,000","-400,000","-636,477","-400,000","-200,000","-200,000"
NormalizedIncome,"11,652,480.683","4,426,534","3,025,215","337,120","3,861,184","3,303,862","2,574,932","2,310,687.4","2,998,973.754","2,151,463.35","2,055,482.617","2,041,874.9","2,894,661.75","2,100,941.564","1,559,211.36","1,359,146.649","2,399,343.331","3,475,213.32","1,724,652.396","1,156,194.262","2,090,084.836","1,205,421.029","1,337,394.824","772,023.741","1,904,065.094","1,164,528.41","1,116,065.38","566,210.791","1,875,796.592","993,505.964","534,427.11","217,491.277","1,302,954.16","806,728.976","668,781.44","243,008.45","993,859.705","1,046,054.017","527,961.994","324,524.7","832,447.532","811,900.313","685,262.951","163,157.2","1,027,808.679","901,895.838","567,334.033","345,293.034","728,849.068","613,248.944","381,386.495","130,687.85","555,835.521","346,768.098","299,392.931","102,485.45","782,322.502","552,796.942","232,064","-55,796.65","782,894.94","662,273.542","70,617.589","228,334.525","373,750.517","242,599.593","-194,196.071","55,936.929","174,010.8","8,836","18,120.4","605,589","132,574","32,627","46,719","2,078,822.4","228,375.2","66,635","130,713","147,441","109,037","217,931","10,506","-144,979","-67,890","3,047","-15,778","-93,992","-170,198.6","47,982","-42,958","-246,665",,"-200,000","-160,000","-694,279.2","-360,000","-600,000","-460,000","-598,772.4","-340,000","-200,000","-200,000"
InterestIncome,"221,000","75,000","64,000","45,000","37,000","58,000","61,000","1,654","4,465","12,073","11,274","13,226","11,050","5,573","3,672","8,809","7,825","6,179","4,310","2,309","4,663","4,429","4,456","4,507","4,553","4,486","4,467","4,541","4,391","4,412","4,592","6,437","8,017","7,957","9,026","9,487","9,203","17,074","13,728","19,737","22,572","25,083","21,873","23,955","22,948","20,317","24,641","28,066","27,433","23,560","22,486","20,776","20,105","19,606",,,,,,,"35,377",,,,,,,,,,,,,"19,271","20,487","161",,,,,"1",,,,,,,,,,,,,,,,,,,,,,
InterestExpense,"0","0",,"0","0","22,000",,,"0","0","0","0","32,702","38,188","38,188","38,188","38,188","38,188","38,470",,,,,,,,,,,,,,"0",,,"0","0","0","0","0","0","0","3","0","0","0","118","742","0","1","302","0","0",,,,,,,,"4",,,,,,,,,,,,,"65","366","-315",,,,,"2,601",,,,,,,,,,,,,,,,,,,,,,
NetInterestIncome,"221,000","75,000","64,000","45,000","37,000","36,000","61,000","1,654","4,465","12,073","11,274","13,226","-21,652","-32,615","-34,516","-29,379","-30,363","-32,009","-34,160","-35,879","4,663","4,429","4,456","4,507","4,553","4,486","4,467","4,541","4,391","4,412","4,592","6,437","8,017","7,957","9,026","9,487","9,203","17,074","13,728","19,737","22,572","25,083","21,870","23,955","22,948","20,317","24,523","27,324","27,433","23,559","22,184","20,776","20,105","19,606",,,,,,,"35,373",,,,,,,,,,,,,"19,206","20,121","476",,,,,"-2,600",,,,,,,,,,,,,,,,,,,,,,
EBIT,"14,055,000","5,533,000","3,791,000","175,000","4,491,000","3,445,000","3,051,000","2,255,976","3,779,642","2,836,093","2,733,467","1,986,784","3,885,142","2,733,821","2,059,806","1,878,887","3,434,838","2,422,777","2,555,475","1,460,308","3,095,084","1,794,966","1,928,096","1,000,279","2,788,244","1,715,752","1,727,533","778,285","2,853,785","1,475,081","749,377","213,813","2,089,327","1,131,739","959,373","243,127","1,545,748","1,572,290","895,615","339,442","1,291,857","1,259,562","1,063,797","172,489","1,378,287","1,394,495","824,761","358,144","1,112,016","973,849","661,538","126,886","887,973","506,799","401,749","16,374","1,180,374","639,775","1,156,242","635,674","968,338","824,188","74,607","344,087","440,534","287,274","-238,760","85,745","217,663","-5,689","-1,291","456,771","110,512","21,224","37,771","830,293","232,309","67,703","132,238","150,188","111,637","222,742","15,547","-184,756","-47,116","-28,173","-9,657","-83,158","-167,221","52,492","-38,777","-209,047","-200,000","-200,000","-100,000","-684,474","-400,000","-600,000","-500,000","-569,287","-300,000","-100,000","600,000"
EBITDA,"17,709,000"
ReconciledCostOfRevenue,"10,842,000","2,830,000","2,756,000","2,785,000","2,471,000","2,911,000","2,433,000","2,674,528","2,665,405","2,666,388","2,642,908","2,290,814","2,324,188","2,207,831","2,200,371","2,120,166","2,022,972","2,115,482","1,735,608","1,973,101","1,444,764","1,553,952","1,335,983","1,059,610","1,194,815","1,263,741","1,083,347","1,077,074","1,115,402","1,125,660","997,734","460,850","227,600","492,199","448,420","308,947","451,935","498,778","386,870","323,478","437,734","396,566","352,370","572,689","816,398","748,821","740,983","538,943","699,402","700,475","606,889","699,136","543,087","552,956","526,413","534,846","623,756","455,513","485,940","532,963","550,786","557,102","441,440","452,359","433,496","387,067","331,597","386,995","428,266","370,796","322,128","362,855","382,731","459,790","351,746","418,952","414,299","371,795","332,798","377,626","373,064","333,098","372,545","302,955","332,241","234,029","410,496","391,015","260,423","320,833","189,968","648,510","400,000","400,000","500,000","955,905","400,000","300,000","400,000","552,343","500,000","300,000",
ReconciledDepreciation,"3,654,000","995,000","845,000","928,000","886,000","911,000","865,000","828,254","788,363","674,601","670,712","679,662","677,820","697,974","694,789","705,479","687,655","689,666","638,504","588,037","514,092","517,261","515,688","482,045","479,242","484,793","486,236","506,028","503,573","521,791","458,201","386,844","239,317","205,668","205,607","197,818","185,380","189,112","194,650","207,175","183,674","315,558","9,037","712,870","-334,560","173,199","195,794","174,757","171,031","176,393","160,762","147,673","139,975","131,659","141,700","148,623","117,971","140,768","136,053","126,760","122,098","136,330","127,260","108,498","103,893","93,215","57,569","53,275","54,287","56,763","42,565","55,577","39,711","68,078","60,612","48,074","53,069","48,970","45,482","47,486","45,700","52,770","45,874","-35,532","67,576","194,053","67,754","77,198","88,803","47,530","47,621","703,764","0","-100,000","-100,000","832,093","-100,000","0","-100,000","339,864","-100,000",,
NetIncomeFromContinuingOperationNetMinorityInterest,"11,527,000","4,409,000","3,026,000","305,000","3,787,000","3,211,000","2,479,000","2,188,135","2,935,569","2,150,080","2,058,277","2,059,227","2,888,706","2,099,449","1,535,947","1,337,984","2,406,037","3,474,787","1,716,006","1,150,243","2,080,029","1,195,760","1,361,565","788,975","1,909,339","1,145,349","1,106,473","491,403","1,852,422","970,233","528,904","222,923","1,307,549","809,864","685,155","244,807","993,230","1,061,575","586,986","348,953","869,333","838,577","755,099","185,525","1,054,143","907,480","567,493","345,294","740,113","640,863","429,803","163,156","569,133","368,072","311,722","164,838","752,661","564,809","243,260","-57,265","782,292","667,856","73,215","239,805","386,138","248,463","-198,531","57,725","173,250","8,836","22,507","605,589","132,574","32,627","46,719","2,078,823","226,988","66,635","130,713","147,441","109,037","217,931","10,506","-144,979","-67,890","3,047","-15,778","-93,527","-168,737","47,619","-42,958","-276,665",,"-200,000","-100,000","-769,239","-300,000","-600,000","-400,000","-636,477","-400,000","-200,000","-200,000"
TotalUnusualItemsExcludingGoodwill,"-153,000","-22,000","1,000","-44,000","-88,000","-99,000","-116,000","-167,880","-81,602","-1,825","3,711","23,770","-7,941","-1,916","-30,611","-29,114","9,441","-584","-12,678","-7,259","-14,913","-14,441","34,928","22,062","7,733","-28,330","-14,895","-103,427","-35,632","-34,684","-7,790","7,011","7,340","4,428","23,709","2,767","-980","22,988","90,058","37,582","54,813","40,069","98,386","34,412","34,432","8,581","231","1","16,924","41,962","74,487","49,951","20,747","32,340","17,919","95,927","-46,817","14,925","18,660","-2,259","-773","7,157","3,330","17,681","14,747","7,079","-5,252","2,897","-1,268",,"7,311",,,,,"1","-2,312",,,,,,,,,,,"775","2,436","-605",,"-50,000",,,"100,000","-124,933","100,000",,"100,000","-62,841","-100,000",,
TotalUnusualItems,"-153,000","-22,000","1,000","-44,000","-88,000","-99,000","-116,000","-167,880","-81,602","-1,825","3,711","23,770","-7,941","-1,916","-30,611","-29,114","9,441","-584","-12,678","-7,259","-14,913","-14,441","34,928","22,062","7,733","-28,330","-14,895","-103,427","-35,632","-34,684","-7,790","7,011","7,340","4,428","23,709","2,767","-980","22,988","90,058","37,582","54,813","40,069","98,386","34,412","34,432","8,581","231","1","16,924","41,962","74,487","49,951","20,747","32,340","17,919","95,927","-46,817","14,925","18,660","-2,259","-773","7,157","3,330","17,681","14,747","7,079","-5,252","2,897","-1,268",,"7,311",,,,,"1","-2,312",,,,,,,,,,,"775","2,436","-605",,"-50,000",,,"100,000","-124,933","100,000",,"100,000","-62,841","-100,000",,
NormalizedEBITDA,"17,862,000","6,550,000","4,635,000","1,147,000","5,465,000","4,455,000","4,032,000","3,252,110","4,649,607","3,512,519","3,400,468","2,642,676","4,570,903","3,433,711","2,785,206","2,613,480","4,113,052","3,113,027","3,206,657","2,055,604","3,624,089","2,326,668","2,408,856","1,460,262","3,259,753","2,228,875","2,228,664","1,387,740","3,392,990","2,031,556","1,215,368","593,646","2,321,304","1,332,979","1,141,271","438,178","1,732,108","1,738,414","1,000,207","509,035","1,420,718","1,535,051","974,448","850,947","1,343,855","1,559,113","1,020,324","532,900","1,266,123","1,108,280","747,813","224,608","1,007,201","606,118","525,530","69,070","1,345,162","765,618","1,273,635","764,693","1,091,209","953,361","198,537","434,904","529,680","373,410","-175,939","136,123","273,218","51,074","33,963","512,348","150,223","89,302","98,383","878,366","287,690","116,673","177,720","197,674","157,337","275,512","61,421","-184,756","20,460","165,880","58,097","-6,735","-80,854","100,627","8,844","544,717","-100,000","-200,000","-100,000","272,552","-500,000","-500,000","-500,000","-166,582","-100,000","-100,000","600,000"
TaxRateForCalcs,"0.18","0.203","0.215","0.27","0.157","0.062","0.173","0.27","0.223","0.242","0.247","0.27","0.25","0.221","0.24","0.273","0.291","0.27","0.318","0.18","0.326","0.331","0.308","0.232","0.318","0.323","0.356","0.277","0.344","0.329","0.291","0.225","0.374","0.292","0.309","0.35","0.357","0.325","0.345","0.35","0.327","0.334","0.29","0.35","0.235","0.349","0.312","0.034","0.334","0.342","0.35","0.35","0.359","0.341","0.312","0.35","0.366","0.195","0.4","0.35","0.22","0.22","0.22","0.351","0.16","0.172","0.175","0.383","0.4","0.4","0.4","0.4","0.4","0.193","0.193","0.4","0.4","0.4","0.4","0.4","0.4","0.4","0.4","0","0","0.4","0.4","0.4","0.4","0.4","0.4","0.4",,"0.4","0.4","0.4","0.4","0.4","0.4","0.4","0.4","0.4","0.4"
TaxEffectOfUnusualItems,"-27,519.317","-4,466","215","-11,880","-13,816","-6,138","-20,068","-45,327.6","-18,197.246","-441.65","916.617","6,417.9","-1,985.25","-423.436","-7,346.64","-7,951.351","2,747.331","-157.68","-4,031.604","-1,307.738","-4,857.164","-4,779.971","10,757.824","5,110.741","2,459.094","-9,150.59","-5,302.62","-28,619.209","-12,257.408","-11,411.036","-2,266.89","1,579.277","2,745.16","1,292.976","7,335.44","968.45","-350.295","7,467.017","31,033.994","13,153.7","17,927.532","13,392.313","28,549.951","12,044.2","8,097.679","2,996.838","72.033","0.034","5,660.068","14,347.944","26,070.495","17,482.85","7,449.521","11,036.098","5,589.931","33,574.45","-17,155.498","2,912.942","7,464","-790.65","-170.06","1,574.542","732.589","6,210.525","2,359.517","1,215.593","-917.071","1,108.929","-507.2","0","2,924.4","0","0","0","0","0.4","-924.8","0","0","0","0","0","0","0","0","0","0","310","974.4","-242","0","-20,000",,"0","40,000","-49,973.2","40,000","0","40,000","-25,136.4","-40,000","0","0"