name,ttm,03/31/2022,12/31/2021,09/30/2021,06/30/2021,03/31/2021,12/31/2020,09/30/2020,06/30/2020,03/31/2020,12/31/2019,09/30/2019,06/30/2019,03/31/2019,12/31/2018,09/30/2018,06/30/2018,03/31/2018,12/31/2017,09/30/2017,06/30/2017,03/31/2017,12/31/2016,09/30/2016,06/30/2016,03/31/2016,12/31/2015,09/30/2015,06/30/2015,03/31/2015,12/31/2014,09/30/2014,06/30/2014,03/31/2014,12/31/2013,09/30/2013,06/30/2013,03/31/2013,12/31/2012,09/30/2012,06/30/2012,03/31/2012,12/31/2011,09/30/2011,06/30/2011,03/31/2011,12/31/2010,09/30/2010,06/30/2010,03/31/2010,12/31/2009,09/30/2009,06/30/2009,03/31/2009,12/31/2008,09/30/2008,06/30/2008,03/31/2008,12/31/2007,09/30/2007,06/30/2007,03/31/2007,12/31/2006,09/30/2006,06/30/2006,03/31/2006,12/31/2005,09/30/2005,06/30/2005,03/31/2005,12/31/2004,09/30/2004,06/30/2004,03/31/2004,12/31/2003,09/30/2003,06/30/2003,03/31/2003,12/31/2002,09/30/2002,06/30/2002,03/31/2002,12/31/2001,09/30/2001,06/30/2001,03/31/2001,12/31/2000,09/30/2000,06/30/2000,03/31/2000,12/31/1999,09/30/1999,06/30/1999,03/31/1999,12/31/1998,09/30/1998,06/30/1998,03/31/1998,12/31/1997,09/30/1997,06/30/1997,03/31/1997,12/31/1996,09/30/1996,06/30/1996,03/31/1996,12/31/1995,09/30/1995,06/30/1995,03/31/1995,12/31/1994,09/30/1994,06/30/1994,03/31/1994,12/31/1993,09/30/1993,06/30/1993,03/31/1993,12/31/1992,09/30/1992,06/30/1992,03/31/1992,12/31/1991,09/30/1991,06/30/1991,03/31/1991,12/31/1990,09/30/1990,06/30/1990,03/31/1990
TotalRevenue,"3,033,471,000","858,721,000","852,368,000","759,813,000","563,849,000","443,846,000","320,292,000","281,015,000","169,541,000","355,734,000","451,147,000","390,317,000","406,910,000","340,869,000","392,931,000","458,583,000","404,415,000","384,226,000","340,001,000","297,274,000","287,854,000","335,275,000","346,239,000","330,272,000","291,768,000","212,097,000","299,200,000","368,736,000","444,262,000","401,736,000","595,175,000","618,786,000","674,980,000","632,720,000","608,243,000","619,812,000","554,269,000","484,180,000","469,798,000","378,450,000","304,235,000","374,309,000","610,656,000","346,689,000","354,184,000","291,789,000","294,118,000","226,884,000","211,697,000","360,135,000","241,996,000","185,787,000","205,198,000","199,220,000","258,169,000","324,088,000","356,942,000","330,035,000","275,247,000","246,687,000","247,154,000","221,006,000","202,692,000","198,040,000","182,074,000","193,588,000","227,894,000","203,304,000","166,686,000","143,818,000","125,960,000","108,923,000","102,523,000","97,414,000","98,027,000","90,999,000","103,786,000","101,204,000","55,258,000","48,335,000","50,028,000","42,773,000","40,669,000","42,727,000","55,776,000","68,347,000","60,753,000","53,836,000","44,048,000","37,029,000","24,100,000","19,900,000","15,900,000","14,100,000","22,500,000","16,700,000","20,300,000","19,100,000","21,800,000","18,500,000","19,900,000","30,900,000","19,400,000","15,100,000","13,600,000","11,400,000","11,300,000","8,400,000","9,000,000","10,000,000","9,700,000","14,100,000","11,800,000","9,200,000","10,500,000","9,700,000","9,700,000","8,600,000","12,300,000","12,800,000","12,800,000","12,700,000","7,100,000","6,900,000","6,900,000","6,900,000","6,900,000","6,900,000","6,900,000","6,900,000"
	OperatingRevenue,"3,033,471,000","858,721,000","852,368,000","759,813,000","562,569,000","423,165,000","320,153,000","282,012,000","169,790,000","354,233,000","449,001,000","389,419,000","406,854,000","340,476,000","392,531,000","458,382,000","402,558,000","382,886,000","341,187,000","294,459,000","284,939,000","333,198,000","346,296,000","329,165,000","291,142,000","211,823,000","308,204,000","366,615,000","441,256,000","393,315,000","611,464,000","617,207,000","654,661,000","623,109,000","653,707,000","601,787,000","534,520,000","469,575,000","468,220,000","378,450,000","304,235,000","374,309,000","410,687,000","346,689,000","354,184,000","291,789,000","268,330,000","213,853,000","195,347,000","236,562,000","206,502,000","168,733,000","160,675,000","144,199,000","295,708,000","324,088,000","356,942,000","330,035,000","275,247,000","246,687,000","247,154,000","221,006,000","202,692,000","198,040,000","182,074,000","193,588,000","227,894,000","203,304,000","166,686,000","143,818,000","125,960,000","108,923,000","102,523,000","97,414,000","98,027,000","90,999,000","103,786,000","101,204,000","55,258,000","48,335,000","50,028,000","42,773,000","39,706,000","42,727,000","55,776,000","68,347,000","60,753,000","53,836,000","44,048,000","37,029,000","24,100,000","19,900,000","15,900,000","14,100,000","22,500,000","16,700,000","20,300,000","19,100,000","21,800,000","18,500,000","19,900,000","30,900,000","19,400,000","15,100,000","13,600,000","11,400,000","11,300,000","8,400,000","9,000,000","10,000,000","9,700,000","14,100,000","11,800,000","9,200,000","10,500,000","9,700,000","9,700,000","8,600,000","12,300,000","12,800,000","12,800,000","12,700,000","7,100,000","6,900,000","6,900,000","6,900,000","6,900,000","6,900,000","6,900,000","6,900,000"
CostOfRevenue,"1,316,084,000","304,172,000","343,296,000","338,446,000","330,170,000","267,890,000","284,897,000","276,965,000","261,301,000","353,041,000","355,909,000","340,167,000","329,380,000","299,051,000","303,420,000","328,743,000","269,165,000","251,352,000","254,226,000","257,250,000","277,608,000","275,858,000","323,459,000","346,490,000","359,611,000","358,750,000","423,176,000","428,447,000","393,389,000","413,552,000","439,918,000","361,649,000","365,379,000","340,924,000","423,041,000","354,713,000","375,468,000","324,342,000","845,839,000","114,666,000","108,245,000","98,582,000","153,244,000","98,490,000","70,494,000","65,812,000","92,164,000","73,740,000","75,473,000","84,284,000","82,521,000","78,727,000","82,564,000","82,810,000","94,514,000","106,353,000","91,026,000","92,229,000","81,061,000","77,965,000","79,312,000","81,041,000","50,136,000","58,739,000","61,845,000","52,001,000","68,469,000","56,018,000","39,887,000","42,367,000","34,728,000","33,034,000","32,349,000","29,247,000","26,190,000","33,797,000","32,993,000","29,558,000","10,324,000","20,156,000","18,490,000","21,643,000","19,411,000","19,103,000","16,266,000","21,056,000","15,284,000","12,183,000","9,799,000","10,828,000","12,800,000","6,700,000","5,200,000","5,700,000","6,700,000","7,400,000","7,200,000","7,200,000","6,100,000","6,900,000","5,600,000","5,500,000","6,400,000","5,400,000","5,100,000","5,800,000","6,600,000","4,500,000","5,300,000","4,300,000","5,700,000","5,800,000","4,100,000","4,300,000","8,200,000","3,300,000","3,500,000","3,300,000",,,,,,,,,,,,
GrossProfit,"1,717,387,000","554,549,000","509,072,000","421,367,000","233,679,000","175,956,000","35,395,000","4,050,000","-91,760,000","2,693,000","95,238,000","50,150,000","77,530,000","41,818,000","89,511,000","129,840,000","135,250,000","132,874,000","85,775,000","40,024,000","10,246,000","59,417,000","22,780,000","-16,218,000","-67,843,000","-146,653,000","-123,976,000","-59,711,000","50,873,000","-11,816,000","155,257,000","257,137,000","309,601,000","291,796,000","185,202,000","265,099,000","178,801,000","159,838,000","-376,041,000","263,784,000","195,990,000","275,727,000","457,412,000","248,199,000","283,690,000","225,977,000","201,954,000","153,144,000","136,224,000","275,851,000","159,475,000","107,060,000","122,634,000","116,410,000","163,655,000","217,735,000","265,916,000","237,806,000","194,186,000","168,722,000","167,842,000","139,965,000","152,556,000","139,301,000","120,229,000","141,587,000","159,425,000","147,286,000","126,799,000","101,451,000","91,232,000","75,889,000","70,174,000","68,167,000","71,837,000","57,202,000","70,793,000","71,646,000","44,934,000","28,179,000","31,538,000","21,130,000","21,258,000","23,624,000","39,510,000","47,291,000","45,469,000","41,653,000","34,249,000","26,201,000","11,300,000","13,200,000","10,700,000","8,400,000","15,800,000","9,300,000","13,100,000","11,900,000","15,700,000","11,600,000","14,300,000","25,400,000","13,000,000","9,700,000","8,500,000","5,600,000","4,700,000","3,900,000","3,700,000","5,700,000","4,000,000","8,300,000","7,700,000","4,900,000","2,300,000","6,400,000","6,200,000","5,300,000",,,,,,,,,,,,
OperatingExpense,"192,866,000","33,292,000","48,435,000","77,214,000","35,205,000","33,438,000","45,999,000","34,561,000","45,060,000","39,362,000","74,328,000","45,225,000","40,863,000","43,769,000","48,869,000","52,189,000","42,919,000","46,021,000","59,271,000","43,122,000","41,977,000","46,061,000","60,051,000","40,244,000","49,363,000","53,183,000","61,256,000","60,263,000","73,974,000","93,831,000","72,521,000","75,297,000","61,252,000","62,699,000","13,211,000","71,224,000","85,907,000","61,547,000","-492,932,000","250,020,000","214,745,000","216,319,000","124,283,000","164,126,000","152,295,000","143,929,000","135,660,000","120,373,000","97,060,000","67,196,000","101,884,000","99,637,000","108,102,000","92,308,000","16,065,000","71,614,000","196,043,000","79,458,000","136,751,000","72,434,000","68,394,000","68,969,000","85,967,000","45,900,000","39,823,000","58,426,000","82,931,000","101,886,000","50,051,000","40,795,000","50,916,000","38,642,000","33,589,000","32,288,000","35,268,000","30,591,000","28,784,000","25,227,000","27,840,000","18,097,000","16,537,000","16,996,000","19,566,000","18,097,000","16,538,000","15,570,000","23,342,000","11,970,000","10,652,000","11,621,000","18,400,000","8,600,000","7,800,000","7,600,000","19,500,000","16,100,000","9,400,000","9,100,000","13,100,000","5,500,000","5,500,000","7,000,000","6,400,000","4,700,000","4,500,000","5,100,000","4,000,000","3,700,000","3,400,000","4,300,000","7,300,000","4,300,000","4,000,000","4,100,000","2,900,000","3,300,000","3,700,000","4,000,000",,,,,,,,,,,,
	SellingGeneralAndAdministration,"112,227,000","24,996,000","37,062,000","25,530,000","24,639,000","24,714,000","20,034,000","24,452,000","27,227,000","27,447,000","37,213,000","32,578,000","30,920,000","32,086,000","30,438,000","29,464,000","28,920,000","27,682,000","35,021,000","27,880,000","28,460,000","29,224,000","33,311,000","32,679,000","28,200,000","32,238,000","33,642,000","37,782,000","42,605,000","43,639,000","52,241,000","41,696,000","38,115,000","35,051,000","47,977,000","33,920,000","35,374,000","32,280,000","28,372,000","32,171,000","31,130,000","28,142,000","35,568,000","29,787,000","27,310,000","25,861,000","31,560,000","26,219,000","25,398,000","23,486,000","20,687,000","20,790,000","18,160,000","16,399,000","-4,238,000","30,795,000","52,733,000","21,128,000","22,201,000","13,110,000","13,697,000","11,141,000","7,933,000","9,725,000","10,429,000","24,035,000","9,517,000","9,772,000","12,708,000","10,207,000","-6,693,000","17,172,000","9,735,000","10,997,000","9,668,000","9,119,000","6,018,000","6,146,000","11,737,000","4,388,000","3,015,000","3,141,000","3,533,000","4,039,000","3,536,000","4,021,000","10,018,000","2,343,000","2,331,000","2,764,000","11,800,000","3,300,000","2,500,000","2,200,000","12,100,000","10,500,000","2,900,000","3,700,000","6,800,000","1,500,000","1,500,000","3,000,000","2,800,000","1,400,000","1,600,000","2,200,000","1,000,000","1,500,000","1,000,000","1,700,000","4,900,000","1,600,000","1,300,000","1,800,000","1,100,000","900,000","1,300,000","2,200,000",,,,,,,,,,,,
		GeneralAndAdministrativeExpense,"112,227,000","24,996,000","37,062,000","25,530,000","24,639,000","24,714,000","20,034,000","24,452,000","27,227,000","27,447,000","37,213,000","32,578,000","30,920,000","32,086,000","30,438,000","29,464,000","28,920,000","27,682,000","35,021,000","27,880,000","28,460,000","29,224,000","33,311,000","32,679,000","28,200,000","32,238,000","33,642,000","37,782,000","42,605,000","43,639,000","52,241,000","41,696,000","38,115,000","35,051,000","47,977,000","33,920,000","35,374,000","32,280,000","28,372,000",,,,,,,,,,,,,,,,,,,,,,,,,,,,,,,,,,,,,,,,,,,,,,,,,,,,,,,,,,,,,,,,,,,,,,,,,,,,,,,,,,,,,,,,,,,
			OtherGandA,"112,227,000","24,996,000","37,062,000","25,530,000","24,639,000","24,714,000","20,034,000","24,452,000","27,227,000","27,447,000","37,213,000","32,578,000","30,920,000","32,086,000","30,438,000","29,464,000","28,920,000","27,682,000","35,021,000","27,880,000","28,460,000","29,224,000","33,311,000","32,679,000","28,200,000","32,238,000","33,642,000","37,782,000","42,605,000","43,639,000","52,241,000","41,696,000","38,115,000","35,051,000","47,977,000","33,920,000","35,374,000","32,280,000","28,372,000",,,,,,,,,,,,,,,,,,,,,,,,,,,,,,,,,,,,,,,,,,,,,,,,,,,,,,,,,,,,,,,,,,,,,,,,,,,,,,,,,,,,,,,,,,,
	DepreciationAmortizationDepletionIncomeStatement,,,,,,,,,,,,,,,,,,,,,,,,,,,,,,,,,,,,,,,,"192,432,000","161,608,000","169,570,000","167,298,000","123,067,000","115,382,000","105,356,000","94,806,000","83,800,000","79,770,000","77,765,000","75,140,000","66,958,000","70,391,000","91,712,000","95,260,000","72,362,000","76,354,000","70,354,000","64,919,000","59,061,000","54,657,000","48,959,000","44,404,000","39,817,000","35,910,000","34,391,000","31,825,000","36,952,000","33,907,000","30,074,000","29,454,000","21,470,000","20,673,000","20,626,000","20,709,000","20,765,000","21,601,000","18,885,000","15,263,000","12,836,000","13,279,000","13,054,000","13,470,000","13,704,000","12,884,000","11,288,000","13,324,000","9,627,000","8,321,000","8,857,000","6,600,000","5,300,000","5,300,000","5,400,000","7,400,000","5,600,000","6,500,000","5,400,000","6,300,000","4,000,000","4,000,000","4,000,000","3,600,000","3,300,000","2,900,000","2,900,000","3,000,000","2,200,000","2,400,000","2,600,000","2,400,000","2,700,000","2,700,000","2,300,000","1,800,000","2,400,000","2,400,000","1,800,000",,,,,,,,,,,,
		DepreciationAndAmortizationInIncomeStatement,,,,,,,,,,,,,,,,,,,,,,,,,,,,,,,,,,,,,,,,,,,,,,,,,,,,,,,,"72,362,000","76,354,000","70,354,000","64,919,000","59,061,000","54,657,000","48,959,000","44,404,000","39,817,000","35,910,000","34,391,000","31,825,000","36,952,000","33,907,000","30,074,000","29,454,000","21,470,000","20,673,000","20,626,000","20,709,000","20,765,000","21,601,000","18,885,000","15,263,000","12,836,000","13,279,000","13,054,000","13,470,000","13,704,000","12,884,000","11,288,000","13,324,000","9,627,000","8,321,000","8,857,000","6,600,000","5,300,000","5,300,000","5,400,000","7,400,000","5,600,000","6,500,000","5,400,000","6,300,000","4,000,000","4,000,000","4,000,000","3,600,000","3,300,000","2,900,000","2,900,000","3,000,000","2,200,000","2,400,000","2,600,000","2,400,000","2,700,000","2,700,000","2,300,000","1,800,000","2,400,000","2,400,000","1,800,000",,,,,,,,,,,,
	ProvisionForDoubtfulAccounts,,,,,,,,,,,,,,,,,,,,,,,,,,,,,,,,,,,,,,,,,,,,,,,,,,,"-5,189,000","0","0",,,,,,,,,,,,,,,,,,,,,,,,,,,,,,,,,,,,,,,,,,,,,,,,,,,,,,,,,,,,,,,,,,,,,,,,,,,,,
	OtherOperatingExpenses,"80,639,000","8,296,000","11,373,000","51,684,000","10,566,000","8,724,000","25,965,000","10,109,000","17,833,000","11,915,000","37,115,000","12,647,000","9,943,000","11,683,000","18,431,000","22,725,000","13,999,000","18,339,000","24,250,000","15,242,000","13,517,000","16,837,000","26,740,000","7,565,000","21,163,000","20,945,000","27,614,000","22,481,000","31,369,000","50,192,000","20,280,000","33,601,000","23,137,000","27,648,000","-34,766,000","37,304,000","50,533,000","29,267,000","2,306,000","25,417,000","22,007,000","18,607,000","-78,583,000","11,272,000","9,603,000","12,712,000","9,294,000","10,354,000","-8,108,000","-34,055,000","11,246,000","11,889,000","19,551,000","-15,803,000","-91,692,000","-31,543,000","66,956,000","-12,024,000","49,631,000","263,000","40,000","8,869,000","33,630,000","-3,642,000","-6,516,000",,"41,589,000","55,162,000","3,436,000","514,000","28,155,000",,"3,181,000","665,000","4,891,000","707,000","1,165,000","196,000","840,000","873,000","243,000","801,000","2,563,000","354,000","118,000","261,000",,,,,,,,,,,,,,,,,,,,,,,,,,,,,,,,,,,,,,,,,,,,
OperatingIncome,"1,524,521,000","521,257,000","460,637,000","344,153,000","198,474,000","142,518,000","-10,604,000","-30,511,000","-136,820,000","-36,669,000","20,910,000","4,925,000","36,667,000","-1,951,000","40,642,000","77,651,000","92,331,000","86,853,000","26,504,000","-3,098,000","-31,731,000","13,356,000","-37,271,000","-56,462,000","-117,206,000","-199,836,000","-185,232,000","-119,974,000","-23,101,000","-105,647,000","82,736,000","181,840,000","248,349,000","229,097,000","171,991,000","193,875,000","92,894,000","98,291,000","116,891,000","13,764,000","-18,755,000","59,408,000","333,129,000","84,073,000","131,395,000","82,048,000","66,294,000","32,771,000","39,164,000","208,655,000","57,591,000","7,423,000","14,532,000","24,102,000","147,590,000","146,121,000","69,873,000","158,348,000","57,435,000","96,288,000","99,448,000","70,996,000","66,589,000","93,401,000","80,406,000","83,161,000","76,494,000","45,400,000","76,748,000","60,656,000","40,316,000","37,247,000","36,585,000","35,879,000","36,569,000","26,611,000","42,009,000","46,419,000","17,094,000","10,082,000","15,001,000","4,134,000","1,692,000","5,527,000","22,972,000","31,721,000","22,127,000","29,683,000","23,597,000","14,580,000","-7,100,000","4,600,000","2,900,000","800,000","-3,700,000","-6,800,000","3,700,000","2,800,000","2,600,000","6,100,000","8,800,000","18,400,000","6,600,000","5,000,000","4,000,000","500,000","700,000","200,000","300,000","1,400,000","-3,300,000","4,000,000","3,700,000","800,000","-600,000","3,100,000","2,500,000","1,300,000","-12,700,000","12,800,000","12,800,000","12,700,000","-14,300,000","6,900,000","6,900,000","6,900,000","-12,700,000","6,900,000","6,900,000","6,900,000"
NetNonOperatingInterestIncomeExpense,"-159,869,000","-39,387,000","-40,085,000","-40,861,000","-39,536,000","-39,871,000","-40,507,000","-41,519,000","-40,354,000","-41,512,000","-40,911,000","-40,584,000","-39,627,000","-37,980,000","-38,056,000","-38,111,000","-41,654,000","-43,085,000","-43,618,000","-44,091,000","-44,595,000","-46,953,000","-46,356,000","-47,206,000","-34,030,000","-31,082,000","-31,566,000","-33,157,000","-30,779,000","-32,647,000","-27,703,000","-22,621,000","-24,040,000","-24,164,000","-24,538,000","-24,460,000","-21,557,000","-19,089,000","-18,349,000","-18,236,000","-12,707,000","-14,208,000","-12,129,000","-9,345,000","-14,323,000","-9,586,000","-4,674,000","-6,254,000","-6,289,000","-6,658,000","-7,522,000","-7,475,000","-7,558,000","-6,074,000",,,,,,,,,,,,,,,,,,,,,,,,,,,,,,,,,,,,,,,,,,,,,,,,,,,,,,,,,,,,,,,,,,,,,,,,,,,,
	InterestIncomeNonOperating,,,,,,,,,,,,,,,,,,,,,,,,,"5,000","6,000",,,,,,,,"26,000","3,000","28,000","24,000","12,000","19,000","126,000","5,000","70,000","84,000","27,000","227,000","128,000","53,000","85,000","54,000","129,000","10,000","90,000","105,000","22,000",,,,,,,,,,,,,,,,,,,,,,,,,,,,,,,,,,,,,,,,,,,,,,,,,,,,,,,,,,,,,,,,,,,,,,,,,,,,
	InterestExpenseNonOperating,"159,869,000","39,387,000","40,085,000","40,861,000","39,536,000","39,871,000","40,507,000","41,519,000","40,354,000","41,512,000","40,911,000","40,584,000","39,627,000","37,980,000","38,056,000","38,111,000","41,654,000","43,085,000","43,618,000","44,091,000","44,595,000","46,953,000","46,356,000","47,206,000","34,035,000","31,088,000","31,566,000","33,157,000","30,779,000","32,647,000","27,703,000","22,621,000","24,040,000","24,190,000","24,541,000","24,488,000","21,581,000","19,101,000","18,368,000","18,362,000","12,712,000","14,278,000","12,213,000","9,372,000","14,550,000","9,714,000","4,727,000","6,339,000","6,343,000","6,787,000","7,532,000","7,565,000","7,663,000","6,096,000",,,,,,,,,,,,,,,,,,,,,,,,,,,,,,,,,,,,,,,,,,,,,,,,,,,,,,,,,,,,,,,,,,,,,,,,,,,,
OtherIncomeExpense,"-1,005,697,000","-420,245,000","14,381,000","-217,738,000","-382,095,000","-353,810,000","-147,493,000","-49,231,000","51,237,000","-432,722,000","-109,760,000","94,004,000","66,938,000","-183,675,000","389,174,000","-212,211,000","-34,381,000","372,624,000","-126,289,000","-81,193,000","-114,642,000","152,537,000","-246,986,000","39,029,000","-113,343,000","-311,167,000","-320,315,000","152,105,000","-44,331,000","51,783,000","475,681,000","174,467,000","-128,480,000","-100,463,000","-131,702,000","-56,391,000","51,390,000","-52,093,000","-202,688,000","-56,600,000","71,146,000","-3,183,000","-513,268,000","288,715,000","80,312,000","-102,020,000","-3,115,000","-1,719,000","-2,375,000","-904,000","-47,557,000","-6,966,000","-20,393,000","-159,567,000","-265,023,000","27,953,000","-90,200,000","10,008,000","-51,371,000","-2,137,000","-2,970,000","-11,837,000","-28,262,000","-8,716,000","-24,126,000","-4,950,000","-32,577,000","-56,796,000","-31,424,000","-6,512,000","-22,892,000","-1,488,000","-3,181,000",,"3,715,000","-4,600,000","-866,000",,"-9,728,000","4,651,000","3,410,000","-704,000","-2,262,000","-71,000",,,"5,869,000","-3,160,000","-651,000","-3,495,000","0",,"-400,000","100,000","-7,900,000","-9,200,000","-200,000","200,000","-400,000","400,000","100,000","300,000","1,200,000","100,000",,"200,000","-600,000","100,000","100,000","100,000","300,000","-300,000","-100,000",,"-700,000","-700,000","-600,000",,,,,,,,,,,,,
	GainOnSaleOfSecurity,"-975,491,000","-418,521,000","22,524,000","-209,146,000","-370,348,000","-344,689,000","-152,693,000","-63,871,000","-167,200,000","545,340,000","-101,002,000","100,889,000","79,655,000","-177,081,000","411,136,000","-178,026,000","-63,749,000","-7,529,000","-115,778,000","-80,599,000","55,189,000","114,774,000","-129,547,000","28,037,000","-163,351,000","14,228,000","123,340,000","212,253,000","-80,929,000","154,167,000","616,734,000","190,661,000","-126,469,000","-97,662,000","-11,605,000","-40,422,000","84,001,000","-30,572,000","57,158,000","501,000","185,000","3,114,000",,"183,885,000","23,689,000","23,540,000",,,,,,,,,,,,,,,,,,,,,,,,,,,,,,,,,,,,,,,,,,,,,,,,,,,,,,,,,,,,,,,,,,,,,,,,,,,,,,,,,,,,
	SpecialIncomeCharges,"-29,389,000","-1,000,000","-8,750,000","-8,745,000","-10,894,000","-8,750,000","6,785,000","16,320,000","218,622,000","-977,568,000","-8,211,000","-6,337,000","-12,155,000","-6,277,000","-22,031,000","-34,991,000","27,566,000","379,744,000","-11,578,000","-1,895,000","-171,096,000","37,428,000","-117,569,000","10,771,000","50,008,000","-325,395,000","-443,681,000","-60,175,000","36,573,000","-102,955,000","-140,985,000","-15,522,000","-164,000","-2,801,000","-120,097,000","-15,969,000","-32,611,000","-21,521,000","-259,846,000","-57,101,000","70,961,000","-6,297,000","-282,154,000","104,830,000","56,623,000","-125,560,000","-3,115,000","-1,719,000","-2,375,000","-904,000","-47,557,000","-6,966,000","-20,393,000","-159,567,000","-265,023,000","27,953,000","-90,200,000","10,008,000","-51,371,000","-2,137,000","-2,970,000","-11,837,000","-28,262,000","-8,716,000","-24,126,000","-4,950,000","-32,577,000","-56,796,000","-31,424,000","-6,512,000","-22,892,000","-1,488,000","-3,181,000",,"3,715,000","-4,600,000","-866,000",,"-9,728,000","4,651,000","3,410,000","-704,000","-2,262,000","-71,000",,,"5,869,000","-3,160,000","-651,000","-3,495,000","0",,"-400,000","100,000","-7,900,000","-9,200,000","-200,000","200,000","-400,000","400,000","100,000","300,000","1,200,000","100,000",,"200,000","-600,000","100,000","100,000","100,000","300,000","-300,000","-100,000",,"-700,000","-700,000","-600,000",,,,,,,,,,,,,
		ImpairmentOfCapitalAssets,"27,250,000","1,000,000","8,750,000","8,750,000","8,750,000","8,750,000","8,750,000","8,750,000","8,750,000","989,763,000","8,750,000","6,337,000","12,417,000","6,338,000","23,274,000","9,055,000","11,935,000","5,625,000","12,115,000","0","3,963,000","0","151,230,000","11,617,000","38,000","272,096,000","448,215,000","62,590,000","18,733,000","67,153,000","141,631,000","15,522,000","164,000","2,801,000","148,581,000","9,753,000","38,891,000","21,521,000","175,446,000","447,000","49,230,000","142,000","173,563,000","48,525,000","1,237,000","3,079,000","3,115,000","1,719,000","2,375,000","904,000","47,557,000","6,966,000","20,393,000","159,567,000",,,,,,,,,,,,,,,,,,,,,,,,,,,,,,,,,,,,,,,,,,,,,,,,,,,,,,,,,,,,,,,,,,,,,,,,,,,,
		OtherSpecialCharges,,,"0","-5,000","2,144,000",,"-15,535,000","-25,070,000","-227,281,000","-12,195,000",,,,,"18,000","26,722,000",,,"0",,,"35,000","0",,,"-15,722,000","0",,"16,578,000",,,,,,,,,,,"56,654,000","-120,191,000","6,155,000",,"-153,355,000","-57,860,000","122,481,000",,,,,,,,,,,,,,,,,,,,,,,,,,,,,,,,,,,,,,,,,,,,,,,,,,,,,,,,,,,,,,,,,,,,,,,,,,,,,,,,,,,,
		GainOnSaleOfBusiness,,,,,,,"0","0","91,000",,"539,000","0","262,000","61,000","1,261,000","786,000","39,501,000","385,369,000","537,000","-1,895,000","-167,133,000","37,463,000","33,661,000","22,388,000","50,046,000","-69,021,000","4,534,000","2,415,000","71,884,000","-35,802,000",,,,,"28,484,000","-6,216,000","6,280,000",,"4,228,000",,,,,,,,,,,,,,,,,,,,,,,,,,,,,,,,,,,,,,,,,,,,,,,,,,,,,,,,,,,,,,,,,,,,,,,,,,,,,,,,,,,,,,,,,,,
	OtherNonOperatingIncomeExpenses,"-817,000","-724,000","607,000","153,000","-853,000","-371,000","-1,585,000","-1,680,000","-185,000","-494,000","-547,000","-548,000","-562,000","-317,000","69,000","806,000","1,802,000","409,000","1,067,000","1,301,000","1,265,000","335,000","130,000","221,000",,,"26,000","27,000","25,000","571,000","-68,000","-672,000","-1,847,000",,,,,,,,,,,,,,,,,,,,,,,,,,,,,,,,,,,,,,,,,,,,,,,,,,,,,,,,,,,,,,,,,,,,,,,,,,,,,,,,,,,,,,,,,,,,,,,,,
PretaxIncome,"358,955,000","61,625,000","434,933,000","85,554,000","-223,157,000","-251,163,000","-198,604,000","-121,261,000","-125,937,000","-510,903,000","-129,761,000","58,345,000","63,978,000","-223,606,000","391,760,000","-172,671,000","16,296,000","416,392,000","-143,403,000","-128,382,000","-190,968,000","118,940,000","-330,613,000","-64,639,000","-264,579,000","-542,085,000","-537,113,000","-1,026,000","-98,211,000","-86,511,000","530,714,000","333,686,000","95,829,000","104,470,000","15,751,000","113,024,000","122,727,000","27,109,000","-104,146,000","-61,072,000","39,684,000","42,017,000","-192,268,000","363,443,000","197,384,000","-29,558,000","58,505,000","24,798,000","30,500,000","201,093,000","2,512,000","-7,018,000","-13,419,000","-141,539,000","-193,043,000","139,206,000","52,782,000","152,466,000","50,689,000","91,624,000","94,387,000","63,562,000","65,972,000","85,142,000","64,076,000","80,131,000","79,542,000","42,322,000","60,578,000","55,795,000","41,306,000","35,125,000","35,262,000","34,535,000","39,100,000","22,551,000","39,986,000","44,433,000","11,402,000","11,879,000","15,858,000","3,440,000","1,700,000","5,595,000","23,119,000","31,874,000","24,581,000","28,390,000","23,966,000","12,350,000","-7,600,000","3,900,000","2,400,000","600,000","-8,100,000","-11,700,000","3,200,000","2,500,000","2,000,000","6,300,000","8,600,000","18,000,000","6,900,000","4,700,000","3,500,000","500,000","-600,000","-100,000",,"1,400,000","-3,600,000","3,600,000","3,300,000","700,000","-1,300,000","2,400,000","2,000,000","1,400,000",,,,,,,,,,,,
TaxProvision,"22,693,000","12,861,000","10,033,000","-39,000","-162,000","106,000","-33,429,000","-22,969,000","-36,685,000","-99,008,000","-27,706,000","16,111,000","13,590,000","-46,038,000","82,028,000","-36,748,000","-901,000","98,991,000","-117,145,000","-39,270,000","-71,061,000","44,506,000","-129,667,000","-23,732,000","-95,898,000","-194,875,000","-196,855,000","-4,140,000","-40,703,000","-33,453,000","198,988,000","124,748,000","36,049,000","38,863,000","8,755,000","42,334,000","46,205,000","10,382,000","-37,008,000","-22,736,000","14,795,000","15,681,000","-71,557,000","133,346,000","72,851,000","-11,055,000","21,366,000","9,346,000","12,432,000","74,915,000","1,522,000","-2,603,000","-5,097,000","-53,916,000","-67,003,000","51,159,000","19,232,000","56,470,000","17,815,000","33,971,000","35,152,000","23,612,000","22,440,000","29,265,000","23,996,000","29,605,000","28,304,000","14,988,000","22,317,000","20,692,000","14,677,000","12,560,000","13,426,000","13,086,000","14,425,000","8,765,000","15,669,000","17,071,000","4,423,000","4,205,000","5,269,000","1,122,000","729,000","734,000","8,885,000","11,481,000","8,583,000","11,251,000","9,369,000","4,464,000","-2,900,000","1,400,000","800,000","200,000","-3,300,000","-4,000,000","1,100,000","800,000","600,000","2,200,000","3,000,000","6,400,000","2,500,000","1,600,000","1,200,000","100,000","-600,000","-200,000",,"100,000","-1,600,000","800,000","1,000,000","100,000","-800,000","700,000","800,000","400,000",,,,,,,,,,,,
NetIncomeCommonStockholders,"336,262,000","48,764,000","424,900,000","85,593,000","-222,995,000","-251,269,000","-165,175,000","-98,292,000","-89,252,000","-411,895,000","-102,055,000","42,234,000","50,388,000","-177,568,000","309,732,000","-135,923,000","17,197,000","317,401,000","-26,258,000","-89,112,000","-119,907,000","74,434,000","-200,946,000","-40,907,000","-168,681,000","-347,210,000","-340,258,000","3,114,000","-57,508,000","-53,058,000","331,726,000","208,938,000","59,780,000","65,607,000","6,996,000","70,690,000","76,522,000","16,727,000","-67,138,000","-38,336,000","24,889,000","26,336,000","-120,711,000","230,097,000","124,533,000","-18,503,000","37,139,000","15,452,000","18,068,000","126,178,000","990,000","-4,415,000","-8,322,000","-87,623,000","-126,040,000","88,047,000","33,550,000","95,996,000","32,874,000","57,653,000","59,235,000","39,950,000","43,532,000","55,877,000","40,080,000","50,526,000","51,238,000","27,334,000","38,261,000","35,103,000","26,629,000","22,565,000","21,836,000","21,449,000","24,675,000","13,786,000","24,317,000","32,797,000","6,979,000","7,674,000","10,589,000","2,318,000","971,000","4,861,000","14,234,000","20,393,000","15,998,000","17,139,000","14,597,000","7,886,000","-4,700,000","2,500,000","1,600,000","400,000","-4,800,000","-7,700,000","2,100,000","1,700,000","1,600,000","4,100,000","5,900,000","11,600,000","4,400,000","3,100,000","2,400,000","500,000","100,000","100,000","300,000","1,300,000","-2,000,000","2,800,000","2,300,000","600,000","-500,000","1,700,000","1,200,000","1,300,000","2,300,000","4,500,000","4,400,000","4,300,000","900,000","800,000","800,000","700,000","1,000,000","900,000","800,000","700,000"
	NetIncome,"336,262,000","48,764,000","424,900,000","85,593,000","-222,995,000","-251,269,000","-165,175,000","-98,292,000","-89,252,000","-411,895,000","-102,055,000","42,234,000","50,388,000","-177,568,000","309,732,000","-135,923,000","17,197,000","317,401,000","-26,258,000","-89,112,000","-119,907,000","74,434,000","-200,946,000","-40,907,000","-168,681,000","-347,210,000","-340,258,000","3,114,000","-57,508,000","-53,058,000","331,726,000","208,938,000","59,780,000","65,607,000","6,996,000","70,690,000","76,522,000","16,727,000","-67,138,000","-38,336,000","24,889,000","26,336,000","-120,711,000","230,097,000","124,533,000","-18,503,000","37,139,000","15,452,000","18,068,000","126,178,000","990,000","-4,415,000","-8,322,000","-87,623,000","-126,040,000","88,047,000","33,550,000","95,996,000","32,874,000","57,653,000","59,235,000","39,950,000","43,532,000","55,877,000","40,080,000","50,526,000","51,238,000","27,334,000","38,261,000","35,103,000","26,629,000","22,565,000","21,836,000","21,449,000","24,675,000","13,786,000","24,317,000","32,797,000","6,979,000","7,674,000","10,589,000","2,318,000","971,000","4,861,000","14,234,000","20,393,000","15,998,000","17,139,000","14,597,000","7,886,000","-4,700,000","2,500,000","1,600,000","400,000","-4,800,000","-7,700,000","2,100,000","1,700,000","1,600,000","4,100,000","5,900,000","11,600,000","4,400,000","3,100,000","2,400,000","500,000","100,000","100,000","300,000","1,300,000","-2,000,000","2,800,000","2,300,000","600,000","-500,000","1,700,000","1,200,000","1,300,000","2,300,000","4,500,000","4,400,000","4,300,000","900,000","800,000","800,000","700,000","1,000,000","900,000","800,000","700,000"
		NetIncomeIncludingNoncontrollingInterests,"336,262,000","48,764,000","424,900,000","85,593,000","-222,995,000","-251,269,000","-165,175,000","-98,292,000","-89,252,000","-411,895,000","-102,055,000","42,234,000","50,388,000","-177,568,000","309,732,000","-135,923,000","17,197,000","317,401,000","-26,258,000","-89,112,000","-119,907,000","74,434,000","-200,946,000","-40,907,000","-168,681,000","-347,210,000","-340,258,000","3,114,000","-57,508,000","-53,058,000","331,726,000","208,938,000","59,780,000","65,607,000","6,996,000","70,690,000","76,522,000","16,727,000","-67,138,000","-38,336,000","24,889,000","26,336,000","-120,711,000","230,097,000","124,533,000","-18,503,000","37,139,000","15,452,000","18,068,000","126,178,000","990,000","-4,415,000","-8,322,000","-87,623,000","-126,040,000","88,047,000","33,550,000","95,996,000","32,874,000","57,653,000","59,235,000","39,950,000","43,532,000","55,877,000","40,080,000","50,526,000","51,238,000","27,334,000","38,261,000","35,103,000","26,629,000","22,565,000","21,836,000","22,114,000","25,275,000","14,493,000","24,616,000","32,993,000","7,279,000","7,960,000","10,832,000","3,119,000","309,000","5,144,000","14,352,000","20,654,000","14,820,000","17,083,000","15,189,000","8,528,000","-3,900,000","3,000,000","1,600,000","400,000","-4,800,000","-7,700,000","2,100,000","1,700,000","1,600,000","4,100,000","5,900,000","11,600,000","4,400,000","3,100,000","2,400,000","500,000","100,000","100,000","300,000","1,300,000","-2,000,000","2,800,000","2,300,000","600,000","-500,000","1,700,000","1,200,000","1,300,000","2,300,000","4,500,000","4,400,000","4,300,000","900,000","800,000","800,000","700,000","1,000,000","900,000","800,000","700,000"
			NetIncomeContinuousOperations,"336,262,000","48,764,000","424,900,000","85,593,000","-222,995,000","-251,269,000","-165,175,000","-98,292,000","-89,252,000","-411,895,000","-102,055,000","42,234,000","50,388,000","-177,568,000","309,732,000","-135,923,000","17,197,000","317,401,000","-26,258,000","-89,112,000","-119,907,000","74,434,000","-200,946,000","-40,907,000","-168,681,000","-347,210,000","-340,258,000","3,114,000","-57,508,000","-53,058,000","331,726,000","208,938,000","59,780,000","65,607,000","6,996,000","70,690,000","76,522,000","16,727,000","-67,138,000","-38,336,000","24,889,000","26,336,000","-120,711,000","230,097,000","124,533,000","-18,503,000","37,139,000","15,452,000","18,068,000","126,178,000","990,000","-4,415,000","-8,322,000","-87,623,000","-126,040,000","88,047,000","33,550,000","95,996,000","32,874,000","57,653,000","59,235,000","39,950,000","43,532,000","55,877,000","40,080,000","50,526,000","51,238,000","27,334,000","38,261,000","35,103,000","26,629,000","22,565,000","21,836,000","21,449,000","24,675,000","13,786,000","24,317,000","27,362,000","6,979,000","7,674,000","10,589,000","2,318,000","971,000","4,861,000","14,234,000","20,393,000","15,998,000","17,139,000","14,597,000","7,886,000","-4,700,000","2,500,000","1,600,000","400,000","-4,800,000","-7,700,000","2,100,000","1,700,000","1,400,000","4,100,000","5,600,000","11,600,000","4,400,000","3,100,000","2,300,000","400,000","0","100,000","100,000","1,300,000","-2,000,000","2,800,000","2,300,000","600,000","-500,000","1,700,000","1,200,000","1,000,000","2,300,000","4,300,000","4,300,000","4,200,000","900,000","900,000","900,000","800,000","1,000,000","900,000","900,000","800,000"
			NetIncomeDiscontinuousOperations,,,,,,,,,,,,,,,,,,,,,,,,,,,,,,,,,,,,,,,,,,,,,,,,,,,,,,,,,,,,,,,,,,,,,,,,,,,,,,,,,,,,,,,,,,,,,,,,,,,"200,000",,"300,000",,"0",,"100,000","100,000","100,000",,"200,000",,,,,,,,,,"0","200,000","100,000","100,000","0","-100,000","-100,000","-100,000","0",,"-100,000","-100,000"
			NetIncomeExtraordinary,,,,,,,,,,,,,,,,,,,,,,,,,,,,,,,,,,,,,,,,,,,,,,,,,,,,,,,,,,,,,,,,,,,,,,,,,,,"0",,,"5,435,000",,,,,,,,,,,,,,,,,,,,,,,,,,,,,,,,,,,,,"0",,,"300,000",,,,,,,,,,,,
		MinorityInterests,,,,,,,,,,,,,,,,,,,,,,,,,,,,,,,,,,,,,,,,,,,,,,,,,,,,,,,,,,,,,,,,,,,,,,,,,,"-665,000","-600,000","-707,000","-299,000","-196,000","-300,000","-286,000","-243,000","-801,000",,"-283,000","-118,000","-261,000",,"56,000","-592,000","-642,000","-800,000","-500,000",,,,,,,,,,,,,,,,,,,,,,,,,,,,,,,,,,,,,,
DilutedNIAvailtoComStockholders,"336,262,000","48,764,000","424,900,000","85,593,000","-222,995,000","-251,269,000","-165,175,000","-98,292,000","-89,252,000","-411,895,000","-102,055,000","42,234,000","50,388,000","-177,568,000","309,732,000","-135,923,000","17,197,000","317,401,000","-26,258,000","-89,112,000","-119,907,000","74,434,000","-200,946,000","-40,907,000","-168,681,000","-347,210,000","-340,258,000","3,114,000","-57,508,000","-53,058,000","331,726,000","208,938,000","59,780,000","65,607,000","6,996,000","70,690,000","76,522,000","16,727,000","-67,138,000","-38,336,000","24,889,000","26,336,000","-120,711,000","230,097,000","124,533,000","-18,503,000","37,139,000","15,452,000","18,068,000","126,178,000","990,000","-4,415,000","-8,322,000","-87,623,000","-126,040,000","88,047,000","33,550,000","95,996,000","32,874,000","57,653,000","59,235,000","39,950,000","43,532,000","55,877,000","40,080,000","50,526,000","51,238,000","27,334,000","38,261,000","35,103,000","26,629,000","22,565,000","21,836,000","21,449,000","24,675,000","13,786,000","24,317,000","32,797,000","6,979,000","7,674,000","10,589,000","2,318,000","971,000","4,861,000","14,234,000","20,393,000","15,998,000","17,139,000","14,597,000","7,886,000","-4,700,000","2,500,000","1,600,000","400,000","-4,800,000","-7,700,000","2,100,000","1,700,000","1,600,000","4,100,000","5,900,000","11,600,000","4,400,000","3,100,000","2,400,000","500,000","100,000","100,000","300,000","1,300,000","-2,000,000","2,800,000","2,300,000","600,000","-500,000","1,700,000","1,200,000","1,300,000","2,300,000","4,500,000","4,400,000","4,300,000","900,000","800,000","800,000","700,000","1,000,000","900,000","800,000","700,000"
BasicEPS,,"0.4","3.5","0.7","-1.88","-2.19","-1.44","-0.86","-0.79","-3.64","-0.9","0.37","0.45","-1.58","2.76","-1.21","0.15","2.84","-0.24","-0.8","-1.08","0.67","-2.2","-0.52","-2.48","-5.1","-5.01","0.05","-0.85","-0.79",,"3.1","0.89","0.98","0.1","1.06","1.15","0.25","-1.02","-0.58","0.39","0.41",,"3.6","1.96","-0.29",,"0.25","0.29","2.01",,"-0.07","-0.13","-1.41",,"1.42","0.54","1.53",,"0.91","0.93","0.7",,"1.01","0.7","0.88",,"0.48","0.335","0.305",,"0.395","0.38","0.36",,"0.22","0.385","0.54",,"0.14","0.19","0.04",,"0.085","0.255","0.36",,"0.305","0.265","0.143",,"0.055","0.04","0.01",,"-0.18","0.05","0.04",,"0.09","0.135","0.3",,"0.09","0.075","0.015",,"0.005","0.01","0.035",,"0.08","0.065","0.02",,"0.05","0.035","0.04",,"0.155","0.155","0.155",,"0.025","0.025","0.025",,"0.03","0.025","0.025"
DilutedEPS,,"0.39","3.43","0.69","-1.88","-2.19","-1.44","-0.86","-0.79","-3.64","-0.9","0.37","0.45","-1.58","2.73","-1.21","0.15","2.81","-0.24","-0.8","-1.08","0.67","-2.2","-0.52","-2.48","-5.1","-5.01","0.05","-0.85","-0.79",,"3.05","0.88","0.96","0.1","1.04","1.13","0.25","-1.02","-0.58","0.37","0.39",,"3.41","1.86","-0.29",,"0.24","0.28","1.96",,"-0.07","-0.13","-1.41",,"1.4","0.53","1.5",,"0.89","0.91","0.63",,"0.88","0.61","0.76",,"0.42","0.295","0.27",,"0.355","0.345","0.33",,"0.205","0.355","0.485",,"0.135","0.185","0.04",,"0.085","0.25","0.355",,"0.3","0.26","0.143",,"0.055","0.04","0.01",,"-0.18","0.05","0.04",,"0.09","0.135","0.3",,"0.09","0.075","0.015",,"0.005","0.01","0.035",,"0.08","0.065","0.02",,"0.05","0.035","0.04",,"0.155","0.155","0.155",,"0.025","0.025","0.025",,"0.03","0.025","0.025"
BasicAverageShares,,"121,907,000","121,535,000","121,457,000","118,357,000","114,759,000","114,528,000","114,371,000","113,008,000","113,009,000","112,847,000","112,804,000","112,262,000","112,252,000","112,138,000","112,107,000","111,701,000","111,696,000","111,611,000","111,575,000","111,277,000","111,258,000","91,440,000","78,468,000","68,102,000","68,077,000","67,976,000","67,961,000","67,483,000","67,463,000",,"67,379,000","67,069,000","67,056,000","66,999,000","66,943,000","66,295,000","66,211,000","66,101,000","65,745,000","64,585,000","64,104,000",,"63,904,000","63,638,000","63,447,000",,"63,031,000","62,917,000","62,792,000",,"62,505,000","62,418,000","62,335,000",,"62,187,000","61,714,000","62,861,000",,"63,424,000","63,583,000","57,011,000",,"55,398,000","57,082,000","57,233,000",,"56,640,000","113,920,000","114,462,000",,"57,090,000","57,168,000","59,550,000",,"63,058,000","62,964,000","60,708,000",,"55,746,000","55,650,000","55,572,000",,"55,580,000","56,270,000","56,472,000",,"55,840,000","55,244,000","55,048,000",,"45,454,545","40,000,000","40,000,000",,"42,777,778","42,000,000","42,500,000",,"45,555,556","43,703,704","38,666,667",,"34,444,444","32,000,000","33,333,333",,"30,000,000","30,000,000","37,142,857",,"35,000,000","35,384,615","30,000,000",,"34,000,000","34,285,714","32,500,000",,"29,032,258","28,387,097","27,741,935",,"32,000,000","32,000,000","28,000,000",,"30,000,000","32,000,000","28,000,000"
DilutedAverageShares,,"124,179,000","124,019,000","123,851,000","118,357,000","114,759,000","114,528,000","114,371,000","113,008,000","113,009,000","112,847,000","113,334,000","112,932,000","112,252,000","113,286,000","112,107,000","113,630,000","112,879,000","111,611,000","111,575,000","111,277,000","111,329,000","91,440,000","78,468,000","68,102,000","68,077,000","67,976,000","68,119,000","67,483,000","67,463,000",,"68,430,000","68,239,000","68,126,000","68,354,000","68,253,000","67,893,000","67,521,000","66,101,000","65,745,000","67,556,000","67,845,000",,"67,386,000","66,909,000","63,447,000",,"64,794,000","64,566,000","64,377,000",,"62,505,000","62,418,000","62,335,000",,"63,078,000","62,749,000","64,045,000",,"64,727,000","65,120,000","64,908,000",,"64,926,000","66,950,000","67,334,000",,"66,738,000","133,538,000","134,094,000",,"66,372,000","66,124,000","68,382,000",,"71,656,000","71,596,000","69,722,000",,"56,896,000","56,856,000","56,588,000",,"56,504,000","57,434,000","57,864,000",,"57,070,000","56,340,000","55,684,000",,"45,454,545","40,000,000","40,000,000",,"42,777,778","42,000,000","42,500,000",,"45,555,556","43,703,704","38,666,667",,"34,444,444","32,000,000","33,333,333",,"30,000,000","30,000,000","37,142,857",,"35,000,000","35,384,615","30,000,000",,"34,000,000","34,285,714","32,500,000",,"29,032,258","28,387,097","27,741,935",,"32,000,000","32,000,000","28,000,000",,"30,000,000","32,000,000","28,000,000"
TotalOperatingIncomeAsReported,"521,780,000","101,736,000","474,411,000","126,257,000","-180,624,000","-210,921,000","-172,047,000","-103,132,000","-312,679,000","-481,092,000","-88,303,000","99,477,000","104,167,000","-185,309,000","429,765,000","-108,644,000","56,148,000","459,068,000","-100,852,000","-85,592,000","-147,638,000","165,593,000","-284,387,000","-17,654,000","-230,549,000","-526,725,000","-505,573,000","32,104,000","-50,879,000","-54,435,000","558,485,000","356,979,000","121,716,000","128,634,000","40,289,000","137,484,000","144,284,000","46,198,000","-85,797,000","-42,836,000","52,391,000","56,225,000","-180,139,000","372,788,000","211,707,000","-19,972,000","63,179,000","31,052,000","36,789,000","207,751,000","10,034,000","457,000","-5,861,000","-135,465,000","-188,716,000","144,326,000","58,251,000","157,340,000","56,565,000","95,351,000","97,983,000","69,512,000","69,273,000","87,222,000","65,085,000","80,686,000","81,000,000","44,583,000","62,754,000","57,657,000","42,948,000","36,503,000","36,585,000","35,879,000","40,572,000","24,311,000","42,009,000","46,419,000","12,500,000","12,701,000","16,706,000","3,782,000","1,692,000","5,527,000","22,972,000","31,721,000","26,950,000","28,099,000","22,125,000","12,813,000","-7,100,000","4,600,000","2,900,000","800,000","-7,600,000","-11,400,000","3,700,000","2,800,000","2,600,000","6,100,000","8,800,000","18,400,000","6,600,000","5,000,000","4,000,000","500,000","700,000","200,000","300,000","1,400,000","-3,300,000","4,000,000","3,700,000","800,000","-600,000","3,100,000","2,500,000","1,300,000",,,,,,,,,,,,
TotalExpenses,"1,508,950,000","337,464,000","391,731,000","415,660,000","365,375,000","301,328,000","330,896,000","311,526,000","306,361,000","392,403,000","430,237,000","385,392,000","370,243,000","342,820,000","352,289,000","380,932,000","312,084,000","297,373,000","313,497,000","300,372,000","319,585,000","321,919,000","383,510,000","386,734,000","408,974,000","411,933,000","484,432,000","488,710,000","467,363,000","507,383,000","512,439,000","436,946,000","426,631,000","403,623,000","436,252,000","425,937,000","461,375,000","385,889,000","352,907,000","364,686,000","322,990,000","314,901,000","277,527,000","262,616,000","222,789,000","209,741,000","227,824,000","194,113,000","172,533,000","151,480,000","184,405,000","178,364,000","190,666,000","175,118,000","110,579,000","177,967,000","287,069,000","171,687,000","217,812,000","150,399,000","147,706,000","150,010,000","136,103,000","104,639,000","101,668,000","110,427,000","151,400,000","157,904,000","89,938,000","83,162,000","85,644,000","71,676,000","65,938,000","61,535,000","61,458,000","64,388,000","61,777,000","54,785,000","38,164,000","38,253,000","35,027,000","38,639,000","38,977,000","37,200,000","32,804,000","36,626,000","38,626,000","24,153,000","20,451,000","22,449,000","31,200,000","15,300,000","13,000,000","13,300,000","26,200,000","23,500,000","16,600,000","16,300,000","19,200,000","12,400,000","11,100,000","12,500,000","12,800,000","10,100,000","9,600,000","10,900,000","10,600,000","8,200,000","8,700,000","8,600,000","13,000,000","10,100,000","8,100,000","8,400,000","11,100,000","6,600,000","7,200,000","7,300,000",,,,,,,,,,,,
NetIncomeFromContinuingAndDiscontinuedOperation,"336,262,000","48,764,000","424,900,000","85,593,000","-222,995,000","-251,269,000","-165,175,000","-98,292,000","-89,252,000","-411,895,000","-102,055,000","42,234,000","50,388,000","-177,568,000","309,732,000","-135,923,000","17,197,000","317,401,000","-26,258,000","-89,112,000","-119,907,000","74,434,000","-200,946,000","-40,907,000","-168,681,000","-347,210,000","-340,258,000","3,114,000","-57,508,000","-53,058,000","331,726,000","208,938,000","59,780,000","65,607,000","6,996,000","70,690,000","76,522,000","16,727,000","-67,138,000","-38,336,000","24,889,000","26,336,000","-120,711,000","230,097,000","124,533,000","-18,503,000","37,139,000","15,452,000","18,068,000","126,178,000","990,000","-4,415,000","-8,322,000","-87,623,000","-126,040,000","88,047,000","33,550,000","95,996,000","32,874,000","57,653,000","59,235,000","39,950,000","43,532,000","55,877,000","40,080,000","50,526,000","51,238,000","27,334,000","38,261,000","35,103,000","26,629,000","22,565,000","21,836,000","21,449,000","24,675,000","13,786,000","24,317,000","27,362,000","6,979,000","7,674,000","10,589,000","2,318,000","971,000","4,861,000","14,234,000","20,393,000","15,998,000","17,139,000","14,597,000","7,886,000","-4,700,000","2,500,000","1,600,000","400,000","-4,800,000","-7,700,000","2,100,000","1,700,000","1,600,000","4,100,000","5,900,000","11,600,000","4,400,000","3,100,000","2,400,000","500,000","100,000","100,000","300,000","1,300,000","-2,000,000","2,800,000","2,300,000","600,000","-500,000","1,700,000","1,200,000","1,000,000","2,300,000","4,500,000","4,400,000","4,300,000","900,000","800,000","800,000","700,000","1,000,000","900,000","800,000","700,000"
NormalizedIncome,"1,277,613,864.607","380,605,111","411,443,737.541","244,653,430","157,865,758","6,741,470","-43,826,215.988","-59,728,139","-125,710,198","-63,519,232","-16,160,681.098","-26,221,648","-2,802,000","-31,981,748","2,099,087.349","31,721,379","43,610,590","33,773,170","50,155,600","-31,861,164","-47,117,404","-20,844,452","-50,749,329.766","-65,472,464","-96,368,166","-147,751,953","-137,323,816.731","-88,132,800","-30,894,400","-84,450,956","34,356,206.149","99,300,986","138,798,992","128,697,764","92,602,300","105,934,375","44,454,640","48,868,381","63,525,366.274","-2,807,155.358","-19,732,328.344","28,331,085.037","201,532,397.487","47,310,551.08","73,862,761.804","45,360,456.932","39,116,403.384","16,523,134.285","19,611,750","126,745,224.677","31,902,050","-32,713.024","4,325,033.758","11,160,651.439","46,996,571.748","70,366,887.138","90,884,129.059","89,694,739.601","66,190,306.378","58,997,674.55","61,098,900.219","47,389,793.43","62,180,841.69","61,597,137.324","55,170,986.953","53,647,185.309","72,222,892.585","64,016,147.914","58,108,364.786","39,199,975.285","41,386,930.276","23,520,920.854","23,805,834.836","21,449,000","22,330,559.463","16,598,097.025","24,843,647.377","27,362,000","12,933,368.707","4,669,389.006","8,312,011.098","2,792,381.395","2,328,200","4,922,685.612","14,234,000","20,393,000","12,178,291.201","19,046,687.214","14,993,505.341","10,117,706.073","-4,700,000","2,500,000","1,866,666.667","333,333.333","-60,000","-1,645,299.145","2,231,250","1,564,000","1,680,000","3,839,682.54","5,534,883.721","11,406,666.667","3,634,782.609","3,034,042.553","2,300,000","240,000","360,000","40,000","40,000","1,207,142.857","-2,180,000","3,033,333.333","2,369,696.97","600,000","-80,000","2,195,833.333","1,560,000","1,000,000","2,300,000","4,300,000","4,300,000","4,200,000","900,000","900,000","900,000","800,000","1,000,000","900,000","900,000","800,000"
InterestIncome,,,,,,,,,,,,,,,,,,,,,,,,,"5,000","6,000",,,,,,,,"26,000","3,000","28,000","24,000","12,000","19,000","126,000","5,000","70,000","84,000","27,000","227,000","128,000","53,000","85,000","54,000","129,000","10,000","90,000","105,000","22,000",,,,,,,,,,,,,,,,,,,,,,,,,,,,,,,,,,,,,,,,,,,,,,,,,,,,,,,,,,,,,,,,,,,,,,,,,,,,
InterestExpense,"159,869,000","39,387,000","40,085,000","40,861,000","39,536,000","39,871,000","40,507,000","41,519,000","40,354,000","41,512,000","40,911,000","40,584,000","39,627,000","37,980,000","38,056,000","38,111,000","41,654,000","43,085,000","43,618,000","44,091,000","44,595,000","46,953,000","46,356,000","47,206,000","34,035,000","31,088,000","31,566,000","33,157,000","30,779,000","32,647,000","27,703,000","22,621,000","24,040,000","24,190,000","24,541,000","24,488,000","21,581,000","19,101,000","18,368,000","18,362,000","12,712,000","14,278,000","12,213,000","9,372,000","14,550,000","9,714,000","4,727,000","6,339,000","6,343,000","6,787,000","7,532,000","7,565,000","7,663,000","6,096,000",,,,,,,,,,,,,,,,,,,,,,,,,,,,,,,,,,,,,,,,,,,,,,,,,,,,,,,,,,,,,,,,,,,,,,,,,,,,
NetInterestIncome,"-159,869,000","-39,387,000","-40,085,000","-40,861,000","-39,536,000","-39,871,000","-40,507,000","-41,519,000","-40,354,000","-41,512,000","-40,911,000","-40,584,000","-39,627,000","-37,980,000","-38,056,000","-38,111,000","-41,654,000","-43,085,000","-43,618,000","-44,091,000","-44,595,000","-46,953,000","-46,356,000","-47,206,000","-34,030,000","-31,082,000","-31,566,000","-33,157,000","-30,779,000","-32,647,000","-27,703,000","-22,621,000","-24,040,000","-24,164,000","-24,538,000","-24,460,000","-21,557,000","-19,089,000","-18,349,000","-18,236,000","-12,707,000","-14,208,000","-12,129,000","-9,345,000","-14,323,000","-9,586,000","-4,674,000","-6,254,000","-6,289,000","-6,658,000","-7,522,000","-7,475,000","-7,558,000","-6,074,000",,,,,,,,,,,,,,,,,,,,,,,,,,,,,,,,,,,,,,,,,,,,,,,,,,,,,,,,,,,,,,,,,,,,,,,,,,,,
EBIT,"518,824,000","101,012,000","475,018,000","126,415,000","-183,621,000","-211,292,000","-158,097,000","-79,742,000","-85,583,000","-469,391,000","-88,850,000","98,929,000","103,605,000","-185,626,000","429,816,000","-134,560,000","57,950,000","459,477,000","-99,785,000","-84,291,000","-146,373,000","165,893,000","-284,257,000","-17,433,000","-230,544,000","-510,997,000","-505,547,000","32,131,000","-67,432,000","-53,864,000","558,417,000","356,307,000","119,869,000","128,660,000","40,292,000","137,512,000","144,308,000","46,210,000","-85,778,000","-42,710,000","52,396,000","56,295,000","-180,055,000","372,815,000","211,934,000","-19,844,000","63,232,000","31,137,000","36,843,000","207,880,000","10,044,000","547,000","-5,756,000","-135,443,000","-202,656,000","146,121,000","69,873,000","158,348,000","57,435,000","96,288,000","99,448,000","70,996,000","66,589,000","93,401,000","80,406,000","83,161,000","76,494,000","45,400,000","76,748,000","60,656,000","40,316,000","37,247,000","36,585,000","35,879,000","36,569,000","26,611,000","42,009,000","46,419,000","17,094,000","10,082,000","15,001,000","4,134,000","1,692,000","5,527,000","22,972,000","31,721,000","22,127,000","29,683,000","23,597,000","14,580,000","-7,100,000","4,600,000","2,900,000","800,000","-3,700,000","-6,800,000","3,700,000","2,800,000","2,600,000","6,100,000","8,800,000","18,400,000","6,600,000","5,000,000","4,000,000","500,000","700,000","200,000","300,000","1,400,000","-3,300,000","4,000,000","3,700,000","800,000","-600,000","3,100,000","2,500,000","1,300,000","-12,700,000","12,800,000","12,800,000","12,700,000","-14,300,000","6,900,000","6,900,000","6,900,000","-12,700,000","6,900,000","6,900,000","6,900,000"
EBITDA,"1,285,731,000"
ReconciledCostOfRevenue,"1,316,084,000","304,172,000","343,296,000","338,446,000","330,170,000","267,890,000","284,897,000","276,965,000","261,301,000","353,041,000","355,909,000","340,167,000","329,380,000","299,051,000","303,420,000","328,743,000","269,165,000","251,352,000","254,226,000","257,250,000","277,608,000","275,858,000","323,459,000","346,490,000","359,611,000","358,750,000","423,176,000","428,447,000","393,389,000","413,552,000","439,918,000","361,649,000","365,379,000","340,924,000","423,041,000","354,713,000","375,468,000","324,342,000","845,839,000","114,666,000","108,245,000","98,582,000","153,244,000","98,490,000","70,494,000","65,812,000","92,164,000","73,740,000","75,473,000","84,284,000","82,521,000","78,727,000","82,564,000","82,810,000","94,514,000","106,353,000","91,026,000","92,229,000","81,061,000","77,965,000","79,312,000","81,041,000","50,136,000","58,739,000","61,845,000","52,001,000","68,469,000","56,018,000","39,887,000","42,367,000","37,693,000","30,069,000","32,349,000","29,247,000","26,190,000","33,797,000","32,993,000","29,558,000","10,324,000","20,156,000","18,490,000","21,643,000","19,411,000","19,103,000","16,266,000","21,056,000","15,284,000","12,183,000","9,799,000","10,828,000","12,800,000","6,700,000","5,200,000","5,700,000","6,700,000","7,400,000","7,200,000","7,200,000","6,100,000","6,800,000","5,600,000","5,500,000","6,400,000","5,500,000","5,000,000","5,800,000","6,600,000","4,500,000","5,300,000","4,300,000","5,700,000","5,800,000","4,100,000","4,300,000","8,200,000","3,200,000","3,200,000","3,300,000",,,,,,,,,,,,
ReconciledDepreciation,"766,907,000","159,481,000","200,011,000","202,701,000","204,714,000","166,960,000","188,934,000","181,708,000","180,856,000","233,489,000","228,597,000","211,125,000","206,330,000","177,746,000","181,970,000","201,105,000","151,765,000","130,473,000","131,393,000","134,599,000","153,232,000","137,812,000","171,552,000","193,966,000","211,020,000","214,207,000","240,025,000","243,879,000","219,704,000","217,401,000","219,277,000","183,259,000","187,781,000","177,215,000","202,640,000","195,792,000","225,731,000","198,709,000","204,267,000","192,432,000","161,608,000","169,570,000","167,298,000","123,067,000","115,382,000","105,356,000","94,806,000","83,800,000","79,770,000","77,765,000","75,140,000","66,958,000","70,391,000","91,712,000","95,260,000","72,362,000","76,354,000","70,354,000","64,919,000","59,061,000","54,657,000","48,959,000","44,404,000","39,817,000","35,910,000","34,391,000","31,825,000","36,952,000","33,907,000","30,074,000","26,489,000","24,435,000","20,673,000","20,626,000","20,709,000","20,765,000","21,601,000","18,885,000","15,263,000","12,836,000","13,279,000","13,054,000","13,470,000","13,704,000","12,884,000","11,288,000","13,324,000","9,627,000","8,321,000","8,857,000","6,600,000","5,300,000","5,300,000","5,400,000","7,400,000","5,600,000","6,500,000","5,400,000","6,300,000","4,100,000","4,000,000","4,000,000","3,600,000","3,200,000","3,000,000","2,900,000","3,000,000","2,200,000","2,400,000","2,600,000","2,400,000","2,700,000","2,700,000","2,300,000","1,800,000","2,500,000","2,700,000","1,800,000",,,,,,,,,,,,
NetIncomeFromContinuingOperationNetMinorityInterest,"336,262,000","48,764,000","424,900,000","85,593,000","-222,995,000","-251,269,000","-165,175,000","-98,292,000","-89,252,000","-411,895,000","-102,055,000","42,234,000","50,388,000","-177,568,000","309,732,000","-135,923,000","17,197,000","317,401,000","-26,258,000","-89,112,000","-119,907,000","74,434,000","-200,946,000","-40,907,000","-168,681,000","-347,210,000","-340,258,000","3,114,000","-57,508,000","-53,058,000","331,726,000","208,938,000","59,780,000","65,607,000","6,996,000","70,690,000","76,522,000","16,727,000","-67,138,000","-38,336,000","24,889,000","26,336,000","-120,711,000","230,097,000","124,533,000","-18,503,000","37,139,000","15,452,000","18,068,000","126,178,000","990,000","-4,415,000","-8,322,000","-87,623,000","-126,040,000","88,047,000","33,550,000","95,996,000","32,874,000","57,653,000","59,235,000","39,950,000","43,532,000","55,877,000","40,080,000","50,526,000","51,238,000","27,334,000","38,261,000","35,103,000","26,629,000","22,565,000","21,836,000","21,449,000","24,675,000","13,786,000","24,317,000","27,362,000","6,979,000","7,674,000","10,589,000","2,318,000","971,000","4,861,000","14,234,000","20,393,000","15,998,000","17,139,000","14,597,000","7,886,000","-4,700,000","2,500,000","1,600,000","400,000","-4,800,000","-7,700,000","2,100,000","1,700,000","1,400,000","4,100,000","5,600,000","11,600,000","4,400,000","3,100,000","2,300,000","400,000","0","100,000","100,000","1,300,000","-2,000,000","2,800,000","2,300,000","600,000","-500,000","1,700,000","1,200,000","1,000,000","2,300,000","4,300,000","4,300,000","4,200,000","900,000","900,000","900,000","800,000","1,000,000","900,000","900,000","800,000"
TotalUnusualItemsExcludingGoodwill,"-1,004,880,000","-419,521,000","13,774,000","-217,891,000","-381,242,000","-353,439,000","-145,908,000","-47,551,000","51,422,000","-432,228,000","-109,213,000","94,552,000","67,500,000","-183,358,000","389,105,000","-213,017,000","-36,183,000","372,215,000","-127,356,000","-82,494,000","-115,907,000","152,202,000","-247,116,000","38,808,000","-113,343,000","-311,167,000","-320,341,000","152,078,000","-44,356,000","51,212,000","475,749,000","175,139,000","-126,633,000","-100,463,000","-131,702,000","-56,391,000","51,390,000","-52,093,000","-202,688,000","-56,600,000","71,146,000","-3,183,000","-513,268,000","288,715,000","80,312,000","-102,020,000","-3,115,000","-1,719,000","-2,375,000","-904,000","-47,557,000","-6,966,000","-20,393,000","-159,567,000","-265,023,000","27,953,000","-90,200,000","10,008,000","-51,371,000","-2,137,000","-2,970,000","-11,837,000","-28,262,000","-8,716,000","-24,126,000","-4,950,000","-32,577,000","-56,796,000","-31,424,000","-6,512,000","-22,892,000","-1,488,000","-3,181,000",,"3,715,000","-4,600,000","-866,000",,"-9,728,000","4,651,000","3,410,000","-704,000","-2,262,000","-71,000",,,"5,869,000","-3,160,000","-651,000","-3,495,000","0",,"-400,000","100,000","-7,900,000","-9,200,000","-200,000","200,000","-400,000","400,000","100,000","300,000","1,200,000","100,000",,"200,000","-600,000","100,000","100,000","100,000","300,000","-300,000","-100,000",,"-700,000","-700,000","-600,000",,,,,,,,,,,,,
TotalUnusualItems,"-1,004,880,000","-419,521,000","13,774,000","-217,891,000","-381,242,000","-353,439,000","-145,908,000","-47,551,000","51,422,000","-432,228,000","-109,213,000","94,552,000","67,500,000","-183,358,000","389,105,000","-213,017,000","-36,183,000","372,215,000","-127,356,000","-82,494,000","-115,907,000","152,202,000","-247,116,000","38,808,000","-113,343,000","-311,167,000","-320,341,000","152,078,000","-44,356,000","51,212,000","475,749,000","175,139,000","-126,633,000","-100,463,000","-131,702,000","-56,391,000","51,390,000","-52,093,000","-202,688,000","-56,600,000","71,146,000","-3,183,000","-513,268,000","288,715,000","80,312,000","-102,020,000","-3,115,000","-1,719,000","-2,375,000","-904,000","-47,557,000","-6,966,000","-20,393,000","-159,567,000","-265,023,000","27,953,000","-90,200,000","10,008,000","-51,371,000","-2,137,000","-2,970,000","-11,837,000","-28,262,000","-8,716,000","-24,126,000","-4,950,000","-32,577,000","-56,796,000","-31,424,000","-6,512,000","-22,892,000","-1,488,000","-3,181,000",,"3,715,000","-4,600,000","-866,000",,"-9,728,000","4,651,000","3,410,000","-704,000","-2,262,000","-71,000",,,"5,869,000","-3,160,000","-651,000","-3,495,000","0",,"-400,000","100,000","-7,900,000","-9,200,000","-200,000","200,000","-400,000","400,000","100,000","300,000","1,200,000","100,000",,"200,000","-600,000","100,000","100,000","100,000","300,000","-300,000","-100,000",,"-700,000","-700,000","-600,000",,,,,,,,,,,,,
NormalizedEBITDA,"2,290,611,000","680,014,000","661,255,000","547,007,000","402,335,000","309,107,000","176,745,000","149,517,000","43,851,000","196,326,000","248,960,000","215,502,000","242,435,000","175,478,000","222,681,000","279,562,000","245,898,000","217,735,000","158,964,000","132,802,000","122,766,000","151,503,000","134,411,000","137,725,000","93,819,000","14,377,000","54,819,000","123,932,000","196,628,000","112,325,000","301,945,000","364,427,000","434,283,000","406,338,000","374,634,000","389,695,000","318,649,000","297,012,000","321,177,000","206,322,000","142,858,000","229,048,000","500,511,000","207,167,000","247,004,000","187,532,000","161,153,000","116,656,000","118,988,000","286,549,000","132,741,000","74,471,000","85,028,000","115,836,000","157,627,000","190,530,000","236,427,000","218,694,000","173,725,000","157,486,000","157,075,000","131,792,000","139,255,000","141,934,000","140,442,000","122,502,000","140,896,000","139,148,000","142,079,000","97,242,000","92,662,000","63,170,000","60,439,000","56,505,000","53,563,000","51,976,000","64,476,000","65,304,000","42,085,000","18,267,000","24,870,000","17,892,000","17,424,000","19,302,000","35,856,000","43,009,000","29,582,000","42,470,000","32,569,000","26,932,000","-500,000","9,900,000","8,600,000","6,100,000","11,600,000","8,000,000","10,400,000","8,000,000","9,300,000","9,800,000","12,700,000","22,100,000","9,000,000","8,200,000","7,000,000","3,200,000","4,300,000","2,300,000","2,600,000","3,900,000","-1,200,000","7,000,000","6,500,000","3,100,000","1,900,000","6,300,000","5,800,000","3,100,000","-12,700,000","12,800,000","12,800,000","12,700,000","-14,300,000","6,900,000","6,900,000","6,900,000","-12,700,000","6,900,000","6,900,000","6,900,000"
TaxRateForCalcs,"0.063","0.209","0.023","0.27","0.001","0.27","0.168","0.189","0.291","0.194","0.214","0.276","0.212","0.206","0.209","0.213","0.27","0.238","0.4","0.306","0.372","0.374","0.392","0.367","0.362","0.359","0.367","0.4","0.4","0.387","0.375","0.374","0.376","0.372","0.35","0.375","0.376","0.383","0.355","0.372","0.373","0.373","0.372","0.367","0.369","0.374","0.365","0.377","0.35","0.373","0.35","0.371","0.38","0.381","0.347","0.368","0.364","0.37","0.351","0.371","0.372","0.371","0.34","0.344","0.374","0.369","0.356","0.354","0.368","0.371","0.355","0.358","0.381","0.379","0.369","0.389","0.392","0.384","0.388","0.354","0.332","0.326","0.4","0.131","0.384","0.36","0.349","0.396","0.391","0.361","0.382","0.359","0.333","0.333","0.4","0.342","0.344","0.32","0.3","0.349","0.349","0.356","0.362","0.34","0.343","0.2","0.4","0.4","0.4","0.071","0.4","0.222","0.303","0.143","0.4","0.292","0.4","0.286","0.4","0.4","0.4","0.4","0.4","0.4","0.4","0.4","0.4","0.4","0.4","0.4"
TaxEffectOfUnusualItems,"-63,528,135.393","-87,679,889","317,737.541","-58,830,570","-381,242","-95,428,530","-24,559,215.988","-8,987,139","14,963,802","-83,852,232","-23,318,681.098","26,096,352","14,310,000","-37,771,748","81,472,087.349","-45,372,621","-9,769,410","88,587,170","-50,942,400","-25,243,164","-43,117,404","56,923,548","-96,919,329.766","14,242,536","-41,030,166","-111,708,953","-117,406,816.731","60,831,200","-17,742,400","19,819,044","178,379,206.149","65,501,986","-47,614,008","-37,372,236","-46,095,700","-21,146,625","19,322,640","-19,951,619","-72,024,633.726","-21,071,155.358","26,524,671.656","-1,187,914.963","-191,024,602.513","105,928,551.08","29,641,761.804","-38,156,543.068","-1,137,596.616","-647,865.715","-831,250","-336,775.323","-16,644,950","-2,583,713.024","-7,745,966.242","-60,783,348.561","-91,986,428.252","10,272,887.138","-32,865,870.941","3,706,739.601","-18,054,693.622","-792,325.45","-1,106,099.781","-4,397,206.57","-9,613,158.31","-2,995,862.676","-9,035,013.047","-1,828,814.691","-11,592,107.415","-20,113,852.086","-11,576,635.214","-2,415,024.715","-8,134,069.724","-532,079.146","-1,211,165.164","0","1,370,559.463","-1,787,902.975","-339,352.623","0","-3,773,631.293","1,646,389.006","1,133,011.098","-229,618.605","-904,800","-9,314.388","0","0","2,049,291.201","-1,252,312.786","-254,494.659","-1,263,293.927","0","0","-133,333.333","33,333.333","-3,160,000","-3,145,299.145","-68,750","64,000","-120,000","139,682.54","34,883.721","106,666.667","434,782.609","34,042.553","0","40,000","-240,000","40,000","40,000","7,142.857","120,000","-66,666.667","-30,303.03","0","-280,000","-204,166.667","-240,000","0","0","0","0","0","0","0","0","0","0","0","0","0"