name,ttm,03/31/2022,12/31/2021,09/30/2021,06/30/2021,03/31/2021,12/31/2020,09/30/2020,06/30/2020,03/31/2020,12/31/2019,09/30/2019,06/30/2019,03/31/2019,12/31/2018,09/30/2018,06/30/2018,03/31/2018,12/31/2017,09/30/2017,06/30/2017,03/31/2017,12/31/2016,09/30/2016,06/30/2016,03/31/2016,12/31/2015,09/30/2015,06/30/2015,03/31/2015,12/31/2014,09/30/2014,06/30/2014,03/31/2014,12/31/2013,09/30/2013,06/30/2013,03/31/2013,12/31/2012,09/30/2012,06/30/2012,03/31/2012,12/31/2011,09/30/2011,06/30/2011,03/31/2011,12/31/2010,09/30/2010,06/30/2010,03/31/2010,12/31/2009,09/30/2009,06/30/2009,03/31/2009,12/31/2008,09/30/2008,06/30/2008,03/31/2008,12/31/2007,09/30/2007,06/30/2007,03/31/2007,12/31/2006,09/30/2006,06/30/2006,03/31/2006,12/31/2005,09/30/2005,06/30/2005,03/31/2005,12/31/2004,09/30/2004,06/30/2004,03/31/2004,12/31/2003,09/30/2003,06/30/2003,03/31/2003,12/31/2002,09/30/2002,06/30/2002,03/31/2002,12/31/2001,09/30/2001,06/30/2001,03/31/2001,12/31/2000,09/30/2000,06/30/2000,03/31/2000,12/31/1999,09/30/1999,06/30/1999,03/31/1999,12/31/1998,09/30/1998,06/30/1998,03/31/1998,12/31/1997,09/30/1997,06/30/1997,03/31/1997,12/31/1996,09/30/1996,06/30/1996,03/31/1996,12/31/1995,09/30/1995,06/30/1995,03/31/1995,12/31/1994,09/30/1994,06/30/1994,03/31/1994,12/31/1993,09/30/1993,06/30/1993,03/31/1993,12/31/1992,09/30/1992,06/30/1992,03/31/1992,12/31/1991,09/30/1991,06/30/1991,03/31/1991,12/31/1990,09/30/1990,06/30/1990,03/31/1990,12/31/1989
TotalRevenue,"4,591,900,000","1,678,400,000","566,000,000","737,800,000","1,609,700,000","1,828,800,000","748,600,000","890,300,000","1,492,700,000","1,382,800,000","365,800,000","497,700,000","1,170,300,000","1,189,900,000","298,100,000","433,900,000","994,600,000","1,013,300,000","221,500,000","113,900,000","1,078,000,000","1,203,500,000","246,800,000","402,300,000","994,100,000","1,245,200,000","245,700,000","483,200,000","1,214,800,000","1,102,300,000","216,200,000","454,300,000","1,116,400,000","1,081,000,000","196,400,000","443,000,000","1,148,100,000","1,019,600,000","205,800,000","379,200,000","1,062,200,000","1,173,500,000","211,200,000","417,200,000","1,058,700,000","1,129,600,000","230,200,000","475,700,000","1,238,900,000","1,123,100,000","302,200,000","583,400,000","1,280,000,000","960,100,000","318,000,000","544,200,000","1,170,900,000","958,000,000","308,700,000","508,900,000","1,098,400,000","993,300,000","271,200,000","492,100,000","1,048,000,000","907,500,000","249,500,000","427,200,000","910,800,000","787,300,000","244,000,000","348,800,000","773,700,000","729,200,000","186,200,000","343,100,000","710,000,000","676,200,000","180,800,000","303,300,000","692,200,000","602,100,000","163,000,000","248,300,000","610,300,000","740,000,000","152,600,000","253,700,000","598,300,000","720,700,000","191,500,000","246,100,000","586,200,000","631,500,000","184,400,000","189,800,000","367,500,000","430,600,000","125,100,000","155,400,000","299,000,000","346,200,000","100,200,000","134,800,000","248,000,000","251,200,000","117,900,000","169,700,000","229,000,000","236,100,000","98,000,000","129,600,000","200,900,000","207,400,000","67,800,000","80,800,000","156,300,000","161,100,000","67,800,000","70,900,000","130,000,000","150,500,000","61,400,000","61,700,000","123,400,000","145,700,000","57,200,000","52,400,000","96,900,000","149,700,000","51,400,000"
	OperatingRevenue,"4,591,900,000","1,678,400,000","566,000,000","737,800,000","1,609,700,000","1,828,800,000","748,600,000","890,300,000","1,492,700,000","1,382,800,000","365,800,000","497,700,000","1,170,300,000","1,189,900,000","298,100,000","433,900,000","994,600,000","1,013,300,000","221,500,000","113,900,000","1,078,000,000","1,203,500,000","246,800,000","402,300,000","994,100,000","1,245,200,000","245,700,000","483,200,000","1,214,800,000","1,102,300,000","216,200,000","454,300,000","1,116,400,000","1,081,000,000","196,400,000","443,000,000","1,148,100,000","1,019,600,000","205,800,000","379,200,000","1,062,200,000","1,173,500,000","211,200,000","417,200,000","1,058,700,000","1,129,600,000","230,200,000","475,700,000","1,238,900,000","1,123,100,000","302,200,000","583,400,000","1,280,000,000","960,100,000","318,000,000","544,200,000","1,170,900,000","958,000,000","308,700,000","508,900,000","1,098,400,000","993,300,000","271,200,000","492,100,000","1,048,000,000","907,500,000","249,500,000","427,200,000","910,800,000","787,300,000","244,000,000","348,800,000","773,700,000","729,200,000","186,200,000","343,100,000","710,000,000","676,200,000","180,800,000","303,300,000","692,200,000","602,100,000","163,000,000","248,300,000","610,300,000","740,000,000","152,600,000","253,700,000","598,300,000","720,700,000","191,500,000","246,100,000","586,200,000","631,500,000","184,400,000","189,800,000","367,500,000","430,600,000","125,100,000","155,400,000","299,000,000","346,200,000","100,200,000","134,800,000","248,000,000","251,200,000","117,900,000","169,700,000","229,000,000","236,100,000","98,000,000","129,600,000","200,900,000","207,400,000","67,800,000","80,800,000","156,300,000","161,100,000","67,800,000","70,900,000","130,000,000","150,500,000","61,400,000","61,700,000","123,400,000","145,700,000","57,200,000","52,400,000","96,900,000","149,700,000","51,400,000"
CostOfRevenue,"3,264,200,000","1,090,000,000","447,300,000","611,600,000","1,115,100,000","1,171,300,000","557,800,000","674,400,000","966,000,000","832,600,000","311,600,000","408,200,000","746,900,000","717,800,000","263,600,000","360,200,000","647,000,000","604,100,000","187,500,000","103,000,000","662,800,000","701,100,000","202,600,000","302,600,000","636,700,000","723,600,000","203,100,000","330,100,000","765,600,000","669,000,000","186,900,000","313,900,000","693,100,000","647,200,000","161,500,000","312,200,000","706,300,000","640,900,000","174,700,000","272,000,000","695,700,000","710,700,000","186,400,000","326,100,000","658,600,000","666,900,000","181,100,000","334,300,000","734,100,000","687,100,000","237,100,000","423,700,000","793,200,000","601,800,000","233,800,000","422,500,000","747,100,000","635,200,000","237,400,000","350,800,000","675,700,000","624,900,000","215,900,000","342,100,000","642,000,000","561,100,000","196,000,000","303,300,000","555,400,000","474,800,000","175,800,000","226,600,000","465,600,000","439,000,000","136,400,000","224,900,000","428,600,000","417,600,000","139,100,000","209,800,000","421,200,000","362,100,000","130,900,000","174,000,000","379,600,000","406,000,000","104,200,000","156,600,000","333,000,000","400,400,000","108,500,000","146,500,000","340,300,000","354,700,000","112,800,000","129,200,000","229,200,000","253,500,000","78,100,000","106,100,000","181,800,000","203,100,000","48,600,000","76,400,000","127,500,000","130,000,000","57,400,000","89,200,000","114,000,000","119,900,000","47,700,000","63,100,000","99,000,000","103,700,000","32,800,000","38,400,000","76,800,000","78,100,000","32,700,000","33,000,000","63,000,000","72,800,000","28,500,000","26,800,000","64,800,000","73,900,000","27,200,000","33,800,000","49,800,000","72,600,000","20,700,000"
GrossProfit,"1,327,700,000","588,400,000","118,700,000","126,200,000","494,600,000","657,500,000","190,800,000","215,900,000","526,700,000","550,200,000","54,200,000","89,500,000","423,400,000","472,100,000","34,500,000","73,700,000","347,600,000","409,200,000","34,000,000","10,900,000","415,200,000","502,400,000","44,200,000","99,700,000","357,400,000","521,600,000","42,600,000","153,100,000","449,200,000","433,300,000","29,300,000","140,400,000","423,300,000","433,800,000","34,900,000","130,800,000","441,800,000","378,700,000","31,100,000","107,200,000","366,500,000","462,800,000","24,800,000","91,100,000","400,100,000","462,700,000","49,100,000","141,400,000","504,800,000","436,000,000","65,100,000","159,700,000","486,800,000","358,300,000","84,200,000","121,700,000","423,800,000","322,800,000","71,300,000","158,100,000","422,700,000","368,400,000","55,300,000","150,000,000","406,000,000","346,400,000","53,500,000","123,900,000","355,400,000","312,500,000","68,200,000","122,200,000","308,100,000","290,200,000","49,800,000","118,200,000","281,400,000","258,600,000","41,700,000","93,500,000","271,000,000","240,000,000","32,100,000","74,300,000","230,700,000","334,000,000","48,400,000","97,100,000","265,300,000","320,300,000","83,000,000","99,600,000","245,900,000","276,800,000","71,600,000","60,600,000","138,300,000","177,100,000","47,000,000","49,300,000","117,200,000","143,100,000","51,600,000","58,400,000","120,500,000","121,200,000","60,500,000","80,500,000","115,000,000","116,200,000","50,300,000","66,500,000","101,900,000","103,700,000","35,000,000","42,400,000","79,500,000","83,000,000","35,100,000","37,900,000","67,000,000","77,700,000","32,900,000","34,900,000","58,600,000","71,800,000","30,000,000","18,600,000","47,100,000","77,100,000","30,700,000"
OperatingExpense,"709,200,000","200,400,000","152,300,000","164,600,000","192,000,000","231,500,000","156,100,000","208,200,000","238,000,000","196,200,000","119,800,000","140,200,000","166,400,000","181,700,000","116,300,000","113,800,000","144,500,000","166,700,000","108,200,000","54,700,000","172,000,000","197,800,000","119,100,000","120,400,000","151,900,000","200,900,000","139,500,000","158,000,000","193,800,000","219,700,000","126,900,000","144,900,000","189,000,000","212,200,000","125,100,000","140,100,000","189,500,000","207,000,000","124,500,000","146,400,000","201,300,000","240,300,000","123,300,000","140,300,000","198,100,000","217,100,000","143,600,000","167,500,000","214,300,000","228,600,000","131,000,000","209,100,000","238,000,000","215,900,000","157,000,000","161,500,000","330,400,000","208,600,000","141,100,000","187,200,000","195,600,000","201,900,000","139,900,000","210,700,000","175,600,000","182,400,000","130,100,000","133,800,000","203,200,000","164,300,000","158,500,000","112,300,000","130,500,000","157,000,000","107,300,000","97,900,000","118,000,000","135,300,000","89,800,000","93,000,000","95,100,000","112,200,000","87,100,000","81,800,000","127,600,000","179,000,000","108,800,000","115,400,000","155,900,000","197,600,000","106,800,000","115,100,000","161,000,000","171,700,000","77,400,000","66,000,000","86,700,000","106,400,000","50,300,000","47,000,000","72,800,000","82,500,000","52,900,000","61,000,000","95,500,000","91,600,000","66,700,000","70,500,000","92,000,000","82,900,000","52,500,000","57,900,000","79,600,000","75,500,000","33,900,000","38,900,000","62,600,000","60,800,000","33,100,000","34,800,000","52,400,000","54,600,000","31,000,000","36,600,000","44,900,000","45,500,000","30,900,000","18,500,000","43,700,000","49,300,000","31,500,000"
	SellingGeneralAndAdministration,"633,400,000","183,400,000","134,200,000","140,500,000","175,400,000","213,900,000","139,100,000","184,600,000","220,900,000","178,000,000","103,100,000","119,900,000","148,000,000","162,000,000","98,900,000","101,400,000","126,200,000","148,800,000","92,200,000","52,900,000","153,700,000","180,200,000","111,100,000","113,700,000","135,200,000","187,300,000","123,900,000","201,200,000","177,200,000","206,200,000","113,700,000","138,200,000","174,100,000","198,600,000","111,600,000","180,100,000","176,100,000","192,700,000","112,100,000","140,800,000","201,300,000","240,300,000","123,300,000","140,300,000","198,100,000","217,400,000","144,100,000","167,700,000","215,900,000","228,400,000","137,600,000","207,900,000","239,000,000","215,900,000","159,400,000","151,200,000","212,500,000","209,600,000","144,300,000","168,000,000","195,000,000","203,000,000","142,200,000","159,100,000","175,500,000","183,200,000","126,000,000","126,300,000","192,300,000","181,900,000","133,300,000","145,100,000","154,300,000","165,200,000","107,200,000","106,600,000","136,500,000","140,500,000","86,400,000","97,300,000","117,000,000","115,000,000","82,400,000","79,800,000","142,900,000","157,000,000","91,900,000","95,200,000","141,700,000","182,600,000","91,800,000","97,700,000","143,200,000","158,500,000","65,600,000","55,800,000","76,700,000","96,900,000","42,200,000","40,600,000","63,600,000","75,100,000","45,500,000","53,800,000","87,700,000","84,600,000","59,400,000","63,200,000","85,500,000","78,900,000","46,700,000","52,300,000","74,100,000","70,100,000","29,600,000","34,200,000","57,900,000","56,400,000","28,800,000","31,000,000","48,400,000","50,600,000","27,000,000","25,900,000","44,900,000","45,500,000","25,900,000","24,000,000","38,500,000","44,100,000","26,100,000"
		GeneralAndAdministrativeExpense,"495,900,000","134,300,000","115,900,000","114,900,000","130,800,000","145,100,000","112,400,000","159,600,000","165,300,000","122,000,000","92,300,000","105,900,000","106,200,000","107,800,000","88,600,000","88,300,000","92,500,000","102,000,000","81,600,000","43,100,000","109,900,000","121,500,000","100,500,000","97,100,000","91,700,000","126,100,000","112,400,000",,"127,000,000","143,000,000","104,200,000","118,000,000","120,700,000","136,100,000","104,100,000",,"116,800,000","136,900,000","102,600,000",,,,,,,,,,,,,,,,,,,,,,"133,300,000",,,,"124,600,000",,,,"142,500,000","140,900,000","118,600,000","129,900,000","112,600,000","125,400,000","98,900,000","90,600,000","98,400,000","105,600,000","77,800,000","83,700,000","86,400,000","84,100,000","75,300,000","56,600,000","95,900,000",,,,,,,,,,,,,,,,,,,,,,,,,,,,,,,,,,,,,,,,,,,,,,
			SalariesAndWages,"38,000,000","15,900,000","7,300,000","6,600,000","8,100,000","17,700,000","8,200,000","16,100,000","22,800,000","12,000,000","7,000,000","10,000,000","11,400,000","10,400,000","6,600,000","10,400,000","14,400,000","9,700,000","6,000,000","4,700,000","5,400,000","12,800,000","11,000,000","1,900,000","2,400,000","9,100,000","2,200,000",,"2,100,000","7,200,000","2,100,000","2,400,000","2,300,000","4,600,000","1,800,000",,"1,900,000","6,600,000","1,900,000",,,,,,,,,,,,,,,,,,,,,,,,,,,,,,,,,,,,,,,,,,,,,,,,,,,,,,,,,,,,,,,,,,,,,,,,,,,,,,,,,,,,,,,,,,,,
			OtherGandA,"457,900,000","118,400,000","108,600,000","108,300,000","122,700,000","127,400,000","104,200,000","143,500,000","142,500,000","110,000,000","85,300,000","95,900,000","94,800,000","97,400,000","82,000,000","77,900,000","78,100,000","92,300,000","75,600,000","38,400,000","104,500,000","108,700,000","89,500,000","95,200,000","89,300,000","117,000,000","110,200,000",,"124,900,000","135,800,000","102,100,000","115,600,000","118,400,000","131,500,000","102,300,000",,"114,900,000","130,300,000","100,700,000",,,,,,,,,,,,,,,,,,,,,,"133,300,000",,,,"124,600,000",,,,"142,500,000","140,900,000","118,600,000","129,900,000","112,600,000","125,400,000","98,900,000","90,600,000","98,400,000","105,600,000","77,800,000","83,700,000","86,400,000","84,100,000","75,300,000","56,600,000","95,900,000",,,,,,,,,,,,,,,,,,,,,,,,,,,,,,,,,,,,,,,,,,,,,,
		SellingAndMarketingExpense,"137,500,000","49,100,000","18,300,000","25,600,000","44,600,000","68,800,000","26,700,000","25,000,000","55,600,000","56,000,000","10,800,000","14,000,000","41,800,000","54,200,000","10,300,000","13,100,000","33,700,000","46,800,000","10,600,000","9,800,000","43,800,000","58,700,000","10,600,000","16,600,000","43,500,000","61,200,000","11,500,000",,"50,200,000","63,200,000","9,500,000","20,200,000","53,400,000","62,500,000","7,500,000",,"59,300,000","55,800,000","9,500,000",,,,,,,,,,,,,,,,,,,,,,"61,700,000",,,,"50,900,000",,,,"49,800,000","41,000,000","14,700,000","15,200,000","41,700,000","39,800,000","8,300,000","16,000,000","38,100,000","34,900,000","8,600,000","13,600,000","30,600,000","30,900,000","7,100,000","23,200,000","47,000,000",,,,,,,,,,,,,,,,,,,,,,,,,,,,,,,,,,,,,,,,,,,,,,
	ResearchAndDevelopment,"49,700,000","12,400,000","12,500,000","13,400,000","11,400,000","10,300,000","10,300,000","11,700,000","9,100,000","9,700,000","9,200,000","10,800,000","10,200,000","9,400,000","9,200,000","11,800,000","10,900,000","10,500,000","9,400,000","4,700,000","12,600,000","11,700,000","2,300,000","12,200,000","12,500,000","9,900,000","11,700,000",,"12,200,000","10,800,000","10,200,000","14,100,000","12,200,000","11,100,000","11,100,000",,"11,500,000","12,300,000","10,400,000",,,,,,,,,,,,,,,,,,,,,,,,,,,,,,,,,,,,,,,,,,,,,,,,,,,,,,,,,,,,,,,,,,,,,,,,,,,,,,,,,,,,,,,,,,,,
	DepreciationAmortizationDepletionIncomeStatement,"30,900,000","8,900,000","7,400,000","7,300,000","7,300,000","7,300,000","7,300,000","8,400,000","7,700,000","7,900,000","7,500,000","8,200,000","8,200,000","8,300,000","8,200,000","8,200,000","7,400,000","6,700,000","6,600,000","4,500,000","5,700,000","5,900,000","5,700,000","5,100,000","4,200,000","3,700,000","3,900,000",,"4,400,000","2,700,000","3,000,000","2,600,000","2,700,000","2,500,000","2,400,000",,"1,900,000","2,000,000","2,000,000",,,,,,,,,,,,,,,,,,,,,,"4,200,000",,,,"4,700,000",,,,"3,400,000","3,600,000","3,400,000","4,500,000","2,300,000","2,300,000","2,400,000","2,300,000","2,200,000","2,100,000","2,000,000","1,900,000","200,000","1,800,000","1,800,000","6,600,000","6,900,000","22,000,000","16,900,000","20,200,000","14,200,000","15,000,000","15,000,000","17,400,000","17,800,000","13,200,000","11,800,000","10,200,000","10,000,000","9,500,000","8,100,000","6,400,000","9,200,000","7,400,000","7,400,000","7,200,000","7,800,000","7,000,000","7,300,000","7,300,000","6,500,000","4,000,000","5,800,000","5,600,000","5,500,000","5,400,000","4,300,000","4,700,000","4,700,000","4,400,000","4,300,000","3,800,000","4,000,000","4,000,000","4,000,000",,,,"5,000,000","-5,500,000","5,200,000","5,200,000","5,400,000"
		DepreciationAndAmortizationInIncomeStatement,"30,900,000","8,900,000","7,400,000","7,300,000","7,300,000","7,300,000","7,300,000","8,400,000","7,700,000","7,900,000","7,500,000","8,200,000","8,200,000","8,300,000","8,200,000","8,200,000","7,400,000","6,700,000","6,600,000","4,500,000","5,700,000","5,900,000","5,700,000","5,100,000","4,200,000","3,700,000","3,900,000",,"4,400,000","2,700,000","3,000,000","2,600,000","2,700,000","2,500,000","2,400,000",,"1,900,000","2,000,000","2,000,000",,,,,,,,,,,,,,,,,,,,,,"4,200,000",,,,"4,700,000",,,,"3,400,000","3,600,000","3,400,000","4,500,000","2,300,000","2,300,000","2,400,000","2,300,000","2,200,000","2,100,000","2,000,000","1,900,000","200,000","1,800,000","1,800,000","6,600,000","6,900,000","22,000,000","16,900,000","20,200,000","14,200,000","15,000,000","15,000,000","17,400,000","17,800,000","13,200,000","11,800,000","10,200,000","10,000,000","9,500,000","8,100,000","6,400,000","9,200,000","7,400,000","7,400,000","7,200,000","7,800,000","7,000,000","7,300,000","7,300,000","6,500,000","4,000,000","5,800,000","5,600,000","5,500,000","5,400,000","4,300,000","4,700,000","4,700,000","4,400,000","4,300,000","3,800,000","4,000,000","4,000,000","4,000,000",,,,"5,000,000","-5,500,000","5,200,000","5,200,000","5,400,000"
			DepreciationIncomeStatement,,,,,,,,,,,,,,,,,,,,,,,,,,,,,,,,,,,,,,,,,,,,,,,,,,,,,,,,,,,,,,,,,,,,,,,,,,,,,,,,,,,,,,"15,000,000",,,,,,,,,,,,,,,,,,,,,,,,,,,,,,,,,,,,,,,,,,,,,
			Amortization,"30,900,000","8,900,000","7,400,000","7,300,000","7,300,000","7,300,000","7,300,000","8,400,000","7,700,000","7,900,000","7,500,000","8,200,000","8,200,000","8,300,000","8,200,000","8,200,000","7,400,000","6,700,000","6,600,000","4,500,000","5,700,000","5,900,000","5,700,000","5,100,000","4,200,000","3,700,000","3,900,000",,"4,400,000","2,700,000","3,000,000","2,600,000","2,700,000","2,500,000","2,400,000",,"1,900,000","2,000,000","2,000,000",,,,,,,,,,,,,,,,,,,,,,"4,200,000",,,,"4,700,000",,,,"3,400,000","3,600,000","3,400,000","4,500,000","2,300,000","2,300,000","2,400,000","2,300,000","2,200,000","2,100,000","2,000,000","1,900,000","200,000","1,800,000","1,800,000","6,600,000","6,900,000","7,000,000",,,,,,,,,,,,,,,,,,,,,,,,,,,,,,,,,,,,,,,,,,,,,
				AmortizationOfIntangiblesIncomeStatement,"30,900,000","8,900,000","7,400,000","7,300,000","7,300,000","7,300,000","7,300,000","8,400,000","7,700,000","7,900,000","7,500,000","8,200,000","8,200,000","8,300,000","8,200,000","8,200,000","7,400,000","6,700,000","6,600,000","4,500,000","5,700,000","5,900,000","5,700,000","5,100,000","4,200,000","3,700,000","3,900,000",,"4,400,000","2,700,000","3,000,000","2,600,000","2,700,000","2,500,000","2,400,000",,"1,900,000","2,000,000","2,000,000",,,,,,,,,,,,,,,,,,,,,,"4,200,000",,,,"4,700,000",,,,"3,400,000","3,600,000","3,400,000","4,500,000","2,300,000","2,300,000","2,400,000","2,300,000","2,200,000","2,100,000","2,000,000","1,900,000","200,000","1,800,000","1,800,000","6,600,000","6,900,000","7,000,000",,,,,,,,,,,,,,,,,,,,,,,,,,,,,,,,,,,,,,,,,,,,,
	OtherOperatingExpenses,,"-4,300,000","-1,800,000","1,500,000","-2,100,000","-600,000","-600,000","3,500,000","300,000","600,000","-500,000","1,400,000","-1,800,000","2,000,000","-400,000","-4,300,000","-1,900,000","700,000","-2,100,000","5,100,000","-6,500,000","-600,000","-5,400,000","-3,500,000","-5,600,000","-1,300,000","-1,000,000","-1,100,000","-3,200,000","-600,000","-1,200,000","-1,500,000","-5,800,000","-1,600,000","-1,000,000","-2,500,000","-4,900,000","-1,500,000","-1,100,000","1,100,000",,,"-900,000",,,"-300,000","-500,000","-200,000","-1,600,000","200,000","-6,600,000","1,200,000","-1,000,000",,"-2,400,000","10,300,000","117,900,000","-1,000,000","-3,200,000","30,700,000","-3,600,000","-1,100,000","-2,300,000","63,200,000","-4,600,000","-800,000","4,100,000","18,100,000","7,500,000","-21,200,000","21,800,000","-37,300,000","-26,100,000","-10,500,000","-2,300,000","-11,000,000","-20,700,000","-7,300,000","1,400,000","-6,200,000","-22,100,000","-4,600,000","2,900,000","-4,600,000","-22,200,000",,,,,,,,,,,,,,,,,,,,,,,,,,,,,,,,,,,,,,,,,,,,,,
OperatingIncome,"618,500,000","388,000,000","-33,600,000","-38,400,000","302,600,000","426,000,000","34,700,000","7,700,000","288,700,000","354,000,000","-65,600,000","-50,700,000","257,000,000","290,400,000","-81,800,000","-40,100,000","203,100,000","242,500,000","-74,200,000","-43,800,000","243,200,000","304,600,000","-74,900,000","-20,700,000","205,500,000","320,700,000","-96,900,000","-4,900,000","255,400,000","213,600,000","-97,600,000","-4,500,000","234,300,000","221,600,000","-90,200,000","-9,300,000","252,300,000","171,700,000","-93,400,000","-39,200,000","165,200,000","222,500,000","-98,500,000","-49,200,000","202,000,000","245,600,000","-94,500,000","-26,100,000","290,500,000","207,400,000","-65,900,000","-49,400,000","248,800,000","142,400,000","-72,800,000","-39,800,000","93,400,000","114,200,000","-69,800,000","-29,100,000","227,100,000","166,500,000","-84,600,000","-60,700,000","230,400,000","164,000,000","-76,600,000","-9,900,000","152,200,000","148,200,000","-90,300,000","9,900,000","177,600,000","133,200,000","-57,500,000","20,300,000","163,400,000","123,300,000","-48,100,000","500,000","175,900,000","127,800,000","-55,000,000","-7,500,000","103,100,000","155,000,000","-60,400,000","-18,300,000","109,400,000","122,700,000","-23,800,000","-15,500,000","84,900,000","105,100,000","-5,800,000","-5,400,000","51,600,000","70,700,000","-3,300,000","2,300,000","44,400,000","60,600,000","-1,300,000","-2,600,000","25,000,000","29,600,000","-6,200,000","10,000,000","23,000,000","33,300,000","-2,200,000","8,600,000","22,300,000","28,200,000","1,100,000","3,500,000","16,900,000","22,200,000","2,000,000","3,100,000","14,600,000","23,100,000","1,900,000","-1,700,000","13,700,000","26,300,000","-900,000","100,000","3,400,000","27,800,000","-800,000"
NetNonOperatingInterestIncomeExpense,"-95,600,000","-28,300,000","-23,800,000","-21,600,000","-21,900,000","-19,300,000","-16,100,000","-16,600,000","-20,300,000","-22,700,000","-35,100,000","-21,800,000","-25,900,000","-28,900,000","-25,200,000","-22,800,000","-23,200,000","-22,600,000","-17,800,000","-7,200,000","-21,800,000","-21,500,000","-15,600,000","-9,400,000","-16,900,000","-19,100,000","-25,100,000","-11,500,000","-14,300,000","-15,000,000","-9,700,000","-8,600,000","-12,800,000","-22,700,000","-13,900,000","-11,300,000","-16,800,000","-17,900,000","-13,200,000","-12,000,000","-16,600,000","-17,900,000","-15,300,000","-14,900,000","-14,000,000","-13,800,000","-9,500,000","-9,100,000","-11,900,000","-15,100,000","-10,700,000","-10,500,000","-13,700,000","-15,900,000",,,,,,,,,,,,,,,,,,,,,,,,,,,,,,,,,,,,,,,,,,,,,,,,,,,,,,,,,,,,,,,,,,,,,,,,,,,,,
	InterestExpenseNonOperating,"95,600,000","28,300,000","23,800,000","21,600,000","21,900,000","19,300,000","16,100,000","16,600,000","20,300,000","22,700,000","20,000,000","21,800,000","25,900,000","28,900,000","25,200,000","22,800,000","23,200,000","22,600,000","17,800,000","17,200,000","21,800,000","21,500,000","15,600,000","13,300,000","16,900,000","19,100,000","16,300,000","11,500,000","14,300,000","15,000,000","9,700,000","8,600,000","12,800,000","12,000,000","13,900,000","11,300,000","16,800,000","17,900,000","13,200,000","12,000,000","16,600,000","17,900,000","15,300,000","13,700,000","14,000,000","13,800,000","9,500,000","9,100,000","11,900,000","15,100,000","10,700,000","10,500,000","13,700,000","15,900,000",,,,,,,,,,,,,,,,,,,,,,,,,,,,,,,,,,,,,,,,,,,,,,,,,,,,,,,,,,,,,,,,,,,,,,,,,,,,,
	TotalOtherFinanceCost,,,,,,,,"0",,,"15,100,000",,,,,,,,,,,,,"0",,,"8,800,000",,,,,"0",,"10,700,000",,,,,,,,,,,,,,,,,,,,,,,,,,,,,,,,,,,,,,,,,,,,,,,,,,,,,,,,,,,,,,,,,,,,,,,,,,,,,,,,,,,,,,,,,,,,,,,,,
OtherIncomeExpense,"7,200,000","-4,700,000","-7,300,000","-3,100,000","22,200,000","-2,500,000","14,500,000","14,700,000","-2,300,000","2,500,000","5,600,000","-900,000","6,300,000","261,900,000","1,100,000","-103,000,000","-13,700,000","-17,900,000","5,400,000","-21,700,000","9,600,000","-26,800,000","-9,200,000","-1,000,000","7,900,000","48,500,000","-3,300,000","-21,500,000","-37,700,000","-4,300,000","-8,400,000","-9,200,000","-33,400,000","-4,500,000","700,000","-8,900,000","-2,100,000","1,400,000","1,500,000","-3,200,000","2,800,000","-4,300,000","-1,700,000","-46,100,000","-10,800,000",,,,,"-1,100,000","-1,700,000","6,700,000","-3,100,000","-5,500,000","2,400,000","-10,300,000","-117,900,000","1,000,000","3,200,000","-33,500,000","3,600,000","-17,200,000","2,300,000","-65,700,000","3,500,000","-200,000","-4,100,000","-16,200,000","-7,400,000","20,200,000","-22,000,000","-13,600,000","23,300,000","9,900,000","-42,900,000","1,700,000","18,300,000","3,500,000","-12,200,000","1,200,000","20,700,000","4,000,000","-5,700,000","-78,400,000","22,200,000","11,000,000","-3,600,000","13,300,000","-1,000,000","10,200,000","-2,300,000","6,300,000","10,200,000","12,200,000","-1,300,000","-16,700,000","-1,300,000","-1,800,000","300,000","-3,500,000","700,000","-3,200,000","-300,000","-12,500,000","-3,000,000","-2,600,000",,,,,,,"-1,000,000","-800,000","-200,000",,"-200,000","-300,000","-200,000",,,"-300,000","-100,000","-100,000","-500,000","-1,100,000","-500,000","-2,300,000","-400,000","-200,000","-100,000"
	EarningsFromEquityInterest,"2,100,000","-6,500,000","-7,300,000","-5,600,000","21,500,000","-1,500,000",,"0","0","0","0","0","0","2,000,000","1,300,000","1,600,000","1,100,000","1,500,000","600,000","1,100,000","7,200,000","-24,100,000","-13,200,000","11,300,000","-3,500,000",,,,,,,,,,,,,,,,,,,,,,,,,,,,,,,,,,,,,,,,,,,,,,,,,,,,,,,,,,,,,,,,,,,,,,,,,,,,,,,,,,,,,,,,,,,,,,,,,,,,,,,,,,
	SpecialIncomeCharges,"-2,900,000","-100,000","-1,800,000","-600,000","-500,000","-2,500,000","-700,000","5,100,000","-4,200,000","-300,000","2,500,000","-3,100,000","-600,000","-200,000","-3,500,000","-102,900,000","-19,300,000","-10,200,000","200,000","3,900,000","-4,100,000","-3,300,000","-1,400,000","-4,500,000","5,800,000","47,200,000","-4,300,000","-22,600,000","-40,900,000","-4,900,000","-9,600,000","-5,400,000","-39,200,000","-6,100,000","-300,000","-11,400,000","-7,000,000","-100,000","400,000","-3,900,000","2,800,000","-4,300,000","-1,700,000","-46,100,000","-10,800,000",,,,,"-1,100,000","-1,700,000","6,700,000","-3,100,000","-5,500,000","2,400,000","-10,300,000","-117,900,000","1,000,000","3,200,000","-33,500,000","3,600,000","-17,200,000","2,300,000","-65,700,000","3,500,000","-200,000","-4,100,000","-16,200,000","-7,400,000","20,200,000","-22,000,000","-13,600,000","23,300,000","9,900,000","-42,900,000","1,700,000","18,300,000","3,500,000","-12,200,000","1,200,000","20,700,000","4,000,000","-5,700,000","-78,400,000","22,200,000","11,000,000","-3,600,000","13,300,000","-1,000,000","10,200,000","-2,300,000","6,300,000","10,200,000","12,200,000","-1,300,000","-16,700,000","-1,300,000","-1,800,000","300,000","-3,500,000","700,000","-3,200,000","-300,000","-12,500,000","-3,000,000","-2,600,000",,,,,,,"-1,000,000","-800,000","-200,000",,"-200,000","-300,000","-200,000",,,"-300,000","-100,000","-100,000","-500,000","-1,100,000","-500,000","-2,300,000","-400,000","-200,000","-100,000"
		RestructuringAndMergernAcquisition,,,"1,800,000",,,,,,,"300,000",,,,,,,,,,,,,,,,,,,,,,,,,,,,,,,"-400,000","5,600,000","2,600,000",,"13,800,000",,,,,,,,,,,,,,,,,,,"2,500,000","1,100,000","1,000,000",,"-1,500,000","-100,000","1,000,000","200,000","5,700,000","2,600,000","400,000","1,000,000","5,900,000","1,800,000","3,100,000","6,300,000","4,800,000","1,000,000","500,000","1,800,000",,,,,,,,,,,,,,,,,,,,,,,,,,,,,,,,,,,,,,,,,,,,,,,,
		ImpairmentOfCapitalAssets,,,,,"500,000","2,500,000","700,000","-2,000,000","4,200,000",,"-2,500,000","3,100,000","600,000","200,000","3,500,000","102,900,000","19,300,000","10,200,000","-200,000","-3,900,000","4,100,000","3,300,000","1,400,000","4,500,000","-5,800,000","-47,200,000","4,300,000","22,600,000","40,900,000","4,900,000","9,600,000","-11,900,000","39,200,000","6,100,000","300,000","11,400,000","7,000,000","100,000","-400,000","0",,,,,,,,,,,,,"0",,,,,,,,,,,,,,,,,,,,,,,,,,,,,,,,,,,,,,,,,,,,,,,,,,,,,,,,,,,,,,,,,,,,,,,,,,,,,,
		WriteOff,"2,900,000","100,000","1,800,000","600,000","500,000","2,500,000","700,000","-1,200,000","4,200,000",,"-2,500,000","3,100,000","600,000","200,000","3,500,000","102,900,000","19,300,000","10,200,000","-200,000","-3,900,000","4,100,000","3,300,000","1,400,000","4,500,000","-5,800,000","-47,200,000","4,300,000","22,600,000","40,900,000","4,900,000","9,600,000","5,400,000","39,200,000","6,100,000","300,000","11,400,000","7,000,000","100,000","-400,000","0",,,,,,,,,,,,,,,,,,,,,,,,,,,,,,,,,,,,,,,,,,,,,,,,,,,,,,,,,,,,,,,,,,,,,,,,,,,,,,,,,,,,,,,,,,,
		OtherSpecialCharges,,,,,,,,,,,,,,,,,,,,,,,,,,,,,,,,,,,,,,,,,"-2,400,000","-1,300,000","-900,000","2,100,000","-3,000,000",,,,,,,,"3,100,000",,,,,,,,,,,"63,200,000","-4,600,000","-800,000",,"17,700,000","7,500,000","-21,200,000","21,800,000","7,900,000","-25,900,000","-10,300,000","41,900,000","-7,600,000","-20,100,000","-6,600,000","5,900,000","-6,000,000","-21,700,000","-4,500,000","3,900,000",,,,,,,,,,,,,,,,,,,,,,,,,,,,,,,,,,,,,,,,,,,,,,,,
	OtherNonOperatingIncomeExpenses,"8,000,000","1,900,000","1,800,000","3,100,000","1,200,000","1,500,000","15,200,000","9,600,000","1,900,000","2,800,000","3,100,000","2,200,000","6,900,000","260,100,000","3,300,000","-800,000","4,500,000","-9,200,000","4,600,000","-25,900,000","6,500,000","600,000","5,400,000","6,700,000","5,600,000","1,300,000","1,000,000","1,100,000","3,200,000","600,000","1,200,000","6,200,000","5,800,000","1,600,000","1,000,000","2,500,000","4,900,000","1,500,000","1,100,000",,,,,,,,,,,,,,,,,,,,,,,,,,,,,,,,,,,,,,,,,,,,,,,,,,,,,,,,,,,,,,,,,,,,,,,,,,,,,,,,,,,,,,,,,,,,
PretaxIncome,"530,100,000","355,000,000","-64,700,000","-63,100,000","302,900,000","404,200,000","33,100,000","5,800,000","266,100,000","333,800,000","-95,100,000","-73,400,000","237,400,000","523,400,000","-105,900,000","-165,900,000","166,200,000","202,000,000","-86,600,000","-72,700,000","231,000,000","256,300,000","-99,700,000","-31,100,000","196,500,000","350,100,000","-125,300,000","-37,900,000","203,400,000","194,300,000","-115,700,000","-22,300,000","188,100,000","194,400,000","-103,400,000","-29,500,000","233,400,000","155,200,000","-105,100,000","-54,400,000","151,400,000","200,300,000","-115,500,000","-110,200,000","177,200,000","231,800,000","-104,000,000","-53,700,000","278,600,000","191,200,000","-78,300,000","-53,200,000","232,000,000","121,000,000","-89,100,000","-57,400,000","71,300,000","90,700,000","-88,800,000","-50,300,000","200,900,000","130,300,000","-92,800,000","-70,000,000","216,100,000","150,500,000","-83,700,000","-16,000,000","140,700,000","134,300,000","-100,900,000","-7,100,000","161,800,000","118,500,000","-114,600,000","-151,800,000","142,800,000","100,800,000","-75,400,000","-22,000,000","155,800,000","105,600,000","-76,300,000","-108,500,000","80,800,000","142,000,000","-85,300,000","-24,500,000","83,600,000","107,000,000","-49,800,000","-29,300,000","70,500,000","92,700,000","-16,900,000","-27,300,000","40,600,000","58,300,000","-9,700,000","-6,400,000","37,500,000","49,100,000","-7,200,000","-20,000,000","14,900,000","18,900,000","-12,700,000","4,600,000","16,100,000","25,300,000","-7,900,000","5,300,000","16,600,000","22,500,000","-800,000","1,800,000","14,300,000","19,200,000",,"2,200,000","12,000,000","17,100,000","-5,000,000","-8,000,000","5,600,000","16,600,000","-9,800,000",,,"17,600,000","-9,300,000"
TaxProvision,"122,600,000","78,500,000","-14,700,000","-14,400,000","73,100,000","93,100,000","7,900,000","1,700,000","61,800,000","84,000,000","-23,800,000","-17,800,000","59,400,000","126,500,000","-23,300,000","-35,300,000","40,700,000","49,300,000","-66,600,000","-18,100,000","79,100,000","91,000,000","-35,400,000","-10,900,000","69,500,000","124,300,000","-44,500,000","-13,300,000","70,400,000","70,000,000","-41,700,000","-7,100,000","67,400,000","68,700,000","-37,800,000","-10,900,000","85,200,000","55,300,000","-36,800,000","-19,300,000","56,400,000","73,100,000","-41,600,000","-38,500,000","65,500,000","83,200,000","-37,300,000","-20,100,000","102,700,000","71,300,000","-28,500,000","-38,300,000","84,200,000","43,600,000","-32,100,000","-22,700,000","48,700,000","32,700,000","-32,000,000","-10,000,000","71,200,000","46,900,000","-33,400,000","-27,300,000","82,800,000","55,700,000","-31,000,000","-7,600,000","52,600,000","51,000,000","-38,400,000","-4,900,000","61,500,000","45,400,000","-43,900,000","-1,700,000","51,600,000","38,300,000","-28,600,000","-9,300,000","60,000,000","40,600,000","-29,400,000","-45,100,000","35,400,000","57,000,000","-34,100,000","-10,500,000","30,600,000","43,400,000","-20,200,000","-12,100,000","28,900,000","38,000,000","-6,900,000","-12,000,000","16,200,000","24,800,000","-4,200,000","-2,900,000","16,400,000","21,200,000","-3,100,000","-6,400,000","7,300,000","8,300,000","-5,500,000","1,700,000","5,600,000","10,500,000","-3,300,000","2,300,000","7,200,000","9,500,000","-300,000","300,000","6,000,000","8,000,000",,"200,000","5,400,000","7,800,000","-2,300,000","-4,900,000","3,400,000","11,700,000","-6,300,000",,,"10,100,000","-5,300,000"
NetIncomeCommonStockholders,"404,500,000","276,500,000","-50,000,000","-47,900,000","225,900,000","310,000,000","24,400,000","3,900,000","202,800,000","252,200,000","-71,400,000","-57,900,000","201,700,000","396,500,000","-79,600,000","-147,000,000","82,900,000","148,900,000","-21,200,000","-33,500,000","151,900,000","165,100,000","-65,300,000","-26,600,000","213,100,000","210,100,000","-81,300,000","-23,600,000","133,400,000","124,600,000","-74,600,000","-15,200,000","121,700,000","125,700,000","-65,600,000","-19,400,000","148,200,000","100,000,000","-67,700,000","-40,100,000","93,300,000","127,200,000","-73,900,000","-53,400,000","111,600,000","177,600,000","-67,900,000","-32,600,000","175,900,000","118,500,000","-57,700,000","-14,900,000","147,800,000","77,400,000","-57,000,000","-34,700,000","22,600,000","58,000,000","-56,800,000","-40,300,000","129,700,000","83,400,000","-59,400,000","-42,700,000","133,300,000","94,800,000","-52,700,000","-8,400,000","88,500,000","83,200,000","-62,700,000","-1,800,000","100,300,000","73,100,000","-70,700,000","-3,100,000","91,200,000","62,500,000","-46,800,000","-12,700,000","95,800,000","65,000,000","-46,900,000","-63,400,000","45,400,000","85,000,000","-51,200,000","-14,000,000","53,000,000","63,600,000","-36,000,000","-19,700,000","39,200,000","46,800,000","-12,800,000","-17,800,000","22,000,000","30,300,000","-7,900,000","-6,000,000","18,700,000","25,500,000","-6,500,000","-16,100,000","7,600,000","10,600,000","-7,200,000","2,900,000","9,400,000","14,800,000","-4,600,000","2,000,000","9,400,000","13,000,000","-13,700,000","-11,700,000","8,300,000","11,200,000",,"1,300,000","3,100,000","14,000,000","-2,700,000","-3,100,000","2,200,000","4,900,000","-3,500,000","-9,500,000","-5,600,000","7,500,000","-4,000,000"
	NetIncome,"404,500,000","276,500,000","-50,000,000","-47,900,000","225,900,000","310,000,000","24,400,000","3,900,000","202,800,000","252,200,000","-71,400,000","-57,900,000","201,700,000","396,500,000","-79,600,000","-147,000,000","82,900,000","148,900,000","-21,200,000","-33,500,000","151,900,000","165,100,000","-65,300,000","-26,600,000","213,100,000","210,100,000","-81,300,000","-23,600,000","133,400,000","124,600,000","-74,600,000","-15,200,000","121,700,000","125,700,000","-65,600,000","-19,400,000","148,200,000","100,000,000","-67,700,000","-40,100,000","93,300,000","127,200,000","-73,900,000","-53,400,000","111,600,000","177,600,000","-67,900,000","-32,600,000","175,900,000","118,500,000","-57,700,000","-14,900,000","147,800,000","77,400,000","-57,000,000","-34,700,000","22,600,000","58,000,000","-56,800,000","-40,300,000","129,700,000","83,400,000","-59,400,000","-42,700,000","133,300,000","94,800,000","-52,700,000","-8,400,000","88,500,000","83,200,000","-62,700,000","-1,800,000","100,300,000","73,100,000","-70,700,000","-3,100,000","91,200,000","62,500,000","-46,800,000","-12,700,000","95,800,000","65,000,000","-46,900,000","-63,400,000","45,400,000","85,000,000","-51,200,000","-14,000,000","53,000,000","63,600,000","-29,600,000","-17,300,000","41,600,000","49,300,000","-10,400,000","-15,300,000","24,400,000","32,800,000","-5,500,000","-3,500,000","21,100,000","27,900,000","-4,100,000","-13,600,000","7,600,000","10,600,000","-7,200,000","2,900,000","10,500,000","14,800,000","-4,600,000","2,000,000","9,400,000","13,000,000","-13,700,000","-11,700,000","8,300,000","11,200,000",,"1,300,000","3,100,000","14,000,000","-2,700,000","-3,100,000","2,200,000","4,900,000","-3,500,000","-9,500,000","-5,600,000","7,500,000","-4,000,000"
		NetIncomeIncludingNoncontrollingInterests,"404,500,000","276,500,000","-50,000,000","-47,900,000","225,900,000","310,200,000","25,200,000","4,200,000","203,300,000","252,400,000","-71,300,000","-58,200,000","201,600,000","396,400,000","-79,700,000","-146,900,000","82,800,000","149,000,000","-21,200,000","-33,500,000","151,900,000","165,200,000","-64,900,000","-26,900,000","212,700,000","209,800,000","-80,800,000","-24,600,000","133,000,000","124,300,000","-74,000,000","-15,500,000","121,700,000","125,700,000","-65,600,000","-19,400,000","148,200,000","100,000,000","-67,700,000","-40,100,000","93,300,000","127,200,000","-73,900,000","-53,400,000","111,600,000","177,600,000","-67,900,000","-32,600,000","175,900,000","118,500,000","-57,700,000","-14,900,000","147,800,000","77,400,000","-57,000,000","-34,700,000","22,600,000","58,000,000","-56,800,000","-40,300,000","129,700,000","83,400,000","-59,400,000","-42,700,000","133,300,000","94,800,000","-52,700,000","-8,400,000","88,500,000","83,200,000","-62,700,000","-1,800,000","100,300,000","73,100,000","-70,700,000","-3,100,000","91,200,000","62,500,000","-46,800,000","-12,700,000","95,800,000","65,000,000","-46,900,000","-63,400,000","45,400,000","85,000,000","-51,200,000","-14,000,000","53,000,000","63,600,000","-29,600,000","-17,300,000","41,600,000","49,300,000","-10,400,000","-15,300,000","24,400,000","32,800,000","-5,500,000","-3,500,000","21,100,000","27,900,000","-4,100,000","-13,600,000","7,600,000","10,600,000","-7,200,000","2,900,000","10,500,000","14,800,000","-4,600,000","2,000,000","9,400,000","13,000,000","-13,700,000","-11,700,000","8,300,000","11,200,000",,"1,300,000","3,100,000","14,000,000","-2,700,000","-3,100,000","2,200,000","4,900,000","-3,500,000","-9,500,000","-5,600,000","7,500,000","-4,000,000"
			NetIncomeContinuousOperations,"407,500,000","276,500,000","-50,000,000","-48,700,000","229,800,000","311,100,000","25,200,000","4,100,000","204,300,000","249,800,000","-71,300,000","-55,600,000","178,000,000","396,900,000","-82,600,000","-130,600,000","125,500,000","152,700,000","-20,000,000","-54,600,000","151,900,000","165,300,000","-64,300,000","-20,200,000","127,000,000","225,800,000","-80,800,000","-24,600,000","133,000,000","124,300,000","-74,000,000","-15,200,000","120,700,000","125,700,000","-65,600,000","-18,600,000","148,200,000","99,900,000","-68,300,000","-35,100,000","95,000,000","127,200,000","-73,900,000","-71,700,000","111,700,000","148,600,000","-66,700,000","-33,600,000","175,900,000","119,900,000","-49,800,000","-14,900,000","147,800,000","77,400,000","-57,000,000","-34,700,000","22,600,000","58,000,000","-56,800,000","-40,300,000","129,700,000","83,400,000","-59,400,000","-42,700,000","133,300,000","94,800,000","-52,700,000","-8,400,000","88,100,000","83,300,000","-62,500,000","-2,200,000","100,300,000","73,100,000","-70,700,000","-3,100,000","91,200,000","62,500,000","-46,800,000","-12,700,000","95,800,000","65,000,000","-46,900,000","-63,400,000","45,400,000","85,000,000","-51,200,000","-14,000,000","53,000,000","63,600,000","-29,600,000","-17,200,000","41,600,000","54,700,000","-10,000,000","-15,300,000","24,400,000","33,500,000","-5,500,000","-3,500,000","21,100,000","27,900,000","-4,100,000","-13,600,000","7,600,000","10,600,000","-7,200,000","2,900,000","10,500,000","14,800,000","-4,600,000","3,000,000","9,400,000","13,000,000","-500,000","1,500,000","8,300,000","11,200,000",,"2,000,000","6,600,000","9,300,000","-2,700,000","-3,100,000","2,200,000","4,900,000","-3,500,000","-9,500,000","-5,600,000","7,500,000","-4,000,000"
			NetIncomeDiscontinuousOperations,"-3,000,000","0","0","800,000","-3,900,000","-900,000","0","100,000","-1,000,000","2,600,000","0","-2,600,000","23,600,000","-500,000","2,900,000","-16,300,000","-42,700,000","-3,700,000","-1,200,000","21,100,000","0","-100,000","-600,000","-6,700,000","85,700,000","-16,000,000",,"0","0","0","0","-300,000","1,000,000","0","0","-800,000","0","100,000","600,000","-5,000,000","-1,700,000","0","0","18,300,000","-100,000","29,000,000","-1,200,000","1,000,000","0","-1,400,000","-7,900,000",,,,,,,,,,,,,,,,,"0","400,000","-100,000","-200,000",,,,,,,,,,,,,,,,,,,,,,,,,,,,,,,,,,,,,,,,,,,,,,,,,,,,,,,,,,,,
			NetIncomeExtraordinary,,,,,,,,,,,,,,,,,,,,,,,,,,,,,,,,,,,,,,,,,,,,,,,,,,,,,,,,,,,,,,,,,,,,,,,,,,,,,,,,"0",,,,,,,,,,,,,,,,,,,,,,,,,,,,,,,,,,,"-13,200,000",,,,,,,,,,,,,,,,
			NetIncomeFromTaxLossCarryforward,,,,,,,,,,,,,,,,,,,,,,,,,,,,,,,,,,,,,,,,,,,,,,,,,,,,,,,,,,,,,,,,,,,,,,,,,,,,,,,,,,,,,,,,,,,,"-100,000",,"-5,400,000","-400,000","0",,"-700,000",,,,,,,,,,,,,,,,,,,,,,"-700,000","-3,500,000","4,700,000",,,,,,,,,
		MinorityInterests,"0","0","0","0","0","-200,000","-800,000","-300,000","-500,000","-200,000","-100,000","300,000","100,000","100,000","100,000","-100,000","100,000","-100,000","0","0","0","-100,000","-400,000","300,000","400,000","300,000","-500,000","1,000,000","400,000","300,000","-600,000","300,000",,,,,,,,,,,,,,,,,,,,,,,,,,,,,,,,,,,,,,,,,,,,,,,,,,,,,,,,,,,,,,,,,,,,,,,,,,,,,,,,,,,,,,,,,,,,,,,,,,,
	PreferredStockDividends,,,,,,,,,,,,,,,,,,,,,,,,,,,,,,,,,,,,,,,,,,,,,,,,,,,,,,,,,,,,,,,,,,,,,,,,,,,,,,,,,,,,,,,,"0",,,"6,400,000","2,400,000","2,400,000","2,500,000","2,400,000","2,500,000","2,400,000","2,500,000","2,400,000","2,500,000","2,400,000","2,400,000","2,400,000","2,500,000",,,,"0","1,100,000",,,,,,,,,,,,,,,,,,,,,,
DilutedNIAvailtoComStockholders,"404,500,000","276,500,000","-50,000,000","-47,900,000","225,900,000","310,000,000","24,400,000","3,900,000","202,800,000","252,200,000","-71,400,000","-57,900,000","201,700,000","396,500,000","-79,600,000","-147,000,000","82,900,000","148,900,000","-21,200,000","-33,500,000","151,900,000","165,100,000","-65,300,000","-26,600,000","213,100,000","210,100,000","-81,300,000","-23,600,000","133,400,000","124,600,000","-74,600,000","-15,200,000","121,700,000","125,700,000","-65,600,000","-19,400,000","148,200,000","100,000,000","-67,700,000","-40,100,000","93,300,000","127,200,000","-73,900,000","-53,400,000","111,600,000","177,600,000","-67,900,000","-32,600,000","175,900,000","118,500,000","-57,700,000","-14,900,000","147,800,000","77,400,000","-57,000,000","-34,700,000","22,600,000","58,000,000","-56,800,000","-40,300,000","129,700,000","83,400,000","-59,400,000","-42,700,000","133,300,000","94,800,000","-52,700,000","-8,400,000","88,500,000","83,200,000","-62,700,000","-1,800,000","100,300,000","73,100,000","-70,700,000","-3,100,000","91,200,000","62,500,000","-46,800,000","-12,700,000","95,800,000","65,000,000","-46,900,000","-63,400,000","45,400,000","85,000,000","-51,200,000","-14,000,000","53,000,000","63,600,000","-36,000,000","-19,700,000","39,200,000","46,800,000","-12,800,000","-17,800,000","22,000,000","30,300,000","-7,900,000","-6,000,000","18,700,000","25,500,000","-6,500,000","-16,100,000","7,600,000","10,600,000","-7,200,000","2,900,000","9,400,000","14,800,000","-4,600,000","2,000,000","9,400,000","13,000,000","-13,700,000","-11,700,000","8,300,000","11,200,000",,"1,300,000","3,100,000","14,000,000","-2,700,000","-3,100,000","2,200,000","4,900,000","-3,500,000","-9,500,000","-5,600,000","7,500,000","-4,000,000"
BasicEPS,,"4.98","-0.9","-0.86","4.05","5.57","0.44","0.07","3.65","4.53","-1.28","-1.04","3.63","7.16","-1.44","-2.65","1.5","2.64","-0.37","-0.57","2.57","2.76","-1.09","-0.36","3.49","3.42","-1.32","-0.38","2.18","2.05","-1.23","-0.24","1.99","2.03","-1.06","-0.31","2.4","1.62","-1.1","-0.66","1.53","2.09","-1.21",,"1.73","2.28","-1.02",,"2.65","1.79","-0.88",,"2.27","1.19","-0.88",,"0.35","0.9","-0.89",,"2.04","1.26","-0.88",,"1.97","1.4","-0.78",,"1.325","1.25","-0.95",,"1.545","1.135","-1.105",,"1.465","1.02","-0.775",,"1.625","1.115","-0.815",,"0.8","1.505","-0.915",,"0.95","1.14","-0.64",,"1.07","1.28","-0.35",,"0.59","0.81","-0.21",,"0.505","0.685","-0.225",,"0.13","0.18","-0.255",,"0.225","0.395","-0.125",,"0.25","0.345","-0.325",,"0.22","0.275","0",,"0.075","0.395","-0.035",,"0.03","0.055","-0.07",,"-0.11","0.145","-0.045"
DilutedEPS,,"4.94","-0.9","-0.86","3.94","5.43","0.43","0.07","3.55","4.47","-1.28","-1.04","3.56","7.09","-1.44","-2.65","1.47","2.59","-0.37","-0.57","2.53","2.73","-1.09","-0.36","3.44","3.38","-1.32","-0.38","2.14","2.01","-1.23","-0.24","1.95","2","-1.06","-0.31","2.37","1.6","-1.1","-0.66","1.5","2.05","-1.21",,"1.69","2.22","-1.02",,"2.59","1.76","-0.88",,"2.23","1.18","-0.88",,"0.35","0.88","-0.89",,"1.98","1.23","-0.88",,"1.92","1.36","-0.78",,"1.29","1.22","-0.95",,"1.505","1.105","-1.105",,"1.405","0.97","-0.775",,"1.51","1.03","-0.815",,"0.745","1.4","-0.915",,"0.89","1.08","-0.64",,"0.675","0.815","-0.35",,"0.4","0.54","-0.21",,"0.355","0.475","-0.225",,"0.13","0.18","-0.255",,"0.225","0.395","-0.125",,"0.25","0.345","-0.325",,"0.22","0.275","0",,"0.075","0.395","-0.035",,"0.03","0.055","-0.07",,"-0.11","0.145","-0.045"
BasicAverageShares,,"55,500,000","55,400,000","55,700,000","55,800,000","55,700,000","55,700,000","55,800,000","55,600,000","55,700,000","55,800,000","55,700,000","55,500,000","55,400,000","55,300,000","55,400,000","55,400,000","56,500,000","57,600,000","58,400,000","59,200,000","59,800,000","60,100,000","60,600,000","61,100,000","61,400,000","61,500,000","61,400,000","61,300,000","60,900,000","60,800,000","61,000,000","61,300,000","61,900,000","62,100,000","62,000,000","61,700,000","61,600,000","61,400,000","61,200,000","61,100,000","60,900,000","60,900,000",,"64,500,000","65,800,000","66,300,000",,"66,500,000","66,200,000","65,900,000",,"65,000,000","64,900,000","64,700,000",,"64,600,000","64,400,000","64,200,000",,"63,600,000","66,100,000","67,200,000",,"67,500,000","67,500,000","68,000,000",,"67,000,000","66,600,000","66,000,000",,"65,000,000","64,400,000","64,000,000",,"62,200,000","61,400,000","60,400,000",,"59,000,000","58,200,000","57,600,000",,"56,600,000","56,400,000","56,000,000",,"55,800,000","55,800,000","56,400,000",,"36,635,514","36,562,500","36,571,429",,"37,288,136","37,407,407","37,619,048",,"37,029,703","37,226,277","28,888,889",,"28,235,294","28,235,294","28,235,294",,"41,777,778","37,468,354","36,800,000",,"37,600,000","37,681,159","42,153,846",,"37,727,273","40,727,273","42,046,000",,"41,333,333","35,443,038","42,146,000",,"50,000,000","50,000,000","50,000,000",,"50,909,091","51,724,138","88,888,889"
DilutedAverageShares,,"56,000,000","55,400,000","56,900,000","57,400,000","57,100,000","57,100,000","57,600,000","57,100,000","56,400,000","55,800,000","55,700,000","56,600,000","55,900,000","55,300,000","55,400,000","56,300,000","57,400,000","57,600,000","58,400,000","60,000,000","60,600,000","60,100,000","60,600,000","61,900,000","62,200,000","61,500,000","61,400,000","62,300,000","62,100,000","60,800,000","61,000,000","62,400,000","62,900,000","62,100,000","62,000,000","62,600,000","62,400,000","61,400,000","61,200,000","62,200,000","62,000,000","60,900,000",,"66,200,000","67,600,000","66,300,000",,"67,900,000","67,400,000","65,900,000",,"66,100,000","65,800,000","64,700,000",,"65,300,000","65,600,000","64,200,000",,"65,400,000","67,804,878","67,200,000",,"69,400,000","69,600,000","68,000,000",,"68,600,000","68,200,000","66,000,000",,"66,600,000","66,000,000","64,000,000",,"64,800,000","64,400,000","60,400,000",,"63,600,000","63,000,000","57,600,000",,"61,200,000","60,600,000","56,000,000",,"59,400,000","59,000,000","56,400,000",,"36,635,514","36,571,429","36,571,429",,"37,619,048","37,619,048","37,619,048",,"37,029,703","37,226,277","28,888,889",,"28,235,294","28,235,294","28,235,294",,"41,777,778","37,468,354","36,800,000",,"37,600,000","37,681,159","42,153,846",,"37,727,273","40,727,273","42,046,000",,"41,333,333","35,443,038","42,146,000",,"50,000,000","50,000,000","50,000,000",,"50,909,091","51,724,138","88,888,889"
TotalOperatingIncomeAsReported,"617,400,000","387,900,000","-35,400,000","-37,200,000","302,100,000","424,100,000","34,000,000","9,600,000","284,500,000","353,700,000","-62,600,000","-53,900,000","258,200,000","290,200,000","-84,900,000","-147,200,000","185,700,000","232,300,000","-71,900,000","-43,200,000","245,600,000","301,900,000","-70,900,000","-29,100,000","216,900,000","369,200,000","-100,200,000","-26,400,000","217,700,000","209,300,000","-106,000,000","-13,700,000","200,900,000","217,100,000","-89,500,000","-18,200,000","250,200,000","173,100,000","-91,900,000","-42,400,000","168,000,000","218,200,000","-100,200,000","-96,500,000","192,400,000","245,600,000","-94,500,000","-44,600,000","290,500,000","206,300,000","-67,600,000","-42,700,000","245,700,000","136,900,000","-72,800,000","-39,800,000","93,400,000","114,200,000","-69,800,000","-31,800,000","227,100,000","166,500,000","-84,600,000","-63,200,000","229,300,000","163,000,000","-76,600,000","-8,000,000","152,300,000","147,200,000","-90,500,000","4,500,000","174,800,000","132,600,000","-59,000,000","11,000,000","161,000,000","119,500,000","-58,900,000","-4,500,000","174,500,000","127,200,000","-57,800,000","-90,500,000","103,100,000","140,000,000","-60,400,000","-18,300,000","109,400,000","122,700,000","-23,800,000","-15,500,000","84,900,000","105,100,000","-5,800,000","-5,400,000","51,600,000","70,700,000","-3,300,000","2,300,000","44,400,000","60,600,000","-1,300,000","-2,600,000","25,000,000","29,600,000","-6,200,000","10,000,000","23,000,000","33,300,000","-2,200,000","8,600,000","22,300,000","28,200,000","1,100,000","3,500,000","16,900,000","22,200,000","2,000,000","3,100,000","14,600,000","23,100,000","1,900,000","-1,700,000","13,700,000","26,300,000","-900,000","100,000","3,400,000","27,800,000","-800,000"
TotalExpenses,"3,973,400,000","1,290,400,000","599,600,000","776,200,000","1,307,100,000","1,402,800,000","713,900,000","882,600,000","1,204,000,000","1,028,800,000","431,400,000","548,400,000","913,300,000","899,500,000","379,900,000","474,000,000","791,500,000","770,800,000","295,700,000","157,700,000","834,800,000","898,900,000","321,700,000","423,000,000","788,600,000","924,500,000","342,600,000","488,100,000","959,400,000","888,700,000","313,800,000","458,800,000","882,100,000","859,400,000","286,600,000","452,300,000","895,800,000","847,900,000","299,200,000","418,400,000","897,000,000","951,000,000","309,700,000","466,400,000","856,700,000","884,000,000","324,700,000","501,800,000","948,400,000","915,700,000","368,100,000","632,800,000","1,031,200,000","817,700,000","390,800,000","584,000,000","1,077,500,000","843,800,000","378,500,000","538,000,000","871,300,000","826,800,000","355,800,000","552,800,000","817,600,000","743,500,000","326,100,000","437,100,000","758,600,000","639,100,000","334,300,000","338,900,000","596,100,000","596,000,000","243,700,000","322,800,000","546,600,000","552,900,000","228,900,000","302,800,000","516,300,000","474,300,000","218,000,000","255,800,000","507,200,000","585,000,000","213,000,000","272,000,000","488,900,000","598,000,000","215,300,000","261,600,000","501,300,000","526,400,000","190,200,000","195,200,000","315,900,000","359,900,000","128,400,000","153,100,000","254,600,000","285,600,000","101,500,000","137,400,000","223,000,000","221,600,000","124,100,000","159,700,000","206,000,000","202,800,000","100,200,000","121,000,000","178,600,000","179,200,000","66,700,000","77,300,000","139,400,000","138,900,000","65,800,000","67,800,000","115,400,000","127,400,000","59,500,000","63,400,000","109,700,000","119,400,000","58,100,000","52,300,000","93,500,000","121,900,000","52,200,000"
NetIncomeFromContinuingAndDiscontinuedOperation,"404,500,000","276,500,000","-50,000,000","-47,900,000","225,900,000","310,000,000","24,400,000","3,900,000","202,800,000","252,200,000","-71,400,000","-57,900,000","201,700,000","396,500,000","-79,600,000","-147,000,000","82,900,000","148,900,000","-21,200,000","-33,500,000","151,900,000","165,100,000","-65,300,000","-26,600,000","213,100,000","210,100,000","-81,300,000","-23,600,000","133,400,000","124,600,000","-74,600,000","-15,200,000","121,700,000","125,700,000","-65,600,000","-19,400,000","148,200,000","100,000,000","-67,700,000","-40,100,000","93,300,000","127,200,000","-73,900,000","-53,400,000","111,600,000","177,600,000","-67,900,000","-32,600,000","175,900,000","118,500,000","-57,700,000","-14,900,000","147,800,000","77,400,000","-57,000,000","-34,700,000","22,600,000","58,000,000","-56,800,000","-40,300,000","129,700,000","83,400,000","-59,400,000","-42,700,000","133,300,000","94,800,000","-52,700,000","-8,400,000","88,500,000","83,200,000","-62,700,000","-1,800,000","100,300,000","73,100,000","-70,700,000","-3,100,000","91,200,000","62,500,000","-46,800,000","-12,700,000","95,800,000","65,000,000","-46,900,000","-63,400,000","45,400,000","85,000,000","-51,200,000","-14,000,000","53,000,000","63,600,000","-29,600,000","-17,200,000","41,600,000","54,700,000","-10,000,000","-15,300,000","24,400,000","33,500,000","-5,500,000","-3,500,000","21,100,000","27,900,000","-4,100,000","-13,600,000","7,600,000","10,600,000","-7,200,000","2,900,000","10,500,000","14,800,000","-4,600,000","3,000,000","9,400,000","13,000,000","-500,000","1,500,000","8,300,000","11,200,000",,"2,000,000","6,600,000","9,300,000","-2,700,000","-3,100,000","2,200,000","4,900,000","-3,500,000","-9,500,000","-5,600,000","7,500,000","-4,000,000"
NormalizedIncome,"409,729,296.359","276,577,887.324","-48,608,600","-48,236,925.515","230,179,333.113","312,824,171.202","24,932,700","194,827.586","207,024,577.227","249,824,505.692","-73,275,000","-52,951,771.117","178,549,873.631","397,151,662.209","-79,770,000","-48,986,437.613","140,173,706.378","160,310,594.059","-20,120,000","-56,928,198.074","154,596,060.606","167,328,326.18","-63,797,000","-16,522,508.039","123,651,399.491","195,657,954.87","-78,526,500","-8,930,870.712","160,148,600","127,736,000","-68,456,000","-10,537,668.161","145,866,400","129,646,700","-65,409,800","-11,412,203.39","152,645,000","99,964,400","-68,560,000","-33,035,294.118","93,243,064.729","129,930,703.944","-72,812,000","-41,705,716.878","118,507,900.677","148,600,000","-66,700,000","-33,600,000","175,900,000","120,589,801.255","-48,718,773.946","-19,255,000","149,774,913.793","80,918,181.818","-58,535,353.535","-28,473,344.948","99,235,000","57,360,529.217","-58,846,846.847","-13,460,039.761","127,375,858.636","94,409,056.025","-60,872,198.276","-2,623,000","131,141,045.812","94,925,980.066","-50,118,518.519","1,320,000","92,733,546.553","70,770,886.076","-48,872,646.184","5,960,000","85,856,304.079","66,992,911.392","-44,233,769.634","-4,780,961.792","79,512,605.042","60,329,861.111","-39,227,586.207","-13,420,000","83,071,758.665","62,537,878.788","-43,396,330.275","-16,360,000","32,080,000","78,400,000","-49,039,155.92","-21,980,000","53,633,971.292","57,480,000","-28,220,000","-20,980,000","35,480,000","47,380,000","-9,220,000","-5,280,000","25,181,280.788","34,580,000","-5,680,000","-1,400,000","20,680,000","29,820,000","-3,920,000","-5,100,000","9,400,000","12,160,000","-7,200,000","2,900,000","10,500,000","14,800,000","-4,600,000","3,000,000","10,000,000","13,480,000","-375,000","1,500,000","8,420,000","11,380,000",,"2,000,000","6,600,000","9,480,000","-2,640,000","-3,040,000","2,500,000","5,560,000","-3,200,000","-8,120,000","-5,360,000","7,620,000","-3,940,000"
InterestExpense,"95,600,000","28,300,000","23,800,000","21,600,000","21,900,000","19,300,000","16,100,000","16,600,000","20,300,000","22,700,000","20,000,000","21,800,000","25,900,000","28,900,000","25,200,000","22,800,000","23,200,000","22,600,000","17,800,000","17,200,000","21,800,000","21,500,000","15,600,000","13,300,000","16,900,000","19,100,000","16,300,000","11,500,000","14,300,000","15,000,000","9,700,000","8,600,000","12,800,000","12,000,000","13,900,000","11,300,000","16,800,000","17,900,000","13,200,000","12,000,000","16,600,000","17,900,000","15,300,000","13,700,000","14,000,000","13,800,000","9,500,000","9,100,000","11,900,000","15,100,000","10,700,000","10,500,000","13,700,000","15,900,000",,,,,,,,,,,,,,,,,,,,,,,,,,,,,,,,,,,,,,,,,,,,,,,,,,,,,,,,,,,,,,,,,,,,,,,,,,,,,
NetInterestIncome,"-95,600,000","-28,300,000","-23,800,000","-21,600,000","-21,900,000","-19,300,000","-16,100,000","-16,600,000","-20,300,000","-22,700,000","-35,100,000","-21,800,000","-25,900,000","-28,900,000","-25,200,000","-22,800,000","-23,200,000","-22,600,000","-17,800,000","-7,200,000","-21,800,000","-21,500,000","-15,600,000","-9,400,000","-16,900,000","-19,100,000","-25,100,000","-11,500,000","-14,300,000","-15,000,000","-9,700,000","-8,600,000","-12,800,000","-22,700,000","-13,900,000","-11,300,000","-16,800,000","-17,900,000","-13,200,000","-12,000,000","-16,600,000","-17,900,000","-15,300,000","-14,900,000","-14,000,000","-13,800,000","-9,500,000","-9,100,000","-11,900,000","-15,100,000","-10,700,000","-10,500,000","-13,700,000","-15,900,000",,,,,,,,,,,,,,,,,,,,,,,,,,,,,,,,,,,,,,,,,,,,,,,,,,,,,,,,,,,,,,,,,,,,,,,,,,,,,
EBIT,"625,700,000","383,300,000","-40,900,000","-41,500,000","324,800,000","423,500,000","49,200,000","22,400,000","286,400,000","356,500,000","-75,100,000","-51,600,000","263,300,000","552,300,000","-80,700,000","-143,100,000","189,400,000","224,600,000","-68,800,000","-55,500,000","252,800,000","277,800,000","-84,100,000","-17,800,000","213,400,000","369,200,000","-109,000,000","-26,400,000","217,700,000","209,300,000","-106,000,000","-13,700,000","200,900,000","206,400,000","-89,500,000","-18,200,000","250,200,000","173,100,000","-91,900,000","-42,400,000","168,000,000","218,200,000","-100,200,000","-96,500,000","191,200,000","245,600,000","-94,500,000","-44,600,000","290,500,000","206,300,000","-67,600,000","-42,700,000","245,700,000","136,900,000","-72,800,000","-39,800,000","93,400,000","114,200,000","-69,800,000","-29,100,000","227,100,000","166,500,000","-84,600,000","-60,700,000","230,400,000","164,000,000","-76,600,000","-9,900,000","152,200,000","148,200,000","-90,300,000","9,900,000","177,600,000","133,200,000","-57,500,000","20,300,000","163,400,000","123,300,000","-48,100,000","500,000","175,900,000","127,800,000","-55,000,000","-7,500,000","103,100,000","155,000,000","-60,400,000","-18,300,000","109,400,000","122,700,000","-23,800,000","-15,500,000","84,900,000","105,100,000","-5,800,000","-5,400,000","51,600,000","70,700,000","-3,300,000","2,300,000","44,400,000","60,600,000","-1,300,000","-2,600,000","25,000,000","29,600,000","-6,200,000","10,000,000","23,000,000","33,300,000","-2,200,000","8,600,000","22,300,000","28,200,000","1,100,000","3,500,000","16,900,000","22,200,000","2,000,000","3,100,000","14,600,000","23,100,000","1,900,000","-1,700,000","13,700,000","26,300,000","-900,000","100,000","3,400,000","27,800,000","-800,000"
EBITDA,"724,700,000"
ReconciledCostOfRevenue,"3,196,100,000","1,072,100,000","429,800,000","595,100,000","1,098,900,000","1,155,200,000","542,000,000","657,100,000","950,600,000","817,000,000","296,700,000","394,100,000","732,800,000","703,700,000","249,500,000","345,800,000","633,200,000","591,000,000","174,300,000","87,200,000","648,600,000","687,200,000","188,200,000","288,500,000","623,400,000","708,600,000","188,900,000","330,100,000","751,500,000","655,900,000","173,700,000","300,100,000","679,900,000","633,700,000","147,800,000","312,200,000","691,900,000","626,400,000","160,400,000","272,000,000","695,700,000","710,700,000","186,400,000","326,100,000","658,600,000","666,900,000","181,100,000","334,300,000","734,100,000","687,100,000","237,100,000","423,700,000","793,200,000","601,800,000","233,800,000","422,500,000","747,100,000","635,200,000","237,400,000","350,800,000","662,700,000","624,900,000","215,900,000","342,100,000","628,500,000","561,100,000","196,000,000","303,300,000","542,500,000","462,500,000","163,300,000","216,800,000","452,700,000","426,500,000","125,400,000","212,500,000","417,800,000","406,800,000","129,500,000","200,500,000","410,400,000","353,200,000","122,100,000","164,900,000","370,600,000","412,900,000","104,200,000","156,600,000","333,000,000","398,500,000","108,500,000","146,500,000","340,300,000","354,700,000","112,800,000","129,200,000","229,200,000","253,500,000","78,100,000","106,100,000","181,800,000","203,100,000","48,600,000","76,400,000","127,500,000","130,000,000","57,400,000","89,200,000","114,000,000","117,800,000","47,700,000","63,100,000","98,900,000","102,600,000","32,800,000","38,400,000","76,900,000","78,000,000","32,700,000","33,000,000","63,000,000","72,800,000","28,500,000","26,800,000","64,800,000","73,900,000","27,200,000","33,800,000","49,800,000","72,600,000","20,700,000"
ReconciledDepreciation,"99,000,000","26,800,000","24,900,000","23,800,000","23,500,000","23,400,000","23,100,000","25,700,000","23,100,000","23,500,000","22,400,000","22,300,000","22,300,000","22,400,000","22,300,000","22,600,000","21,200,000","19,800,000","19,800,000","20,300,000","19,900,000","19,800,000","20,100,000","19,200,000","17,500,000","18,700,000","18,100,000","18,500,000","18,500,000","15,800,000","16,200,000","16,400,000","15,900,000","16,000,000","16,100,000","17,000,000","16,300,000","16,500,000","16,300,000","15,500,000","16,600,000","14,700,000","15,600,000","15,700,000","21,400,000","9,900,000","14,700,000","14,800,000","14,800,000","14,700,000","15,100,000","15,900,000","14,900,000","14,800,000","14,800,000","17,400,000","18,300,000","17,400,000","17,200,000","16,200,000","17,200,000","17,700,000","16,400,000","16,400,000","18,200,000","16,700,000","15,700,000","19,100,000","16,300,000","15,900,000","15,900,000","14,300,000","15,200,000","14,800,000","13,400,000","14,700,000","13,000,000","12,900,000","11,600,000","11,200,000","11,000,000","10,700,000","10,600,000","15,700,000","15,900,000","15,100,000","16,900,000","20,200,000","14,200,000","16,900,000","15,000,000","17,400,000","17,800,000","13,200,000","11,800,000","10,200,000","10,000,000","9,500,000","8,100,000","6,400,000","9,200,000","7,400,000","7,400,000","7,200,000","7,800,000","7,000,000","7,300,000","7,300,000","6,500,000","6,100,000","5,800,000","5,600,000","5,600,000","6,500,000","4,300,000","4,700,000","4,600,000","4,500,000","4,300,000","3,800,000","4,000,000","4,000,000","4,000,000",,,,"5,000,000","-5,500,000","5,200,000","5,200,000","5,400,000"
NetIncomeFromContinuingOperationNetMinorityInterest,"407,500,000","276,500,000","-50,000,000","-48,700,000","229,800,000","310,900,000","24,400,000","3,800,000","203,800,000","249,600,000","-71,400,000","-55,300,000","178,100,000","397,000,000","-82,500,000","-130,700,000","125,600,000","152,600,000","-20,000,000","-54,600,000","151,900,000","165,200,000","-64,700,000","-19,900,000","127,400,000","226,100,000","-81,300,000","-23,600,000","133,400,000","124,600,000","-74,600,000","-14,900,000","120,700,000","125,700,000","-65,600,000","-18,600,000","148,200,000","99,900,000","-68,300,000","-35,100,000","95,000,000","127,200,000","-73,900,000","-71,700,000","111,700,000","148,600,000","-66,700,000","-33,600,000","175,900,000","119,900,000","-49,800,000","-14,900,000","147,800,000","77,400,000","-57,000,000","-34,700,000","22,600,000","58,000,000","-56,800,000","-40,300,000","129,700,000","83,400,000","-59,400,000","-42,700,000","133,300,000","94,800,000","-52,700,000","-8,400,000","88,100,000","83,300,000","-62,500,000","-2,200,000","100,300,000","73,100,000","-70,700,000","-3,100,000","91,200,000","62,500,000","-46,800,000","-12,700,000","95,800,000","65,000,000","-46,900,000","-63,400,000","45,400,000","85,000,000","-51,200,000","-14,000,000","53,000,000","63,600,000","-29,600,000","-17,200,000","41,600,000","54,700,000","-10,000,000","-15,300,000","24,400,000","33,500,000","-5,500,000","-3,500,000","21,100,000","27,900,000","-4,100,000","-13,600,000","7,600,000","10,600,000","-7,200,000","2,900,000","10,500,000","14,800,000","-4,600,000","3,000,000","9,400,000","13,000,000","-500,000","1,500,000","8,300,000","11,200,000",,"2,000,000","6,600,000","9,300,000","-2,700,000","-3,100,000","2,200,000","4,900,000","-3,500,000","-9,500,000","-5,600,000","7,500,000","-4,000,000"
TotalUnusualItemsExcludingGoodwill,"-2,900,000","-100,000","-1,800,000","-600,000","-500,000","-2,500,000","-700,000","5,100,000","-4,200,000","-300,000","2,500,000","-3,100,000","-600,000","-200,000","-3,500,000","-103,800,000","-19,300,000","-10,200,000","200,000","3,100,000","-4,100,000","-3,300,000","-1,400,000","-5,200,000","5,800,000","47,200,000","-4,300,000","-22,600,000","-40,900,000","-4,900,000","-9,600,000","-6,400,000","-39,200,000","-6,100,000","-300,000","-11,400,000","-7,000,000","-100,000","400,000","-3,200,000","2,800,000","-4,300,000","-1,700,000","-46,100,000","-10,800,000",,,,,"-1,100,000","-1,700,000","6,700,000","-3,100,000","-5,500,000","2,400,000","-10,300,000","-117,900,000","1,000,000","3,200,000","-33,500,000","3,600,000","-17,200,000","2,300,000","-65,700,000","3,500,000","-200,000","-4,100,000","-16,200,000","-7,400,000","20,200,000","-22,000,000","-13,600,000","23,300,000","9,900,000","-42,900,000","1,700,000","18,300,000","3,500,000","-12,200,000","1,200,000","20,700,000","4,000,000","-5,700,000","-78,400,000","22,200,000","11,000,000","-3,600,000","13,300,000","-1,000,000","10,200,000","-2,300,000","6,300,000","10,200,000","12,200,000","-1,300,000","-16,700,000","-1,300,000","-1,800,000","300,000","-3,500,000","700,000","-3,200,000","-300,000","-12,500,000","-3,000,000","-2,600,000",,,,,,,"-1,000,000","-800,000","-200,000",,"-200,000","-300,000",,,,"-300,000","-100,000","-100,000","-500,000","-1,100,000","-500,000","-2,300,000","-400,000","-200,000","-100,000"
TotalUnusualItems,"-2,900,000","-100,000","-1,800,000","-600,000","-500,000","-2,500,000","-700,000","5,100,000","-4,200,000","-300,000","2,500,000","-3,100,000","-600,000","-200,000","-3,500,000","-103,800,000","-19,300,000","-10,200,000","200,000","3,100,000","-4,100,000","-3,300,000","-1,400,000","-5,200,000","5,800,000","47,200,000","-4,300,000","-22,600,000","-40,900,000","-4,900,000","-9,600,000","-6,400,000","-39,200,000","-6,100,000","-300,000","-11,400,000","-7,000,000","-100,000","400,000","-3,200,000","2,800,000","-4,300,000","-1,700,000","-46,100,000","-10,800,000",,,,,"-1,100,000","-1,700,000","6,700,000","-3,100,000","-5,500,000","2,400,000","-10,300,000","-117,900,000","1,000,000","3,200,000","-33,500,000","3,600,000","-17,200,000","2,300,000","-65,700,000","3,500,000","-200,000","-4,100,000","-16,200,000","-7,400,000","20,200,000","-22,000,000","-13,600,000","23,300,000","9,900,000","-42,900,000","1,700,000","18,300,000","3,500,000","-12,200,000","1,200,000","20,700,000","4,000,000","-5,700,000","-78,400,000","22,200,000","11,000,000","-3,600,000","13,300,000","-1,000,000","10,200,000","-2,300,000","6,300,000","10,200,000","12,200,000","-1,300,000","-16,700,000","-1,300,000","-1,800,000","300,000","-3,500,000","700,000","-3,200,000","-300,000","-12,500,000","-3,000,000","-2,600,000",,,,,,,"-1,000,000","-800,000","-200,000",,"-200,000","-300,000",,,,"-300,000","-100,000","-100,000","-500,000","-1,100,000","-500,000","-2,300,000","-400,000","-200,000","-100,000"
NormalizedEBITDA,"727,600,000","410,200,000","-14,200,000","-17,100,000","348,800,000","449,400,000","73,000,000","43,000,000","313,700,000","380,300,000","-55,200,000","-26,200,000","286,200,000","574,900,000","-54,900,000","-16,700,000","229,900,000","254,600,000","-49,200,000","-38,300,000","276,800,000","300,900,000","-62,600,000","6,600,000","225,100,000","340,700,000","-86,600,000","14,700,000","277,100,000","230,000,000","-80,200,000","9,100,000","256,000,000","228,500,000","-73,100,000","10,200,000","273,500,000","189,700,000","-76,000,000","-23,700,000","181,800,000","237,200,000","-82,900,000","-34,700,000","223,400,000","255,500,000","-79,800,000","-29,800,000","305,300,000","222,100,000","-50,800,000","-33,500,000","263,700,000","157,200,000","-60,400,000","-12,100,000","229,600,000","130,600,000","-55,800,000","20,600,000","240,700,000","201,400,000","-70,500,000","21,400,000","245,100,000","180,900,000","-56,800,000","25,400,000","175,900,000","143,900,000","-52,400,000","37,800,000","169,500,000","138,100,000","-1,200,000","33,300,000","158,100,000","132,700,000","-24,300,000","10,500,000","166,200,000","134,500,000","-38,700,000","86,600,000","96,800,000","166,000,000","-39,900,000","-11,400,000","124,600,000","129,400,000","-6,500,000","-4,400,000","92,500,000","106,100,000","7,300,000","21,500,000","62,900,000","82,000,000","4,500,000","12,200,000","52,900,000","71,200,000","6,400,000","17,100,000","35,800,000","39,200,000","1,100,000","17,300,000","29,500,000","39,400,000","3,600,000","14,200,000","28,900,000","35,500,000","5,600,000","8,200,000","21,800,000","27,000,000","6,300,000","6,900,000","18,600,000","27,400,000","6,000,000","-1,600,000","14,200,000","27,400,000","4,600,000","-3,100,000","9,000,000","33,200,000","4,700,000"
TaxRateForCalcs,"0.231","0.221","0.227","0.228","0.241","0.23","0.239","0.293","0.232","0.252","0.25","0.243","0.25","0.242","0.22","0.213","0.245","0.244","0.4","0.249","0.342","0.355","0.355","0.35","0.354","0.355","0.355","0.351","0.346","0.36","0.36","0.318","0.358","0.353","0.366","0.369","0.365","0.356","0.35","0.355","0.373","0.365","0.36","0.349","0.37","0.359","0.359","0.374","0.369","0.373","0.364","0.35","0.363","0.36","0.36","0.395","0.35","0.361","0.36","0.199","0.354","0.36","0.36","0.39","0.383","0.37","0.37","0.4","0.374","0.38","0.381","0.4","0.38","0.383","0.383","0.011","0.361","0.38","0.379","0.4","0.385","0.384","0.385","0.4","0.4","0.4","0.4","0.4","0.366","0.4","0.4","0.4","0.4","0.4","0.4","0.4","0.399","0.4","0.4","0.4","0.4","0.4","0.4","0.32","0.4","0.4","0.4","0.37","0.348","0.4","0.4","0.4","0.4","0.4","0.375","0.167","0.4","0.4",,"0.091","0.4","0.4","0.4","0.4","0.4","0.4","0.4","0.4","0.4","0.4","0.4"
TaxEffectOfUnusualItems,"-670,703.641","-22,112.676","-408,600","-136,925.515","-120,666.887","-575,828.798","-167,300","1,494,827.586","-975,422.773","-75,494.308","625,000","-751,771.117","-150,126.369","-48,337.791","-770,000","-22,086,437.613","-4,726,293.622","-2,489,405.941","80,000","771,801.926","-1,403,939.394","-1,171,673.82","-497,000","-1,822,508.039","2,051,399.491","16,757,954.87","-1,526,500","-7,930,870.712","-14,151,400","-1,764,000","-3,456,000","-2,037,668.161","-14,033,600","-2,153,300","-109,800","-4,212,203.39","-2,555,000","-35,600","140,000","-1,135,294.118","1,043,064.729","-1,569,296.056","-612,000","-16,105,716.878","-3,992,099.323","0","0","0","0","-410,198.745","-618,773.946","2,345,000","-1,125,086.207","-1,981,818.182","864,646.465","-4,073,344.948","-41,265,000","360,529.217","1,153,153.153","-6,660,039.761","1,275,858.636","-6,190,943.975","827,801.724","-25,623,000","1,341,045.812","-74,019.934","-1,518,518.519","-6,480,000","-2,766,453.447","7,670,886.076","-8,372,646.184","-5,440,000","8,856,304.079","3,792,911.392","-16,433,769.634","19,038.208","6,612,605.042","1,329,861.111","-4,627,586.207","480,000","7,971,758.665","1,537,878.788","-2,196,330.275","-31,360,000","8,880,000","4,400,000","-1,439,155.92","5,320,000","-366,028.708","4,080,000","-920,000","2,520,000","4,080,000","4,880,000","-520,000","-6,680,000","-518,719.212","-720,000","120,000","-1,400,000","280,000","-1,280,000","-120,000","-4,000,000","-1,200,000","-1,040,000","0","0","0","0","0","0","-400,000","-320,000","-75,000","0","-80,000","-120,000",,"0","0","-120,000","-40,000","-40,000","-200,000","-440,000","-200,000","-920,000","-160,000","-80,000","-40,000"