name,ttm,03/31/2022,12/31/2021,09/30/2021,06/30/2021,03/31/2021,12/31/2020,09/30/2020,06/30/2020,03/31/2020,12/31/2019,09/30/2019,06/30/2019,03/31/2019,12/31/2018,09/30/2018,06/30/2018,03/31/2018,12/31/2017,09/30/2017,06/30/2017,03/31/2017,12/31/2016,09/30/2016,06/30/2016,03/31/2016,12/31/2015,09/30/2015,06/30/2015,03/31/2015,12/31/2014,09/30/2014,06/30/2014,03/31/2014,12/31/2013,09/30/2013,06/30/2013,03/31/2013,12/31/2012,09/30/2012,06/30/2012,03/31/2012,12/31/2011,09/30/2011,06/30/2011,03/31/2011,12/31/2010,09/30/2010,06/30/2010,03/31/2010,12/31/2009,09/30/2009,06/30/2009,03/31/2009,12/31/2008,09/30/2008,06/30/2008,03/31/2008,12/31/2007,09/30/2007,06/30/2007,03/31/2007,12/31/2006,09/30/2006,06/30/2006,03/31/2006,12/31/2005,09/30/2005,06/30/2005,03/31/2005,12/31/2004,09/30/2004,06/30/2004,03/31/2004,12/31/2003,09/30/2003,06/30/2003,03/31/2003,12/31/2002,09/30/2002,06/30/2002,03/31/2002,12/31/2001,09/30/2001,06/30/2001,03/31/2001,12/31/2000,09/30/2000,06/30/2000,03/31/2000,12/31/1999,09/30/1999,06/30/1999,03/31/1999,12/31/1998,09/30/1998,06/30/1998,03/31/1998,12/31/1997,09/30/1997,06/30/1997,03/31/1997,12/31/1996,09/30/1996,06/30/1996,03/31/1996,12/31/1995,09/30/1995,06/30/1995,03/31/1995,12/31/1994,09/30/1994,06/30/1994,03/31/1994,12/31/1993,09/30/1993,06/30/1993,03/31/1993,12/31/1992,09/30/1992,06/30/1992,03/31/1992,12/31/1991,09/30/1991,06/30/1991,03/31/1991,12/31/1990,09/30/1990,06/30/1990,03/31/1990,12/31/1989,09/30/1989,06/30/1989,03/31/1989,12/31/1988,09/30/1988,06/30/1988,03/31/1988,12/31/1987,09/30/1987,06/30/1987,03/31/1987,12/31/1986,09/30/1986,06/30/1986,03/31/1986,12/31/1985,09/30/1985
TotalRevenue,"1,345,094,000","322,831,000","309,877,000","370,310,000","342,076,000","276,553,000","282,738,000","343,609,000","247,939,000","254,302,000","241,252,000","307,723,000","305,172,000","283,766,000","246,970,000","296,619,000","286,636,000","261,826,000","239,978,000","281,058,000","312,729,000","282,378,000","229,799,000","300,795,000","288,977,000","238,911,000","204,967,000","270,037,000","269,382,000","227,589,000","218,054,000","257,046,000","272,540,000","232,752,000","218,708,000","264,162,000","270,126,000","230,708,000","192,355,000","275,975,000","268,875,000","211,711,000","174,170,000","236,220,000","244,005,000","220,230,000","172,971,000","227,540,000","231,048,000","179,351,000","160,127,000","205,577,000","197,498,000","172,222,000","148,876,000","202,938,000","215,343,000","208,084,000","167,251,000","206,169,000","216,950,000","199,815,000","169,019,000","203,755,000","229,174,000","210,076,000","172,137,000","224,438,000","226,512,000","207,326,000","180,966,000","203,487,000","235,049,000","204,781,000","162,454,000","214,479,000","166,125,000","135,725,000","110,403,000","182,625,000","179,329,000","126,080,000","101,947,000","163,670,000","186,911,000","155,545,000","116,587,000","166,819,000","176,285,000","146,759,000","85,900,000","189,800,000","205,700,000","176,800,000","113,300,000","201,300,000","208,800,000","126,000,000","-58,500,000","209,200,000","220,000,000","189,000,000","154,300,000","187,800,000","205,300,000","174,400,000","141,500,000","178,300,000","184,000,000","159,700,000","137,700,000","168,300,000","187,600,000","147,100,000","132,600,000","161,300,000","161,200,000","127,800,000","117,700,000","138,300,000","150,800,000","128,800,000","118,300,000","135,300,000","151,300,000","129,900,000","113,300,000","133,000,000","131,600,000","129,800,000","105,700,000","110,200,000","117,400,000","95,600,000","94,900,000","104,300,000","101,700,000","97,400,000","89,100,000","92,100,000","93,500,000","81,600,000","81,800,000","71,000,000","67,000,000","64,600,000","59,300,000","60,700,000"
	OperatingRevenue,"1,345,094,000","322,831,000","309,877,000","370,310,000","342,076,000","276,553,000","282,738,000","343,609,000","247,939,000","254,302,000","241,252,000","307,723,000","305,172,000","283,766,000","246,970,000","296,619,000","286,636,000","261,826,000","239,978,000","281,058,000","312,729,000","282,378,000","229,799,000","300,795,000","288,977,000","238,911,000","204,967,000","270,037,000","269,382,000","227,589,000","218,054,000","257,046,000","272,540,000","232,752,000","218,708,000","264,162,000","270,126,000","230,708,000","192,355,000","275,975,000","268,875,000","211,711,000","174,170,000","236,220,000","244,005,000","220,230,000","172,971,000","227,540,000","231,048,000","179,351,000","160,127,000","205,577,000","197,498,000","172,222,000","148,876,000","202,938,000","215,343,000","208,084,000","167,251,000","206,169,000","216,950,000","199,815,000","169,019,000","203,755,000","229,174,000","210,076,000","172,137,000","224,438,000","226,512,000","207,326,000","180,966,000","203,487,000","235,049,000","204,781,000","162,454,000","214,479,000","166,125,000","135,725,000","110,403,000","182,625,000","179,329,000","126,080,000","101,947,000","163,670,000","186,911,000","155,545,000","116,587,000","166,819,000","176,285,000","146,759,000","85,900,000","189,800,000","205,700,000","176,800,000","113,300,000","201,300,000","208,800,000","126,000,000","-58,500,000","209,200,000","220,000,000","189,000,000","154,300,000","187,800,000","205,300,000","174,400,000","141,500,000","178,300,000","184,000,000","159,700,000","137,700,000","168,300,000","187,600,000","147,100,000","132,600,000","161,300,000","161,200,000","127,800,000","117,700,000","138,300,000","150,800,000","128,800,000","118,300,000","135,300,000","151,300,000","129,900,000","113,300,000","133,000,000","131,600,000","129,800,000","105,700,000","110,200,000","117,400,000","95,600,000","94,900,000","104,300,000","101,700,000","97,400,000","89,100,000","92,100,000","93,500,000","81,600,000","81,800,000","71,000,000","67,000,000","64,600,000","59,300,000","60,700,000"
CostOfRevenue,"962,107,000","232,991,000","221,207,000","265,105,000","242,804,000","192,769,000","188,584,000","235,861,000","183,581,000","183,907,000","168,408,000","215,635,000","216,267,000","205,803,000","175,367,000","209,313,000","205,347,000","189,237,000","170,633,000","198,523,000","222,063,000","198,268,000","163,028,000","205,151,000","201,901,000","165,915,000","142,181,000","188,484,000","196,622,000","163,700,000","150,960,000","179,819,000","195,141,000","164,842,000","151,959,000","184,081,000","192,330,000","164,880,000","134,388,000","198,167,000","199,531,000","157,161,000","125,836,000","171,732,000","180,832,000","167,078,000","127,586,000","167,526,000","172,659,000","135,533,000","120,005,000","155,774,000","151,092,000","131,329,000","113,345,000","154,166,000","166,714,000","156,860,000","128,182,000","151,527,000","160,261,000","147,940,000","123,067,000","154,423,000","172,468,000","156,845,000","132,639,000","175,301,000","177,602,000","158,891,000","151,743,000","150,945,000","172,781,000","153,821,000","124,329,000","156,191,000","122,306,000","101,185,000","78,729,000","133,023,000","133,796,000","95,345,000","76,159,000","113,477,000","137,999,000","110,580,000","78,282,000","109,953,000","114,097,000","94,711,000","70,300,000","123,100,000","136,400,000","119,100,000","73,400,000","134,900,000","141,000,000","77,300,000","-44,900,000","137,000,000","144,000,000","125,200,000","98,200,000","123,700,000","134,500,000","114,300,000","88,700,000","120,100,000","120,100,000","102,300,000","83,100,000","106,700,000","120,900,000","94,000,000","80,000,000","101,900,000","101,800,000","79,400,000","73,300,000","87,800,000","95,800,000","80,000,000","74,900,000","84,900,000","96,500,000","82,300,000","64,100,000","83,200,000","79,600,000","82,400,000","68,200,000","68,300,000","70,800,000",,,,,,,,,,,,,,,
GrossProfit,"382,987,000","89,840,000","88,670,000","105,205,000","99,272,000","83,784,000","94,154,000","107,748,000","64,358,000","70,395,000","72,844,000","92,088,000","88,905,000","77,963,000","71,603,000","87,306,000","81,289,000","72,589,000","69,345,000","82,535,000","90,666,000","84,110,000","66,771,000","95,644,000","87,076,000","72,996,000","62,786,000","81,553,000","72,760,000","63,889,000","67,094,000","77,227,000","77,399,000","67,910,000","66,749,000","80,081,000","77,796,000","65,828,000","57,967,000","77,808,000","69,344,000","54,550,000","48,334,000","64,488,000","63,173,000","53,152,000","45,385,000","60,014,000","58,389,000","43,818,000","40,122,000","49,803,000","46,406,000","40,893,000","35,531,000","48,772,000","48,629,000","51,224,000","39,069,000","54,642,000","56,689,000","51,875,000","45,952,000","49,332,000","56,706,000","53,231,000","39,498,000","49,137,000","48,910,000","48,435,000","29,223,000","52,542,000","62,268,000","50,960,000","38,125,000","58,288,000","43,819,000","34,540,000","31,674,000","49,602,000","45,533,000","30,735,000","25,788,000","50,193,000","48,912,000","44,965,000","38,305,000","56,866,000","62,188,000","52,048,000","15,600,000","66,700,000","69,300,000","57,700,000","39,900,000","66,400,000","67,800,000","48,700,000","-13,600,000","72,200,000","76,000,000","63,800,000","56,100,000","64,100,000","70,800,000","60,100,000","52,800,000","58,200,000","63,900,000","57,400,000","54,600,000","61,600,000","66,700,000","53,100,000","52,600,000","59,400,000","59,400,000","48,400,000","44,400,000","50,500,000","55,000,000","48,800,000","43,400,000","50,400,000","54,800,000","47,600,000","49,200,000","49,800,000","52,000,000","47,400,000","37,500,000","41,900,000","46,600,000",,,,,,,,,,,,,,,
OperatingExpense,"255,964,000","62,884,000","64,232,000","66,501,000","62,347,000","54,460,000","60,967,000","59,534,000","48,328,000","55,867,000","54,222,000","59,959,000","60,533,000","60,006,000","51,733,000","60,122,000","57,708,000","57,446,000","51,019,000","54,484,000","59,762,000","57,044,000","52,311,000","60,955,000","54,461,000","52,736,000","53,195,000","51,676,000","51,474,000","48,917,000","47,994,000","48,543,000","48,574,000","47,334,000","50,187,000","50,291,000","50,376,000","49,380,000","44,025,000","51,370,000","46,641,000","44,776,000","41,357,000","41,422,000","40,016,000","40,371,000","36,852,000","41,991,000","41,803,000","36,665,000","37,035,000","36,775,000","36,813,000","36,019,000","77,506,000","41,294,000","42,724,000","44,062,000","40,034,000","42,861,000","43,324,000","42,731,000","41,228,000","40,039,000","42,995,000","43,788,000","41,641,000","39,134,000","43,705,000","42,076,000","39,251,000","48,105,000","46,150,000","47,328,000","37,740,000","50,072,000","33,279,000","32,212,000","36,186,000","32,510,000","34,227,000","31,053,000","32,812,000","40,729,000","40,762,000","40,012,000","38,121,000","45,173,000","47,537,000","47,912,000","36,300,000","47,400,000","47,100,000","48,900,000","34,600,000","49,000,000","52,900,000","42,500,000","8,100,000","57,600,000","63,000,000","60,300,000","50,800,000","54,200,000","58,600,000","50,800,000","49,900,000","50,900,000","49,900,000","49,300,000","44,100,000","47,200,000","51,900,000","46,500,000","45,300,000","48,300,000","47,300,000","41,500,000","39,100,000","43,900,000","49,400,000","43,900,000","42,700,000","43,900,000","44,900,000","40,200,000","44,300,000","42,400,000","45,200,000","38,800,000","31,500,000","32,900,000","36,500,000",,,,,,,,,,,,,,,
	SellingGeneralAndAdministration,"255,971,000","62,884,000","64,231,000","66,509,000","62,347,000","54,460,000","60,972,000","59,497,000","48,328,000","55,873,000","54,232,000","59,947,000","60,536,000","60,000,000","55,732,000","60,137,000","57,750,000","57,717,000","51,348,000","54,800,000","60,076,000","57,360,000","52,625,000","61,277,000","54,758,000","52,998,000","53,446,000","51,907,000","51,736,000","49,198,000","48,273,000","48,811,000","48,847,000","47,594,000","50,443,000","50,615,000","50,588,000","49,610,000","45,173,000","50,937,000","46,609,000","44,776,000","41,509,000","41,680,000","40,016,000","40,640,000","38,974,000","41,991,000","41,803,000","36,665,000","37,035,000","36,775,000","36,813,000","36,019,000","38,119,000","41,294,000","42,724,000","44,062,000","40,034,000","42,861,000","43,324,000","42,731,000","41,228,000","40,039,000","42,995,000","43,788,000","41,641,000","39,134,000","43,705,000","42,076,000","32,822,000","48,105,000","46,150,000","47,328,000","37,740,000","50,072,000","33,279,000","32,212,000","32,852,000","32,510,000","34,227,000","31,053,000","32,812,000","40,729,000","40,762,000","40,012,000","33,402,000","40,221,000","43,015,000","43,183,000","32,300,000","42,900,000","42,900,000","44,400,000","31,000,000","45,000,000","48,200,000","37,500,000","3,400,000","53,000,000","58,200,000","55,400,000","46,600,000","50,900,000","54,000,000","46,600,000","46,900,000","47,300,000","46,700,000","46,100,000","41,500,000","44,400,000","49,100,000","43,700,000","42,800,000","45,600,000","44,600,000","38,800,000","37,100,000","41,300,000","46,800,000","41,400,000","40,700,000","41,600,000","42,500,000","38,000,000","42,800,000","40,100,000","43,100,000","36,700,000","29,600,000","31,100,000","34,600,000",,,,,,,,,,,,,,,
	DepreciationAmortizationDepletionIncomeStatement,,,,,,,,,,,,,,,,,,,,,,,,,,,,,,,,,,,,,,,,,,,,,,,,,,,,,,,,,,,,,,,,,,,,,,,,,,,,,,,,,,,,,,,"4,719,000","4,952,000","4,522,000","4,729,000","4,000,000","4,500,000","4,200,000","4,500,000","3,600,000","4,000,000","4,700,000","5,000,000","4,700,000","4,600,000","4,800,000","4,900,000","4,200,000","3,300,000","4,600,000","4,200,000","3,000,000","3,600,000","3,200,000","3,200,000","2,600,000","2,800,000","2,800,000","2,800,000","2,500,000","2,700,000","2,700,000","2,700,000","2,000,000","2,600,000","2,600,000","2,500,000","2,000,000","2,300,000","2,400,000","2,200,000","1,500,000","2,300,000","2,100,000","2,100,000","1,900,000","1,800,000","1,900,000",,,,,,,,,,,,,,,
		DepreciationAndAmortizationInIncomeStatement,,,,,,,,,,,,,,,,,,,,,,,,,,,,,,,,,,,,,,,,,,,,,,,,,,,,,,,,,,,,,,,,,,,,,,,,,,,,,,,,,,,,,,,"4,719,000","4,952,000","4,522,000","4,729,000","4,000,000","4,500,000","4,200,000","4,500,000","3,600,000","4,000,000","4,700,000","5,000,000","4,700,000","4,600,000","4,800,000","4,900,000","4,200,000","3,300,000","4,600,000","4,200,000","3,000,000","3,600,000","3,200,000","3,200,000","2,600,000","2,800,000","2,800,000","2,800,000","2,500,000","2,700,000","2,700,000","2,700,000","2,000,000","2,600,000","2,600,000","2,500,000","2,000,000","2,300,000","2,400,000","2,200,000","1,500,000","2,300,000","2,100,000","2,100,000","1,900,000","1,800,000","1,900,000",,,,,,,,,,,,,,,
	OtherOperatingExpenses,,,"1,000","-8,000",,,"-5,000","37,000",,"-6,000","-10,000","12,000","-3,000","6,000","-3,999,000","-15,000","-42,000","-271,000","-329,000","-316,000","-314,000","-316,000","-314,000","-322,000","-297,000","-262,000","-251,000","-231,000","-262,000","-281,000","-279,000","-268,000","-273,000","-260,000","-256,000","-324,000","-212,000","-230,000","-1,148,000","433,000","32,000",,"-152,000","-258,000","-262,000","-269,000",,,,,,,,,,,,,,,,,,,,,,,,,,,,,,,,,,,,,,,,,,,,,,,,,,,,,,,,,,,,,,,,,,,,,,,,,,,,,,,,,,,,,,,,,,,,,,,,,,,,,,
OperatingIncome,"127,023,000","26,956,000","24,438,000","38,704,000","36,925,000","29,324,000","33,187,000","48,214,000","16,030,000","14,528,000","18,622,000","32,129,000","28,372,000","17,957,000","19,870,000","27,184,000","23,581,000","15,143,000","18,326,000","28,051,000","30,904,000","27,066,000","14,460,000","34,689,000","32,615,000","20,260,000","9,591,000","29,877,000","21,286,000","14,972,000","19,100,000","28,684,000","28,825,000","20,576,000","16,562,000","29,790,000","27,420,000","16,448,000","13,942,000","26,438,000","22,703,000","9,774,000","6,977,000","23,066,000","23,157,000","12,781,000","8,533,000","18,023,000","16,586,000","7,153,000","3,087,000","13,028,000","9,593,000","4,874,000","-41,975,000","7,478,000","5,905,000","7,162,000","-965,000","11,781,000","13,365,000","9,144,000","4,724,000","9,293,000","13,711,000","9,443,000","-2,143,000","10,003,000","5,205,000","6,359,000","-10,028,000","4,437,000","16,118,000","3,632,000","385,000","8,216,000","10,540,000","2,328,000","-4,512,000","17,092,000","11,306,000","-318,000","-7,024,000","9,464,000","8,150,000","4,953,000","184,000","11,693,000","14,651,000","4,136,000","-20,700,000","19,300,000","22,200,000","8,800,000","5,300,000","17,400,000","14,900,000","6,200,000","-21,700,000","14,600,000","13,000,000","3,500,000","5,300,000","9,900,000","12,200,000","9,300,000","2,900,000","7,300,000","14,000,000","8,100,000","10,500,000","14,400,000","14,800,000","6,600,000","7,300,000","11,100,000","12,100,000","6,900,000","5,300,000","6,600,000","5,600,000","4,900,000","700,000","6,500,000","9,900,000","7,400,000","4,900,000","7,400,000","6,800,000","8,600,000","6,000,000","9,000,000","10,100,000","95,600,000","-282,300,000","104,300,000","101,700,000","97,400,000","-235,000,000","92,100,000","93,500,000","81,600,000","-172,200,000","71,000,000","67,000,000","64,600,000","-165,500,000","60,700,000"
NetNonOperatingInterestIncomeExpense,"-2,575,000","-805,000","-623,000","-652,000","-495,000","-209,000","-112,000","-462,000","-772,000","-873,000","-870,000","-1,508,000","-1,722,000","-1,089,000","-809,000","-1,254,000","-1,251,000","-632,000","-453,000","-595,000","-722,000","-468,000","-197,000","-501,000","-394,000","-311,000","-148,000","-332,000","-480,000","-426,000","-115,000","-440,000","-457,000","-308,000","21,000","-403,000","-646,000","-572,000","-364,000","-702,000","-842,000","-713,000","-662,000","-757,000","-1,045,000","-1,357,000","-1,417,000","-1,844,000","-2,002,000","-1,864,000","-1,990,000","-2,423,000","-2,325,000","-2,477,000",,,,,,,,,,,,,,,,,,,,,,,,,,,,,,,,,,,,,,,,,,,,,,,,,,,,,,,,,,,,,,,,,,,,,,,,,,,,,,,,,,,,,,,,,,,,,,
	InterestExpenseNonOperating,"2,624,000","805,000","672,000","652,000","495,000","209,000","221,000","462,000","772,000","873,000","967,000","1,508,000","1,722,000","1,089,000","889,000","1,254,000","1,251,000","632,000","544,000","595,000","722,000","468,000","350,000","501,000","394,000","311,000","299,000","332,000","480,000","426,000","411,000","440,000","457,000","308,000","281,000","403,000","646,000","572,000","531,000","702,000","842,000","713,000","662,000","757,000","1,045,000","1,357,000","1,417,000","1,844,000","2,002,000","1,864,000","1,990,000","2,423,000","2,325,000","2,477,000",,,,,,,,,,,,,,,,,,,,,,,,,,,,,,,,,,,,,,,,,,,,,,,,,,,,,,,,,,,,,,,,,,,,,,,,,,,,,,,,,,,,,,,,,,,,,,
OtherIncomeExpense,"3,826,000","1,408,000","972,000","614,000","832,000","635,000","-2,489,000","264,000","593,000","-729,000","-908,000","-600,000","767,000","646,000","-2,728,000","345,000","249,000","-2,867,000","-3,635,000","-813,000","-495,000","-724,000","-730,000","-907,000","-506,000","92,000","-450,000","-455,000","574,000","94,000","-1,332,000","-1,298,000","-10,898,000","-584,000","-1,100,000","-1,680,000","-264,000","-614,000","-1,455,000","-642,000","-37,000","-113,000","2,096,000","-45,000","51,000","-76,000","-2,079,000","348,000","-991,000","-355,000","-8,000,000","-2,521,000","2,212,000","-1,058,000","-49,143,000","-612,000","-1,366,000","17,526,000","-6,782,000","-766,000","220,000","-411,000","-3,391,000","222,000","667,000","263,000","880,000","-151,000","-2,684,000","-739,000","-16,783,000","823,000","-1,856,000","-1,124,000","-5,489,000","-685,000","-129,000","-274,000","-3,210,000","969,000","88,000","668,000","1,224,000","819,000","220,000","80,000","-139,000","151,000","61,000","424,000","-400,000",,"-500,000","-300,000","0","-1,700,000","100,000","200,000","0","400,000","100,000","500,000","200,000","300,000","700,000","600,000","800,000","500,000","700,000","400,000","500,000","400,000",,"200,000","700,000","300,000","400,000","200,000","200,000","200,000","200,000","100,000","200,000","100,000","100,000","100,000",,"-400,000","100,000","300,000","200,000","500,000","800,000",,,,,,,,,,,,,,,
	SpecialIncomeCharges,"-433,000","-41,000","-226,000","-166,000","0","0","-2,600,000","-250,000","-9,000","-205,000","-1,116,000","-825,000","-644,000","0","-1,437,000","-6,000","-231,000","-2,836,000","-2,259,000","-1,132,000","-1,235,000","-1,547,000","-1,830,000","-1,115,000","-771,000","-241,000","-688,000","80,000","26,000","-57,000","-128,000","-343,000","-11,205,000","-171,000","-826,000","-1,913,000","-200,000","-418,000","-592,000","-642,000","-37,000","-113,000","2,096,000","-45,000","51,000","-76,000","-2,079,000","348,000","-991,000","-355,000","-8,000,000","-2,521,000","2,212,000","-1,058,000","-49,143,000","-612,000","-1,366,000","17,526,000","-6,782,000","-766,000","220,000","-411,000","-3,391,000","222,000","667,000","263,000","880,000","-151,000","-2,684,000","-739,000","-16,783,000","823,000","-1,856,000","-1,124,000","-5,489,000","-685,000","-129,000","-274,000","-3,210,000","969,000","88,000","668,000","1,224,000","819,000","220,000","80,000","-139,000","151,000","61,000","424,000","-400,000",,"-500,000","-300,000","0","-1,700,000","100,000","200,000","0","400,000","100,000","500,000","200,000","300,000","700,000","600,000","800,000","500,000","700,000","400,000","500,000","400,000",,"200,000","700,000","300,000","400,000","200,000","200,000","200,000","200,000","100,000","200,000","100,000","100,000","100,000",,"-400,000","100,000","300,000","200,000","500,000","800,000",,,,,,,,,,,,,,,
		RestructuringAndMergernAcquisition,"433,000","41,000","226,000","166,000","0","0","0","250,000","9,000","205,000","1,116,000","825,000","644,000","0","1,437,000","6,000","231,000","2,836,000","2,259,000","1,132,000","1,235,000","1,547,000","1,830,000","1,115,000","771,000","241,000","-85,000","-80,000","-26,000","57,000","128,000","343,000","555,000","171,000","826,000","1,913,000","200,000","418,000","658,000","642,000","13,000","124,000","601,000","275,000","125,000","343,000","72,000","1,388,000","1,289,000","753,000","1,709,000","3,304,000","1,210,000","1,163,000","10,741,000","1,905,000","1,376,000","2,836,000","7,066,000","2,630,000","559,000","678,000","1,028,000","598,000","143,000","87,000","722,000","218,000","3,878,000","524,000",,,"2,556,000","1,367,000",,,,,,,,,,,,,,,,,,,,,,,,,,,,,,,,,,,,,,,,,,,,,,,,,,,,,,,,,,,,,,,,,,,,,,,,,,
		ImpairmentOfCapitalAssets,,,"0",,,,"2,600,000",,,,,,,,,,,,,,,,,,,,,,,,,,,,,,,,,,,,,,,,,,,,,,,,,,,,,,,,,,,,,,,,,,,,,,,,,,,,,,,,,,,,,,,,,,,,,,,,,,,,,,,,,,,,,,,,,,,,,,,,,,,,,,,,,,,,,,,,,,,,,
		OtherSpecialCharges,,,,,,,,,,,,,,,,,,,,,,,,,,,,,,,"0",,"10,650,000",,,,,,,,"24,000","-11,000","-2,697,000","-230,000","-176,000","-267,000","2,007,000","-1,736,000","-298,000","-398,000","6,291,000","-783,000","-3,422,000","-105,000","38,402,000","-1,293,000","-10,000","-20,362,000","-284,000","-1,864,000","-779,000","-267,000","2,363,000","-820,000","-810,000","-350,000","-1,602,000","-67,000","-1,194,000","215,000",,,"-700,000","-243,000",,,,,,,,,,,,,,,,,,,,,,,,,,,,,,,,,,,,,,,,,,,,,,,,,,,,,,,,,,,,,,,,,,,,,,,,,,
	OtherNonOperatingIncomeExpenses,"1,221,000","1,449,000","-1,840,000","780,000","832,000","635,000","-359,000","514,000","602,000","-524,000","-2,155,000","225,000","1,411,000","646,000","-403,000","351,000","480,000","-31,000","-1,724,000","319,000","740,000","823,000","-653,000","208,000","265,000","333,000","-19,000","-535,000","548,000","151,000","1,180,000","-955,000","307,000","-413,000","154,000","233,000","-64,000","-196,000","-630,000",,,,,,,,,,,,,,,,,,,,,,,,,,,,,,,,,,,,,,,,,,,,,,,,,,,,,,,,,,,,,,,,,,,,,,,,,,,,,,,,,,,,,,,,,,,,,,,,,,,,,,,,,,,,,
PretaxIncome,"128,274,000","27,559,000","24,787,000","38,666,000","37,262,000","29,750,000","30,586,000","48,016,000","15,851,000","12,926,000","16,844,000","30,021,000","27,417,000","17,514,000","16,333,000","26,275,000","22,579,000","11,644,000","14,238,000","26,643,000","29,687,000","25,874,000","13,533,000","33,281,000","31,715,000","20,041,000","8,993,000","29,090,000","21,380,000","14,640,000","17,653,000","26,946,000","17,470,000","19,684,000","15,483,000","27,707,000","26,510,000","15,262,000","11,215,000","25,960,000","21,824,000","8,948,000","8,411,000","22,264,000","22,425,000","11,348,000","5,037,000","16,527,000","13,593,000","4,934,000","-6,903,000","8,084,000","9,480,000","1,339,000","-54,868,000","3,757,000","1,151,000","20,757,000","-11,163,000","6,410,000","8,790,000","4,192,000","-3,116,000","4,397,000","9,123,000","5,253,000","-5,723,000","5,300,000","-1,769,000","1,845,000","-23,703,000","1,786,000","10,057,000","-726,000","-8,289,000","3,461,000","7,223,000","-964,000","-6,417,000","14,455,000","7,585,000","-3,112,000","-9,268,000","5,488,000","3,330,000","906,000","-4,414,000","6,924,000","9,992,000","614,000","-24,900,000","15,200,000","16,800,000","4,800,000","1,700,000","11,300,000","9,900,000","3,100,000","-20,400,000","9,600,000","7,700,000","-1,100,000","700,000","4,800,000","8,100,000","6,100,000","300,000","3,700,000","11,000,000","5,300,000","8,000,000","11,700,000","11,700,000","3,900,000","5,000,000","8,400,000","9,500,000","4,000,000","2,800,000","3,800,000","2,700,000","1,500,000","-2,700,000","2,600,000","5,300,000","2,700,000","1,200,000","2,600,000","1,700,000","4,000,000","1,200,000","5,200,000","6,600,000",,,,,,,,,,,,,,,
TaxProvision,"30,463,000","7,005,000","4,729,000","9,481,000","9,248,000","7,586,000","7,844,000","11,804,000","4,009,000","3,305,000","4,106,000","7,367,000","6,862,000","4,410,000","4,176,000","7,002,000","5,752,000","3,047,000","22,344,000","9,535,000","11,426,000","9,507,000","4,694,000","12,226,000","11,853,000","7,385,000","3,214,000","9,896,000","7,572,000","5,301,000","6,136,000","9,140,000","6,301,000","7,277,000","6,092,000","10,021,000","10,110,000","5,696,000","4,905,000","8,516,000","8,103,000","3,454,000","-21,112,000","8,164,000","8,732,000","4,337,000","2,362,000","5,430,000","5,532,000","2,067,000","-1,660,000","3,360,000","3,842,000","552,000","-20,798,000","3,360,000","1,923,000","7,410,000","-3,220,000","1,628,000","3,134,000","1,256,000","-1,643,000","1,814,000","3,668,000","2,655,000","-18,000","1,137,000","-488,000","792,000","-6,458,000","446,000","2,514,000","-181,000","-2,778,000","1,419,000","2,923,000","-357,000","1,587,000","4,623,000","2,124,000","-872,000","-2,938,000","1,740,000","1,055,000","287,000","-2,365,000","2,066,000","2,956,000","229,000","-7,300,000","4,600,000","4,800,000","1,200,000","300,000","1,700,000","1,300,000","400,000","-5,300,000","1,700,000","1,200,000","-200,000","-100,000","1,300,000","2,000,000","1,800,000","-500,000","600,000","2,700,000","1,400,000","3,000,000","4,000,000","3,500,000","1,200,000","1,700,000","2,700,000","2,700,000","1,100,000","-200,000","1,000,000","700,000","400,000","-1,600,000","700,000","1,400,000","700,000","300,000","100,000","400,000","1,000,000","600,000","1,200,000","1,600,000",,,,,,,,,,,,,,,
NetIncomeCommonStockholders,"89,332,000","19,446,000","18,662,000","24,063,000","27,142,000","21,000,000","9,174,000","28,625,000","10,967,000","8,627,000","11,518,000","14,751,000","19,432,000","12,216,000","3,320,000","15,749,000","15,945,000","7,989,000","-8,647,000","13,125,000","17,764,000","15,734,000","8,352,000","20,630,000","19,244,000","12,204,000","5,226,000","18,466,000","13,378,000","8,948,000","11,098,000","9,566,000","10,640,000","11,725,000","8,936,000","17,297,000","16,043,000","9,174,000","5,915,000","16,840,000","13,404,000","5,194,000","29,311,000","13,045,000","13,338,000","6,707,000","2,244,000","9,656,000","7,689,000","2,371,000","-5,445,000","3,085,000","5,316,000","527,000","-33,638,000","-1,182,000","-1,095,000","13,021,000","-8,323,000","2,634,000","5,377,000","2,587,000","-1,828,000","4,239,000","5,166,000","1,834,000","-6,240,000","3,714,000","-1,665,000","646,000","-19,426,000","-676,000","6,692,000","-970,000","-5,881,000","1,451,000","3,867,000","-955,000","-10,623,000","-7,086,000","5,461,000","-18,225,000","-6,330,000","2,684,000","-1,581,000","-433,000","-2,049,000","4,858,000","7,036,000","-116,000","-17,600,000","11,700,000","12,000,000","3,600,000","1,400,000","9,600,000","8,600,000","2,700,000","-48,000,000","7,900,000","6,500,000","-900,000","800,000","3,500,000","6,100,000","4,300,000","800,000","3,100,000","8,300,000","3,900,000","5,000,000","7,700,000","8,200,000","2,700,000","3,300,000","5,700,000","6,800,000","1,800,000","3,000,000","2,800,000","2,000,000","1,100,000","-1,100,000","1,900,000","3,900,000","2,000,000","900,000","2,500,000","1,300,000","3,000,000","600,000","4,000,000","5,000,000",,,,,,,,,,,,,,,
	NetIncome,"89,332,000","19,446,000","18,662,000","24,063,000","27,142,000","21,000,000","9,174,000","28,625,000","10,967,000","8,627,000","11,518,000","14,751,000","19,432,000","12,216,000","3,320,000","15,749,000","15,945,000","7,989,000","-8,647,000","13,125,000","17,764,000","15,734,000","8,352,000","20,630,000","19,244,000","12,204,000","5,226,000","18,466,000","13,378,000","8,948,000","11,098,000","9,566,000","10,640,000","11,725,000","8,936,000","17,297,000","16,043,000","9,174,000","5,915,000","16,840,000","13,404,000","5,194,000","29,311,000","13,045,000","13,338,000","6,707,000","2,244,000","9,656,000","7,689,000","2,371,000","-5,445,000","3,085,000","5,316,000","527,000","-33,638,000","-1,182,000","-1,095,000","13,021,000","-8,323,000","2,634,000","5,377,000","2,587,000","-1,828,000","4,239,000","5,166,000","1,834,000","-6,240,000","3,714,000","-1,665,000","646,000","-19,426,000","-676,000","6,692,000","-970,000","-5,881,000","1,451,000","3,867,000","-955,000","-10,623,000","-7,086,000","5,461,000","-18,225,000","-6,330,000","3,748,000","-522,000","619,000","-2,049,000","4,858,000","7,036,000","-116,000","-17,600,000","11,700,000","12,000,000","3,600,000","1,400,000","9,600,000","8,600,000","2,700,000","-48,000,000","7,900,000","6,500,000","-900,000","800,000","3,500,000","6,100,000","4,300,000","800,000","3,100,000","8,300,000","3,900,000","5,000,000","7,700,000","8,200,000","2,700,000","3,300,000","5,700,000","6,800,000","1,800,000","3,000,000","2,800,000","2,000,000","1,100,000","-1,100,000","1,900,000","3,900,000","2,000,000","900,000","2,500,000","1,300,000","3,000,000","600,000","4,000,000","5,000,000",,,,,,,,,,,,,,,
		NetIncomeIncludingNoncontrollingInterests,"89,392,000","19,438,000","18,730,000","24,063,000","27,161,000","21,000,000","9,174,000","28,625,000","10,967,000","8,627,000","11,518,000","14,751,000","19,432,000","12,216,000","3,320,000","15,749,000","15,945,000","7,989,000","-8,647,000","13,125,000","17,764,000","15,734,000","8,352,000","20,630,000","19,244,000","12,204,000","5,226,000","18,466,000","13,378,000","8,948,000","11,098,000","9,566,000","10,640,000","11,725,000","8,936,000","17,297,000","16,043,000","9,174,000","5,915,000","16,840,000","13,404,000","5,194,000","29,311,000","13,045,000","13,338,000","6,707,000","2,244,000","9,656,000","7,689,000","2,371,000","-5,445,000","3,085,000","5,316,000","527,000","-33,638,000","-1,182,000","-1,095,000","13,021,000","-8,323,000","2,634,000","5,377,000","2,587,000","-1,828,000","4,239,000","5,166,000","1,834,000","-6,240,000","3,714,000","-1,665,000","646,000","-19,426,000","-676,000","6,692,000","-970,000","-5,881,000","1,451,000","3,867,000","-955,000","-10,623,000","-7,086,000","5,461,000","-18,225,000","-6,330,000","3,748,000","-522,000","619,000","-2,022,000","4,819,000","7,009,000","-77,000","-17,500,000","11,800,000","12,000,000","3,700,000","1,500,000","9,700,000","8,600,000","2,800,000","-48,000,000","8,000,000","6,500,000","-1,000,000","700,000","3,500,000","6,100,000","4,300,000","800,000","3,100,000","8,300,000","3,900,000","5,000,000","7,700,000","8,200,000","2,700,000","3,300,000","5,700,000","6,800,000","1,800,000","3,000,000","2,800,000","2,000,000","1,100,000","-1,100,000","1,900,000","3,900,000","2,000,000","900,000","2,500,000","1,300,000","3,000,000","600,000","4,000,000","5,000,000","3,600,000","2,700,000","2,700,000","1,100,000","2,900,000","3,300,000","4,600,000","4,300,000","4,200,000","5,000,000","4,600,000","5,000,000","4,100,000","3,400,000","1,900,000"
			NetIncomeContinuousOperations,"97,811,000","20,554,000","20,058,000","29,185,000","28,014,000","22,164,000","22,742,000","36,212,000","11,842,000","9,621,000","12,738,000","22,654,000","20,555,000","13,104,000","12,157,000","19,273,000","16,827,000","8,597,000","-8,106,000","17,108,000","18,261,000","16,367,000","8,839,000","21,055,000","19,862,000","12,656,000","5,779,000","19,194,000","13,808,000","9,339,000","11,517,000","17,806,000","11,169,000","12,407,000","9,391,000","17,686,000","16,400,000","9,566,000","6,310,000","17,444,000","13,721,000","5,494,000","29,523,000","14,100,000","13,693,000","7,011,000","2,675,000","11,097,000","8,061,000","2,867,000","-5,243,000","4,724,000","5,638,000","787,000","-34,070,000","397,000","-772,000","13,347,000","-7,943,000","4,782,000","5,656,000","2,936,000","-1,473,000","2,583,000","5,455,000","2,598,000","-5,705,000","4,163,000","-1,281,000","1,053,000","-17,245,000","1,340,000","7,543,000","-545,000","-5,511,000","2,042,000","4,300,000","-607,000","-8,004,000","9,832,000","5,461,000","-2,240,000","-6,330,000","3,748,000","2,275,000","619,000","-2,049,000","4,858,000","7,036,000","385,000","-17,600,000","10,600,000","12,000,000","3,600,000","1,400,000","9,600,000","8,600,000","2,700,000","-15,100,000","7,900,000","6,500,000","-900,000","800,000","3,500,000","6,100,000","4,300,000","800,000","3,100,000","8,300,000","3,900,000","5,000,000","7,700,000","8,200,000","2,700,000","3,300,000","5,700,000","6,800,000","2,900,000","3,000,000","2,800,000","2,000,000","1,100,000","-1,100,000","1,900,000","3,900,000","2,000,000","900,000","2,500,000","1,300,000","3,000,000","600,000","4,000,000","5,000,000","3,600,000","2,700,000","2,700,000","1,100,000","2,900,000","3,300,000","4,600,000","4,300,000","4,200,000","5,000,000","4,600,000","5,000,000","4,100,000","3,400,000","1,900,000"
			NetIncomeDiscontinuousOperations,"-8,419,000","-1,116,000","-1,328,000","-5,122,000","-853,000","-1,164,000","-13,568,000","-7,587,000","-875,000","-994,000","-1,220,000","-7,903,000","-1,123,000","-888,000","-8,837,000","-3,524,000","-882,000","-608,000","-541,000","-3,983,000","-497,000","-633,000","-487,000","-425,000","-618,000","-452,000","-553,000","-728,000","-430,000","-391,000","-419,000","-8,240,000","-529,000","-682,000","-455,000","-389,000","-357,000","-392,000","-395,000","-604,000","-317,000","-300,000","-212,000","-1,055,000","-355,000","-304,000","-431,000","-1,441,000","-372,000","-496,000","-202,000","-1,639,000","-322,000","-260,000","432,000","-1,579,000","-323,000","-326,000","-380,000","-2,148,000","-279,000","-349,000","-355,000","1,656,000","-289,000","-764,000","-535,000","-449,000","-384,000","-407,000","-617,000","-2,016,000","-851,000","-425,000","-370,000","-591,000","-433,000","-348,000","-254,000","-16,918,000",,,,,,,,,,,,,,,,,,,,,,,,,,,,,,,,,,,,,,,,,,,,,,,,,,,,,,,,,,,,,,,,,,,,
			NetIncomeExtraordinary,,,,,,,,,,,,,,,,,,,,,,,,,,,,,,,,,,,,,,,,,,,,,,,,,,,,,,,,,,,,,,,,,,,,,,,,,,,,,,,"-2,365,000",,,"-15,985,000",,,,,,,,,,,,,,,,,,,,,,,,,,,,,,,,,"0",,,"-1,100,000",,,,,,,,,,,,,,,,,,,,,,,,,,,,,,
			NetIncomeFromTaxLossCarryforward,,,,,,,,,,,,,,,,,,,,,,,,,,,,,,,,,,,,,,,,,,,,,,,,,,,,,,,,,,,,,,,,,,,,,,,,,,,,,,,,,,,"0",,"-2,797,000",,"0",,,"-501,000","0","1,100,000",,,,,,,,,,,,,,,,,,,,,,,,,,,,,,,,,,,,,,,,,,,,,,,,,,,,,,,,
		MinorityInterests,"-60,000","8,000","-36,000","-13,000","-19,000",,,,,,,,,,,,,,,,,,,,,,,,,,,,,,,,,,,,,,,,,,,,,,,,,,,,,,,,,,,,,,,,,,,,,,,,,,,,,,,,,,,"39,000","27,000","-39,000","-100,000","-100,000",,"-100,000","-100,000","-100,000",,"-100,000","0","-100,000",,"100,000",,,,,,,,,,,,,,,,,,,,,,,,,,,,,,,,,,,,,,,,,,,,,,
	PreferredStockDividends,,,,,,,,,,,,,,,,,,,,,,,,,,,,,,,,,,,,,,,,,,,,,,,,,,,,,,,,,,,,,,,,,,,,,,,,,,,,,,,,,,,"0","1,064,000","1,059,000","1,052,000",,,,,,,,,,,,,,,,,,,,,,,,,,,,,,,,,,,,,,,,,,,,,,,,,,,,,,,,,,,,,,
DilutedNIAvailtoComStockholders,"89,332,000","19,446,000","18,662,000","24,063,000","27,142,000","21,000,000","9,174,000","28,625,000","10,967,000","8,627,000","11,518,000","14,751,000","19,432,000","12,216,000","3,320,000","15,749,000","15,945,000","7,989,000","-8,647,000","13,125,000","17,764,000","15,734,000","8,352,000","20,630,000","19,244,000","12,204,000","5,226,000","18,466,000","13,378,000","8,948,000","11,098,000","9,566,000","10,640,000","11,725,000","8,936,000","17,297,000","16,043,000","9,174,000","5,915,000","16,840,000","13,404,000","5,194,000","29,311,000","13,045,000","13,338,000","6,707,000","2,244,000","9,656,000","7,689,000","2,371,000","-5,445,000","3,085,000","5,316,000","527,000","-33,638,000","-1,182,000","-1,095,000","13,021,000","-8,323,000","2,634,000","5,377,000","2,587,000","-1,828,000","4,239,000","5,166,000","1,834,000","-6,240,000","3,714,000","-1,665,000","646,000","-19,426,000","-676,000","6,692,000","-970,000","-5,881,000","1,451,000","3,867,000","-955,000","-10,623,000","-7,086,000","5,461,000","-18,225,000","-6,330,000","2,684,000","-1,581,000","-433,000","-2,049,000","4,858,000","7,036,000","-116,000","-17,600,000","11,700,000","12,000,000","3,600,000","1,400,000","9,600,000","8,600,000","2,700,000","-48,000,000","7,900,000","6,500,000","-900,000","800,000","3,500,000","6,100,000","4,300,000","800,000","3,100,000","8,300,000","3,900,000","5,000,000","7,700,000","8,200,000","2,700,000","3,300,000","5,700,000","6,800,000","1,800,000","3,000,000","2,800,000","2,000,000","1,100,000","-1,100,000","1,900,000","3,900,000","2,000,000","900,000","2,500,000","1,300,000","3,000,000","600,000","4,000,000","5,000,000",,,,,,,,,,,,,,,
BasicEPS,,"0.88","0.85","1.09","1.22","0.94","0.41","1.28","0.49","0.38","0.51","0.66","0.87","0.54","0.15","0.7","0.71","0.36","-0.38","0.58","0.78","0.69","0.37","0.91","0.85","0.54","0.23","0.81","0.58","0.39","0.48","0.42","0.47","0.51","0.39","0.75","0.7","0.4","0.26","0.74","0.59","0.23",,"0.57","0.58","0.3",,"0.43","0.34","0.11",,"0.16","0.28","0.03",,"-0.06","-0.06","0.71",,"0.14","0.29","0.14",,"0.23","0.28","0.1",,"0.19","-0.09","0.03",,"-0.03","0.35","-0.05",,"0.08","0.31","-0.08",,"-0.59","0.46","-1.54",,"0.32","-0.05","0.05",,"0.41","0.59","-0.01",,"0.72","0.92","0.28",,"0.73","0.66","0.2",,"0.6","0.5","-0.07",,"0.27","0.46","0.33",,"0.24","0.63","0.3",,"0.59","0.62","0.21",,"0.43","0.51","0.13",,"0.22","0.15","0.08",,"0.15","0.3","0.15",,"0.2","0.1","0.22",,"0.3","0.38","0.27",,"0.2","0.08","0.22",,"0.34","0.33","0.31",,"0.34","0.38","0.31",,"0.15"
DilutedEPS,,"0.87","0.83","1.07","1.2","0.92","0.4","1.26","0.48","0.38","0.5","0.65","0.85","0.53","0.14","0.69","0.69","0.35","-0.38","0.57","0.76","0.67","0.36","0.89","0.84","0.53","0.23","0.8","0.58","0.39","0.48","0.41","0.46","0.5","0.38","0.74","0.69","0.4","0.26","0.74","0.58","0.22",,"0.57","0.58","0.29",,"0.42","0.34","0.11",,"0.16","0.28","0.03",,"-0.06","-0.06","0.66",,"0.14","0.28","0.14",,"0.23","0.28","0.1",,"0.19","-0.09","0.03",,"-0.03","0.34","-0.05",,"0.08","0.31","-0.08",,"-0.59","0.43","-1.54",,"0.32","-0.05","0.05",,"0.4","0.54","-0.01",,"0.67","0.91","0.28",,"0.72","0.65","0.2",,"0.6","0.5","-0.07",,"0.27","0.46","0.33",,"0.24","0.63","0.3",,"0.59","0.62","0.21",,"0.43","0.51","0.13",,"0.22","0.15","0.08",,"0.15","0.3","0.15",,"0.2","0.1","0.22",,"0.3","0.38","0.27",,"0.2","0.08","0.22",,"0.34","0.33","0.31",,"0.34","0.38","0.31",,"0.15"
BasicAverageShares,,"21,978,507","21,987,480","22,090,195","22,198,545","22,317,959","22,379,056","22,349,093","22,330,476","22,438,087","22,434,134","22,329,835","22,328,292","22,421,795","22,432,095","22,424,962","22,471,428","22,498,510","22,582,763","22,660,157","22,820,079","22,846,595","22,825,109","22,716,279","22,705,310","22,642,312","22,651,279","22,770,865","22,917,718","22,910,889","22,892,645","22,884,939","22,874,002","22,947,241","23,061,533","22,999,832","22,981,337","22,853,494","22,817,551","22,691,878","22,872,618","22,867,519",,"22,863,048","22,867,323","22,706,462",,"22,597,117","22,570,886","22,414,311",,"18,895,299","18,814,723","18,596,218",,"18,558,330","18,332,273","18,307,686",,"18,593,165","18,781,388","18,451,695",,"18,306,178","18,297,155","18,192,774",,"19,547,319","19,538,269","19,440,356",,"19,356,423","19,346,553","19,233,543",,"19,194,121","12,493,796","11,972,853",,"11,954,928","11,918,439","11,827,636",,"11,797,961","11,781,383","11,714,346",,"11,697,788","11,937,798","12,409,547",,"16,250,000","13,043,478","12,857,143",,"13,150,685","13,030,303","13,500,000",,"13,166,667","13,000,000","12,857,143",,"12,962,963","13,260,870","13,030,303",,"12,916,667","13,174,603","13,000,000",,"13,050,847","13,225,806","12,857,143",,"13,255,814","13,333,333","13,846,154",,"12,727,273","13,333,333","13,750,000",,"12,666,667","13,000,000","13,333,333",,"12,500,000","13,000,000","13,636,364",,"13,333,333","13,157,895","13,229,000",,"13,079,000","13,079,000","13,229,000",,"13,202,000","13,202,000","13,201,000",,"13,195,000","13,169,000","13,169,000",,"13,163,000"
DilutedAverageShares,,"22,477,819","22,485,032","22,543,781","22,686,384","22,765,508","22,855,523","22,758,458","22,718,680","22,868,975","22,882,235","22,754,440","22,795,677","22,905,364","22,941,271","22,938,925","22,958,469","22,967,281","23,045,565","23,174,700","23,329,082","23,313,773","23,201,501","23,097,699","23,018,730","22,944,947","23,001,238","23,133,869","23,261,094","23,238,050","23,256,486","23,169,173","23,196,713","23,224,698","23,366,587","23,239,009","23,261,118","23,095,490","23,075,586","22,877,635","23,104,654","23,103,858",,"23,042,981","23,196,125","22,856,651",,"23,472,411","23,529,898","22,495,888",,"19,088,673","20,014,439","18,596,218",,"18,617,724","18,384,840","21,141,964",,"18,623,138","18,940,962","18,600,884",,"18,371,435","18,327,895","18,195,888",,"19,577,972","19,538,269","19,478,064",,"19,460,252","22,247,798","19,233,543",,"19,218,855","15,334,225","11,972,853",,"14,859,401","14,840,360","11,827,636",,"11,893,848","11,850,421","11,728,569",,"14,493,788","14,756,196","12,409,547",,"16,250,000","13,186,813","12,857,143",,"13,333,333","13,230,769","13,500,000",,"13,166,667","13,000,000","12,857,143",,"12,962,963","13,260,870","13,030,303",,"12,916,667","13,174,603","13,000,000",,"13,050,847","13,225,806","12,857,143",,"13,255,814","13,333,333","13,846,154",,"12,727,273","13,333,333","13,750,000",,"12,666,667","13,000,000","13,333,333",,"12,500,000","13,000,000","13,636,364",,"13,333,333","13,157,895","13,229,000",,"13,079,000","13,079,000","13,229,000",,"13,202,000","13,202,000","13,201,000",,"13,195,000","13,169,000","13,169,000",,"13,163,000"
TotalOperatingIncomeAsReported,"126,590,000","26,915,000","24,212,000","38,538,000","36,925,000","29,324,000","30,587,000","47,964,000","16,021,000","14,323,000","17,506,000","31,304,000","27,728,000","17,957,000","18,433,000","27,178,000","23,350,000","12,307,000","16,067,000","26,919,000","29,669,000","25,519,000","12,630,000","33,574,000","31,844,000","20,019,000","9,676,000","29,957,000","21,312,000","14,915,000","18,972,000","28,341,000","17,620,000","20,405,000","15,736,000","27,877,000","27,220,000","16,030,000","12,376,000","26,662,000","22,690,000","9,650,000","6,376,000","22,791,000","23,294,000","12,438,000","8,461,000","16,635,000","15,297,000","6,400,000","1,378,000","9,724,000","8,383,000","3,711,000","-52,716,000","5,573,000","4,529,000","4,326,000","-8,031,000","9,151,000","12,806,000","8,466,000","3,696,000","8,695,000","13,568,000","9,356,000","-2,865,000","9,785,000","1,327,000","5,835,000","-21,477,000","4,437,000","13,562,000","2,265,000","-5,269,000","8,216,000","10,540,000","2,328,000","-4,512,000","17,092,000","11,306,000","-318,000","-7,024,000","9,464,000","8,150,000","4,953,000","184,000","11,693,000","14,651,000","4,136,000","-20,700,000","19,300,000","22,200,000","8,800,000","5,300,000","17,400,000","14,900,000","6,200,000","-21,700,000","14,600,000","13,000,000","3,500,000","5,300,000","9,900,000","12,200,000","9,300,000","2,900,000","7,300,000","14,000,000","8,100,000","10,500,000","14,400,000","14,800,000","6,600,000","7,300,000","11,100,000","12,100,000","6,900,000","5,300,000","6,600,000","5,600,000","4,900,000","700,000","6,500,000","9,900,000","7,400,000","4,900,000","7,400,000","6,800,000","8,600,000","6,000,000","9,000,000","10,100,000",,,,,,,,,,,,,,,
TotalExpenses,"1,218,071,000","295,875,000","285,439,000","331,606,000","305,151,000","247,229,000","249,551,000","295,395,000","231,909,000","239,774,000","222,630,000","275,594,000","276,800,000","265,809,000","227,100,000","269,435,000","263,055,000","246,683,000","221,652,000","253,007,000","281,825,000","255,312,000","215,339,000","266,106,000","256,362,000","218,651,000","195,376,000","240,160,000","248,096,000","212,617,000","198,954,000","228,362,000","243,715,000","212,176,000","202,146,000","234,372,000","242,706,000","214,260,000","178,413,000","249,537,000","246,172,000","201,937,000","167,193,000","213,154,000","220,848,000","207,449,000","164,438,000","209,517,000","214,462,000","172,198,000","157,040,000","192,549,000","187,905,000","167,348,000","190,851,000","195,460,000","209,438,000","200,922,000","168,216,000","194,388,000","203,585,000","190,671,000","164,295,000","194,462,000","215,463,000","200,633,000","174,280,000","214,435,000","221,307,000","200,967,000","190,994,000","199,050,000","218,931,000","201,149,000","162,069,000","206,263,000","155,585,000","133,397,000","114,915,000","165,533,000","168,023,000","126,398,000","108,971,000","154,206,000","178,761,000","150,592,000","116,403,000","155,126,000","161,634,000","142,623,000","106,600,000","170,500,000","183,500,000","168,000,000","108,000,000","183,900,000","193,900,000","119,800,000","-36,800,000","194,600,000","207,000,000","185,500,000","149,000,000","177,900,000","193,100,000","165,100,000","138,600,000","171,000,000","170,000,000","151,600,000","127,200,000","153,900,000","172,800,000","140,500,000","125,300,000","150,200,000","149,100,000","120,900,000","112,400,000","131,700,000","145,200,000","123,900,000","117,600,000","128,800,000","141,400,000","122,500,000","108,400,000","125,600,000","124,800,000","121,200,000","99,700,000","101,200,000","107,300,000",,,,,,,,,,,,,,,
NetIncomeFromContinuingAndDiscontinuedOperation,"89,332,000","19,446,000","18,662,000","24,063,000","27,142,000","21,000,000","9,174,000","28,625,000","10,967,000","8,627,000","11,518,000","14,751,000","19,432,000","12,216,000","3,320,000","15,749,000","15,945,000","7,989,000","-8,647,000","13,125,000","17,764,000","15,734,000","8,352,000","20,630,000","19,244,000","12,204,000","5,226,000","18,466,000","13,378,000","8,948,000","11,098,000","9,566,000","10,640,000","11,725,000","8,936,000","17,297,000","16,043,000","9,174,000","5,915,000","16,840,000","13,404,000","5,194,000","29,311,000","13,045,000","13,338,000","6,707,000","2,244,000","9,656,000","7,689,000","2,371,000","-5,445,000","3,085,000","5,316,000","527,000","-33,638,000","-1,182,000","-1,095,000","13,021,000","-8,323,000","2,634,000","5,377,000","2,587,000","-1,828,000","4,239,000","5,166,000","1,834,000","-6,240,000","3,714,000","-1,665,000","646,000","-17,862,000","-676,000","6,692,000","-970,000","-5,881,000","1,451,000","3,867,000","-955,000","-8,258,000","-7,086,000","5,461,000","-2,240,000","-6,330,000","3,748,000","2,275,000","619,000","-2,049,000","4,858,000","7,036,000","385,000","-17,600,000","10,600,000","12,000,000","3,600,000","1,400,000","9,600,000","8,600,000","2,700,000","-48,000,000","7,900,000","6,500,000","-900,000","800,000","3,500,000","6,100,000","4,300,000","800,000","3,100,000","8,300,000","3,900,000","5,000,000","7,700,000","8,200,000","2,700,000","3,300,000","5,700,000","6,800,000","2,900,000","3,000,000","2,800,000","2,000,000","1,100,000","-1,100,000","1,900,000","3,900,000","2,000,000","900,000","2,500,000","1,300,000","3,000,000","600,000","4,000,000","5,000,000",,,,,,,,,,,,,,,
NormalizedIncome,"98,277,136.162","20,592,586","20,380,850.607","29,310,330","27,995,000","22,164,000","24,935,451.252","36,400,500","11,848,723","9,773,520","13,961,586.084","23,276,875","21,038,000","13,104,000","13,315,908.284","19,277,404","16,999,095","10,689,968","-7,320,600","17,834,744","19,020,525","17,346,251","10,214,521.614","21,760,795","20,344,646","12,808,312","6,683,153.564","19,141,200","13,791,204","9,375,366","12,619,573.5","18,032,723","18,328,995","12,514,730","9,978,733.579","18,906,494","16,523,800","9,828,086","6,941,800","17,875,396.302","13,744,262.326","5,563,381.091","28,160,600","14,128,498.922","13,661,858.729","7,057,954.177","4,026,350","10,863,336.54","8,705,150","3,097,750","833,198.754","6,362,650","4,200,200","1,474,700","-3,554,909.054","794,800","115,900","2,077,571.759","-3,117,287.736","5,353,452.73","5,514,439.135","3,223,856.87","561,600","2,449,800","5,054,800","2,440,200","-6,582,232.221","4,281,606.226","662,586.207","1,496,400","-5,034,611.653","722,519.597","8,935,046.137","298,774.105","-1,861,599.71","2,453,000","4,377,400","-434,470.954","-6,078,000","9,172,905.707","5,397,642.32","-2,720,822.622","-7,165,986.189","3,188,668.367","2,124,699.7","564,342.163","-1,965,600","4,752,055.748","6,993,046.037","119,136.808","-17,317,269.076","10,600,000","12,357,142.857","3,825,000","1,400,000","11,044,247.788","8,513,131.313","2,525,806.452","-15,100,000","7,570,833.333","6,415,584.416","-1,309,090.909","680,000","3,281,250","5,572,839.506","3,877,049.18","320,000","2,681,081.081","7,771,818.182","3,605,660.377","4,687,500","7,436,752.137","8,200,000","2,561,538.462","2,838,000","5,496,428.571","6,513,684.211","2,755,000","2,880,000","2,652,631.579","1,851,851.852","1,026,666.667","-1,220,000","1,826,923.077","3,826,415.094","1,925,925.926","900,000","2,884,615.385","1,223,529.412","2,775,000","480,000","3,615,384.615","4,393,939.394",,,,,,,,,,,,,,,
InterestExpense,"2,624,000","805,000","672,000","652,000","495,000","209,000","221,000","462,000","772,000","873,000","967,000","1,508,000","1,722,000","1,089,000","889,000","1,254,000","1,251,000","632,000","544,000","595,000","722,000","468,000","350,000","501,000","394,000","311,000","299,000","332,000","480,000","426,000","411,000","440,000","457,000","308,000","281,000","403,000","646,000","572,000","531,000","702,000","842,000","713,000","662,000","757,000","1,045,000","1,357,000","1,417,000","1,844,000","2,002,000","1,864,000","1,990,000","2,423,000","2,325,000","2,477,000",,,,,,,,,,,,,,,,,,,,,,,,,,,,,,,,,,,,,,,,,,,,,,,,,,,,,,,,,,,,,,,,,,,,,,,,,,,,,,,,,,,,,,,,,,,,,,
NetInterestIncome,"-2,575,000","-805,000","-623,000","-652,000","-495,000","-209,000","-112,000","-462,000","-772,000","-873,000","-870,000","-1,508,000","-1,722,000","-1,089,000","-809,000","-1,254,000","-1,251,000","-632,000","-453,000","-595,000","-722,000","-468,000","-197,000","-501,000","-394,000","-311,000","-148,000","-332,000","-480,000","-426,000","-115,000","-440,000","-457,000","-308,000","21,000","-403,000","-646,000","-572,000","-364,000","-702,000","-842,000","-713,000","-662,000","-757,000","-1,045,000","-1,357,000","-1,417,000","-1,844,000","-2,002,000","-1,864,000","-1,990,000","-2,423,000","-2,325,000","-2,477,000",,,,,,,,,,,,,,,,,,,,,,,,,,,,,,,,,,,,,,,,,,,,,,,,,,,,,,,,,,,,,,,,,,,,,,,,,,,,,,,,,,,,,,,,,,,,,,
EBIT,"130,898,000","28,364,000","25,459,000","39,318,000","37,757,000","29,959,000","30,807,000","48,478,000","16,623,000","13,799,000","17,811,000","31,529,000","29,139,000","18,603,000","17,222,000","27,529,000","23,830,000","12,276,000","14,782,000","27,238,000","30,409,000","26,342,000","13,883,000","33,782,000","32,109,000","20,352,000","9,292,000","29,422,000","21,860,000","15,066,000","18,064,000","27,386,000","17,927,000","19,992,000","15,764,000","28,110,000","27,156,000","15,834,000","11,746,000","26,662,000","22,666,000","9,661,000","9,073,000","23,021,000","23,470,000","12,705,000","6,454,000","18,371,000","15,595,000","6,798,000","-4,913,000","10,507,000","11,805,000","3,816,000","-41,975,000","7,478,000","5,905,000","7,162,000","-965,000","11,781,000","13,365,000","9,144,000","4,724,000","9,293,000","13,711,000","9,443,000","-2,143,000","10,003,000","5,205,000","6,359,000","-10,028,000","4,437,000","16,118,000","3,632,000","385,000","8,216,000","10,540,000","2,328,000","-4,512,000","17,092,000","11,306,000","-318,000","-7,024,000","9,464,000","8,150,000","4,953,000","184,000","11,693,000","14,651,000","4,136,000","-20,700,000","19,300,000","22,200,000","8,800,000","5,300,000","17,400,000","14,900,000","6,200,000","-21,700,000","14,600,000","13,000,000","3,500,000","5,300,000","9,900,000","12,200,000","9,300,000","2,900,000","7,300,000","14,000,000","8,100,000","10,500,000","14,400,000","14,800,000","6,600,000","7,300,000","11,100,000","12,100,000","6,900,000","5,300,000","6,600,000","5,600,000","4,900,000","700,000","6,500,000","9,900,000","7,400,000","4,900,000","7,400,000","6,800,000","8,600,000","6,000,000","9,000,000","10,100,000","95,600,000","-282,300,000","104,300,000","101,700,000","97,400,000","-235,000,000","92,100,000","93,500,000","81,600,000","-172,200,000","71,000,000","67,000,000","64,600,000","-165,500,000","60,700,000"
EBITDA,"158,579,000"
ReconciledCostOfRevenue,"962,107,000","232,991,000","221,207,000","265,105,000","242,804,000","192,769,000","188,584,000","235,861,000","183,581,000","183,907,000","168,408,000","215,635,000","216,267,000","205,803,000","175,367,000","209,313,000","205,347,000","189,237,000","170,633,000","198,523,000","222,063,000","198,268,000","163,028,000","205,151,000","201,901,000","165,915,000","142,181,000","188,484,000","196,622,000","163,700,000","150,960,000","179,819,000","195,141,000","164,842,000","151,959,000","184,081,000","192,330,000","164,880,000","134,388,000","198,167,000","199,531,000","157,161,000","125,836,000","171,732,000","180,832,000","167,078,000","127,586,000","167,526,000","172,659,000","135,533,000","120,005,000","155,774,000","151,092,000","131,329,000","113,345,000","154,166,000","166,714,000","156,860,000","128,182,000","151,527,000","160,261,000","147,940,000","123,067,000","154,423,000","172,468,000","156,845,000","132,639,000","175,301,000","177,602,000","158,891,000","151,743,000","150,945,000","172,781,000","153,821,000","124,329,000","156,191,000","122,306,000","101,185,000","78,729,000","133,023,000","133,796,000","95,345,000","76,159,000","113,477,000","137,999,000","110,580,000","78,282,000","109,953,000","114,097,000","94,711,000","70,300,000","123,100,000","136,400,000","119,100,000","73,400,000","134,900,000","141,000,000","77,300,000","-44,900,000","137,000,000","144,000,000","125,200,000","98,200,000","123,700,000","134,500,000","114,300,000","88,700,000","119,400,000","120,100,000","102,300,000","83,100,000","106,700,000","120,900,000","94,000,000","80,000,000","101,900,000","101,900,000","79,400,000","73,300,000","87,900,000","95,700,000","80,000,000","74,900,000","84,900,000","96,500,000","82,300,000","64,100,000","83,200,000","79,600,000","82,400,000","68,200,000","68,500,000","70,800,000",,,,,,,,,,,,,,,
ReconciledDepreciation,"27,681,000","6,952,000","7,083,000","7,060,000","6,586,000","6,514,000","7,010,000","6,436,000","6,338,000","6,539,000","6,548,000","6,517,000","6,566,000","6,178,000","6,359,000","6,039,000","5,690,000","6,016,000","6,477,000","6,123,000","5,685,000","5,631,000","5,628,000","5,560,000","4,896,000","4,373,000","4,595,000","4,490,000","4,264,000","4,288,000","4,406,000","4,449,000","4,356,000","4,084,000","4,392,000","4,658,000","4,272,000","4,273,000","4,373,000","4,195,000","4,070,000","3,828,000","3,716,000","3,385,000","3,625,000","3,419,000","3,544,000","3,357,000","3,388,000","3,285,000","3,498,000","3,593,000","3,611,000","3,652,000","3,986,000","3,756,000","3,546,000","3,412,000","3,925,000","3,784,000","3,692,000","3,780,000","3,470,000","4,005,000","4,090,000","3,921,000","4,388,000","4,140,000","4,444,000","4,384,000","5,294,000","4,625,000","4,520,000","4,574,000","4,517,000","4,547,000","4,002,000","4,026,000","4,413,000","3,843,000","3,974,000","3,898,000","4,837,000","4,502,000","4,742,000","4,828,000","4,719,000","4,952,000","4,522,000","4,729,000","4,000,000","4,500,000","4,200,000","4,500,000","3,600,000","4,000,000","4,700,000","5,000,000","4,700,000","4,600,000","4,800,000","4,900,000","4,200,000","3,300,000","4,600,000","4,200,000","3,000,000","4,300,000","3,200,000","3,200,000","2,600,000","2,800,000","2,800,000","2,800,000","2,500,000","2,700,000","2,600,000","2,700,000","2,000,000","2,500,000","2,700,000","2,500,000","2,000,000","2,300,000","2,400,000","2,200,000","1,500,000","2,300,000","2,100,000","2,100,000","1,900,000","1,600,000","1,900,000",,,,,,,,,,,,,,,
NetIncomeFromContinuingOperationNetMinorityInterest,"97,751,000","20,562,000","19,990,000","29,185,000","27,995,000","22,164,000","22,742,000","36,212,000","11,842,000","9,621,000","12,738,000","22,654,000","20,555,000","13,104,000","12,157,000","19,273,000","16,827,000","8,597,000","-8,106,000","17,108,000","18,261,000","16,367,000","8,839,000","21,055,000","19,862,000","12,656,000","5,779,000","19,194,000","13,808,000","9,339,000","11,517,000","17,806,000","11,169,000","12,407,000","9,391,000","17,686,000","16,400,000","9,566,000","6,310,000","17,444,000","13,721,000","5,494,000","29,523,000","14,100,000","13,693,000","7,011,000","2,675,000","11,097,000","8,061,000","2,867,000","-5,243,000","4,724,000","5,638,000","787,000","-34,070,000","397,000","-772,000","13,347,000","-7,943,000","4,782,000","5,656,000","2,936,000","-1,473,000","2,583,000","5,455,000","2,598,000","-5,705,000","4,163,000","-1,281,000","1,053,000","-17,245,000","1,340,000","7,543,000","-545,000","-5,511,000","2,042,000","4,300,000","-607,000","-8,004,000","9,832,000","5,461,000","-2,240,000","-6,330,000","3,748,000","2,275,000","619,000","-2,049,000","4,858,000","7,036,000","385,000","-17,600,000","10,600,000","12,000,000","3,600,000","1,400,000","9,600,000","8,600,000","2,700,000","-15,100,000","7,900,000","6,500,000","-900,000","800,000","3,500,000","6,100,000","4,300,000","800,000","3,100,000","8,300,000","3,900,000","5,000,000","7,700,000","8,200,000","2,700,000","3,300,000","5,700,000","6,800,000","2,900,000","3,000,000","2,800,000","2,000,000","1,100,000","-1,100,000","1,900,000","3,900,000","2,000,000","900,000","2,500,000","1,300,000","3,000,000","600,000","4,000,000","5,000,000",,,,,,,,,,,,,,,
TotalUnusualItemsExcludingGoodwill,"-690,000","-41,000","-483,000","-166,000","0","0","-2,950,000","-250,000","-9,000","-205,000","-1,618,000","-825,000","-644,000","0","-1,557,000","-6,000","-231,000","-2,836,000","-1,309,000","-1,132,000","-1,235,000","-1,547,000","-2,106,000","-1,115,000","-771,000","-241,000","-1,407,000","80,000","26,000","-57,000","-1,690,000","-343,000","-11,205,000","-171,000","-969,000","-1,913,000","-200,000","-418,000","-972,000","-642,000","-37,000","-113,000","2,096,000","-45,000","51,000","-76,000","-2,079,000","348,000","-991,000","-355,000","-8,000,000","-2,521,000","2,212,000","-1,058,000","-49,143,000","-612,000","-1,366,000","17,526,000","-6,782,000","-766,000","220,000","-411,000","-3,391,000","222,000","667,000","263,000","880,000","-151,000","-2,684,000","-739,000","-16,783,000","823,000","-1,856,000","-1,124,000","-5,489,000","-685,000","-129,000","-274,000","-3,210,000","969,000","88,000","668,000","1,224,000","819,000","220,000","80,000","-139,000","151,000","61,000","424,000","-400,000",,"-500,000","-300,000","0","-1,700,000","100,000","200,000","0","400,000","100,000","500,000","200,000","300,000","700,000","600,000","800,000","500,000","700,000","400,000","500,000","400,000",,"200,000","700,000","300,000","400,000","200,000","200,000","200,000","200,000","100,000","200,000","100,000","100,000","100,000",,"-400,000","100,000","300,000","200,000","500,000","800,000",,,,,,,,,,,,,,,
TotalUnusualItems,"-690,000","-41,000","-483,000","-166,000","0","0","-2,950,000","-250,000","-9,000","-205,000","-1,618,000","-825,000","-644,000","0","-1,557,000","-6,000","-231,000","-2,836,000","-1,309,000","-1,132,000","-1,235,000","-1,547,000","-2,106,000","-1,115,000","-771,000","-241,000","-1,407,000","80,000","26,000","-57,000","-1,690,000","-343,000","-11,205,000","-171,000","-969,000","-1,913,000","-200,000","-418,000","-972,000","-642,000","-37,000","-113,000","2,096,000","-45,000","51,000","-76,000","-2,079,000","348,000","-991,000","-355,000","-8,000,000","-2,521,000","2,212,000","-1,058,000","-49,143,000","-612,000","-1,366,000","17,526,000","-6,782,000","-766,000","220,000","-411,000","-3,391,000","222,000","667,000","263,000","880,000","-151,000","-2,684,000","-739,000","-16,783,000","823,000","-1,856,000","-1,124,000","-5,489,000","-685,000","-129,000","-274,000","-3,210,000","969,000","88,000","668,000","1,224,000","819,000","220,000","80,000","-139,000","151,000","61,000","424,000","-400,000",,"-500,000","-300,000","0","-1,700,000","100,000","200,000","0","400,000","100,000","500,000","200,000","300,000","700,000","600,000","800,000","500,000","700,000","400,000","500,000","400,000",,"200,000","700,000","300,000","400,000","200,000","200,000","200,000","200,000","100,000","200,000","100,000","100,000","100,000",,"-400,000","100,000","300,000","200,000","500,000","800,000",,,,,,,,,,,,,,,
NormalizedEBITDA,"159,269,000","35,357,000","33,025,000","46,544,000","44,343,000","36,473,000","40,767,000","55,164,000","22,970,000","20,543,000","25,977,000","38,871,000","36,349,000","24,781,000","25,138,000","33,574,000","29,751,000","21,128,000","22,568,000","34,493,000","37,329,000","33,520,000","21,617,000","40,457,000","37,776,000","24,966,000","15,294,000","33,832,000","26,098,000","19,411,000","24,160,000","32,178,000","33,488,000","24,247,000","21,125,000","34,681,000","31,628,000","20,525,000","17,091,000","31,499,000","26,773,000","13,602,000","10,693,000","26,451,000","27,044,000","16,200,000","12,077,000","21,380,000","19,974,000","10,438,000","6,585,000","16,621,000","13,204,000","8,526,000","11,154,000","11,846,000","10,817,000","-6,952,000","9,742,000","16,331,000","16,837,000","13,335,000","11,585,000","13,076,000","17,134,000","13,101,000","1,365,000","14,294,000","12,333,000","11,482,000","12,049,000","8,239,000","22,494,000","9,330,000","10,391,000","13,448,000","14,671,000","6,628,000","3,111,000","19,966,000","15,192,000","2,912,000","-3,411,000","13,147,000","12,672,000","9,701,000","5,042,000","16,494,000","19,112,000","8,441,000","-16,300,000","23,800,000","26,900,000","13,600,000","8,900,000","23,100,000","19,500,000","11,000,000","-17,000,000","18,800,000","17,700,000","7,900,000","9,300,000","12,900,000","16,100,000","12,900,000","5,100,000","11,100,000","16,500,000","10,900,000","12,600,000","16,800,000","17,600,000","9,200,000","9,100,000","13,500,000","14,400,000","9,400,000","7,100,000","9,000,000","8,100,000","7,300,000","2,500,000","8,700,000","12,200,000","9,500,000","6,400,000","10,100,000","8,800,000","10,400,000","7,700,000","10,300,000","11,200,000","95,600,000","-282,300,000","104,300,000","101,700,000","97,400,000","-235,000,000","92,100,000","93,500,000","81,600,000","-172,200,000","71,000,000","67,000,000","64,600,000","-165,500,000","60,700,000"
TaxRateForCalcs,"0.237","0.254","0.191","0.245","0.248","0.255","0.256","0.246","0.253","0.256","0.244","0.245","0.25","0.252","0.256","0.266","0.255","0.262","0.4","0.358","0.385","0.367","0.347","0.367","0.374","0.368","0.357","0.34","0.354","0.362","0.348","0.339","0.361","0.37","0.393","0.362","0.381","0.373","0.35","0.328","0.371","0.386","0.35","0.367","0.389","0.382","0.35","0.329","0.35","0.35","0.24","0.35","0.35","0.35","0.379","0.35","0.35","0.357","0.288","0.254","0.357","0.3","0.4","0.4","0.4","0.4","0.003","0.215","0.276","0.4","0.272","0.25","0.25","0.249","0.335","0.4","0.4","0.37","0.4","0.32","0.28","0.28","0.317","0.317","0.317","0.317","0.4","0.298","0.296","0.373","0.293","0.303","0.286","0.25","0.176","0.15","0.131","0.129","0.26","0.177","0.156","0.182","0.4","0.271","0.247","0.295","0.4","0.162","0.245","0.264","0.375","0.342","0.299","0.308","0.34","0.321","0.284","0.275","0.4","0.263","0.259","0.267","0.4","0.269","0.264","0.259","0.25","0.038","0.235","0.25","0.4","0.231","0.242",,,,,,,,,,,,,,,
TaxEffectOfUnusualItems,"-163,863.838","-10,414","-92,149.393","-40,670","0","0","-756,548.748","-61,500","-2,277","-52,480","-394,413.916","-202,125","-161,000","0","-398,091.716","-1,596","-58,905","-743,032","-523,600","-405,256","-475,475","-567,749","-730,478.386","-409,205","-288,354","-88,688","-502,846.436","27,200","9,204","-20,634","-587,426.5","-116,277","-4,045,005","-63,270","-381,266.421","-692,506","-76,200","-155,914","-340,200","-210,603.698","-13,737.674","-43,618.909","733,600","-16,501.078","19,858.729","-29,045.823","-727,650","114,336.54","-346,850","-124,250","-1,923,801.246","-882,350","774,200","-370,300","-18,627,909.054","-214,200","-478,100","6,256,571.759","-1,956,287.736","-194,547.27","78,439.135","-123,143.13","-1,356,400","88,800","266,800","105,200","2,767.779","-32,393.774","-740,413.793","-295,600","-4,572,611.653","205,519.597","-463,953.863","-280,225.895","-1,839,599.71","-274,000","-51,600","-101,470.954","-1,284,000","309,905.707","24,642.32","187,177.378","388,013.811","259,668.367","69,699.7","25,342.163","-55,600","45,055.748","18,046.037","158,136.808","-117,269.076","0","-142,857.143","-75,000","0","-255,752.212","13,131.313","25,806.452","0","70,833.333","15,584.416","90,909.091","80,000","81,250","172,839.506","177,049.18","320,000","81,081.081","171,818.182","105,660.377","187,500","136,752.137","0","61,538.462","238,000","96,428.571","113,684.211","55,000","80,000","52,631.579","51,851.852","26,666.667","80,000","26,923.077","26,415.094","25,925.926","0","-15,384.615","23,529.412","75,000","80,000","115,384.615","193,939.394",,,,,,,,,,,,,,,