name,ttm,04/30/2022,01/31/2022,10/31/2021,07/31/2021,04/30/2021,01/31/2021,10/31/2020,07/31/2020,04/30/2020,01/31/2020,10/31/2019,07/31/2019,04/30/2019,01/31/2019,10/31/2018,07/31/2018,04/30/2018,01/31/2018,10/31/2017,07/31/2017,04/30/2017,01/31/2017,10/31/2016,07/31/2016,04/30/2016,01/31/2016,10/31/2015,07/31/2015,04/30/2015,01/31/2015,10/31/2014,07/31/2014,04/30/2014,01/31/2014,10/31/2013,07/31/2013,04/30/2013,01/31/2013,10/31/2012,07/31/2012,04/30/2012,01/31/2012,10/31/2011,07/31/2011,04/30/2011,01/31/2011,10/31/2010,07/31/2010,04/30/2010,01/31/2010,10/31/2009,07/31/2009,04/30/2009,01/31/2009,10/31/2008,07/31/2008,04/30/2008,01/31/2008,10/31/2007,07/31/2007,04/30/2007,01/31/2007,10/31/2006,07/31/2006,04/30/2006,01/31/2006,10/31/2005,07/31/2005,04/30/2005,01/31/2005,10/31/2004,07/31/2004,04/30/2004,01/31/2004,10/31/2003,07/31/2003,04/30/2003,01/31/2003,10/31/2002,07/31/2002,04/30/2002,01/31/2002,10/31/2001,07/31/2001,04/30/2001,01/31/2001,10/31/2000,07/31/2000,04/30/2000,01/31/2000,10/31/1999,07/31/1999,04/30/1999,01/31/1999,10/31/1998,07/31/1998,04/30/1998,01/31/1998,10/31/1997,07/31/1997,04/30/1997,01/31/1997,10/31/1996,07/31/1996,04/30/1996,01/31/1996,10/31/1995,07/31/1995,04/30/1995,01/31/1995,10/31/1994,07/31/1994,04/30/1994,01/31/1994,10/31/1993,07/31/1993,04/30/1993,01/31/1993,10/31/1992,07/31/1992,04/30/1992,01/31/1992,10/31/1991,07/31/1991,04/30/1991,01/31/1991,10/31/1990,07/31/1990,04/30/1990,01/31/1990,10/31/1989,07/31/1989,04/30/1989,01/31/1989,10/31/1988,07/31/1988,04/30/1988,01/31/1988,10/31/1987,07/31/1987,04/30/1987,01/31/1987,10/31/1986,07/31/1986,04/30/1986,01/31/1986,10/31/1985
TotalRevenue,"772,635,000","202,149,000","190,550,000","194,932,000","185,004,000","170,372,000","164,673,000","154,082,000","143,660,000","132,702,000","138,001,000","141,011,000","137,146,000","131,354,000","160,006,000","173,550,000","163,211,000","130,429,000","140,614,000","150,304,000","153,127,000","143,802,000","140,031,000","137,185,000","135,911,000","131,145,000","118,609,000","115,810,000","125,712,000","130,088,000","130,394,000","148,890,000","145,742,000","132,859,000","126,534,000","141,026,000","165,010,000","162,407,000","150,603,000","160,878,000","150,704,000","116,642,000","104,032,000","123,944,000","130,254,000","122,371,000","116,270,000","123,125,000","113,227,000","101,880,000","85,019,000","75,147,000","66,317,000","60,077,000","62,695,000","79,721,000","77,960,000","74,444,000","78,620,000","78,556,000","67,048,000","60,566,000","57,963,000","63,711,000","64,921,000","65,943,000","64,372,000","60,870,000","57,989,000","56,174,000","58,427,000","64,987,000","68,305,000","61,893,000","55,381,000","48,112,000","44,569,000","44,017,000","44,531,000","47,168,000","52,071,000","49,188,000","46,405,000","43,745,000","40,532,000","60,528,000","69,615,000","69,012,000","60,646,000","57,412,000","55,399,000","47,072,000","38,253,000","33,044,000","30,911,000","28,535,000","25,539,000","29,534,000","28,542,000","26,533,000","21,634,000","20,375,000","19,389,000","17,093,000","13,424,000","15,477,000","17,653,000","16,577,000","10,601,000","9,515,000","7,700,000","5,900,000","6,600,000","5,600,000","5,400,000","5,700,000","5,200,000","5,100,000","4,800,000","5,200,000","5,200,000","5,000,000","5,500,000","6,200,000","7,200,000","7,700,000","7,400,000","5,500,000","4,900,000","4,500,000","4,200,000","4,900,000","5,100,000","4,600,000","4,500,000","4,900,000","4,700,000","5,000,000","4,300,000","4,000,000","3,800,000","3,500,000","3,100,000","2,900,000","2,800,000","3,100,000","3,500,000","3,400,000"
	OperatingRevenue,"772,635,000","202,149,000","190,550,000","194,932,000","185,004,000","170,372,000","164,673,000","154,082,000","143,660,000","132,702,000","138,001,000","141,011,000","137,146,000","131,354,000","160,006,000","173,550,000","163,211,000","130,429,000","140,614,000","150,304,000","153,127,000","143,802,000","140,031,000","137,185,000","135,911,000","131,145,000","118,609,000","115,810,000","125,712,000","130,088,000","130,394,000","148,890,000","145,742,000","132,859,000","126,534,000","141,026,000","165,010,000","162,407,000","150,603,000","160,878,000","150,704,000","116,642,000","104,032,000","123,944,000","130,254,000","122,371,000","116,270,000","123,125,000","113,227,000","101,880,000","85,019,000","75,147,000","66,317,000","60,077,000","62,695,000","79,721,000","77,960,000","74,444,000","78,620,000","78,556,000","67,048,000","60,566,000","57,963,000","63,711,000","64,921,000","65,943,000","64,372,000","60,870,000","57,989,000","56,174,000","58,427,000","64,987,000","68,305,000","61,893,000","55,381,000","48,112,000","44,569,000","44,017,000","44,531,000","47,168,000","52,071,000","49,188,000","46,405,000","43,745,000","40,532,000","60,528,000","69,615,000","69,012,000","60,646,000","57,412,000","55,399,000","47,072,000","38,253,000","33,044,000","30,911,000","28,535,000","25,539,000","29,534,000","28,542,000","26,533,000","21,634,000","20,375,000","19,389,000","17,093,000","13,424,000","15,477,000","17,653,000","16,577,000","10,601,000","9,515,000","7,700,000","5,900,000","6,600,000","5,600,000","5,400,000","5,700,000","5,200,000","5,100,000","4,800,000","5,200,000","5,200,000","5,000,000","5,500,000","6,200,000","7,200,000","7,700,000","7,400,000","5,500,000","4,900,000","4,500,000","4,200,000","4,900,000","5,100,000","4,600,000","4,500,000","4,900,000","4,700,000","5,000,000","4,300,000","4,000,000","3,800,000","3,500,000","3,100,000","2,900,000","2,800,000","3,100,000","3,500,000","3,400,000"
CostOfRevenue,"281,162,000","71,896,000","68,451,000","71,243,000","69,572,000","65,511,000","64,197,000","60,021,000","55,409,000","51,941,000","53,724,000","54,763,000","52,262,000","50,079,000","61,139,000","66,988,000","63,087,000","58,960,000","55,213,000","60,885,000","60,891,000","58,887,000","56,533,000","56,120,000","54,136,000","52,621,000","49,059,000","46,226,000","50,136,000","51,688,000","57,233,000","59,564,000","57,521,000","54,775,000","72,729,000","57,615,000","64,302,000","65,120,000","62,646,000","64,085,000","76,179,000","61,305,000","44,368,000","50,537,000","51,534,000","48,517,000","46,264,000","49,304,000","45,795,000","44,833,000","39,228,000","33,776,000","30,165,000","27,345,000","29,345,000","37,070,000","35,165,000","33,653,000","35,447,000","35,695,000","30,058,000","27,313,000","28,786,000","29,188,000","29,558,000","28,032,000","28,022,000","26,605,000","25,867,000","24,502,000","25,357,000","27,767,000","27,470,000","25,111,000","22,903,000","20,230,000","19,039,000","19,160,000","19,514,000","20,736,000","21,739,000","21,108,000","20,325,000","19,616,000","32,537,000","25,442,000","29,040,000","29,553,000","27,006,000","26,220,000","25,590,000","22,087,000","18,609,000","16,445,000","16,724,000","14,747,000","13,710,000","15,060,000","14,670,000","13,743,000","11,750,000","11,270,000","10,971,000","10,030,000","8,117,000","8,995,000","9,885,000","9,522,000","6,125,000","5,749,000","4,500,000","3,800,000","4,600,000","3,600,000","3,500,000","3,800,000","3,500,000",,"3,100,000","3,400,000","3,400,000","3,200,000","3,800,000","4,300,000","4,400,000","4,700,000","4,700,000","3,400,000","2,900,000","2,800,000",,,,,,,,,,,,,,,,,,
GrossProfit,"491,473,000","130,253,000","122,099,000","123,689,000","115,432,000","104,861,000","100,476,000","94,061,000","88,251,000","80,761,000","84,277,000","86,248,000","84,884,000","81,275,000","98,867,000","106,562,000","100,124,000","71,469,000","85,401,000","89,419,000","92,236,000","84,915,000","83,498,000","81,065,000","81,775,000","78,524,000","69,550,000","69,584,000","75,576,000","78,400,000","73,161,000","89,326,000","88,221,000","78,084,000","53,805,000","83,411,000","100,708,000","97,287,000","87,957,000","96,793,000","74,525,000","55,337,000","59,664,000","73,407,000","78,720,000","73,854,000","70,006,000","73,821,000","67,432,000","57,047,000","45,791,000","41,371,000","36,152,000","32,732,000","33,350,000","42,651,000","42,795,000","40,791,000","43,173,000","42,861,000","36,990,000","33,253,000","29,177,000","34,523,000","35,363,000","37,911,000","36,350,000","34,265,000","32,122,000","31,672,000","33,070,000","37,220,000","40,835,000","36,782,000","32,478,000","27,882,000","25,530,000","24,857,000","25,017,000","26,432,000","30,332,000","28,080,000","26,080,000","24,129,000","7,995,000","35,086,000","40,575,000","39,459,000","33,640,000","31,192,000","29,809,000","24,985,000","19,644,000","16,599,000","14,187,000","13,788,000","11,829,000","14,474,000","13,872,000","12,790,000","9,884,000","9,105,000","8,418,000","7,063,000","5,307,000","6,482,000","7,768,000","7,055,000","4,476,000","3,766,000","3,200,000","2,100,000","2,000,000","2,000,000","1,900,000","1,900,000","1,700,000",,"1,700,000","1,800,000","1,800,000","1,800,000","1,700,000","1,900,000","2,800,000","3,000,000","2,700,000","2,100,000","2,000,000","1,700,000",,,,,,,,,,,,,,,,,,
OperatingExpense,"327,386,000","83,201,000","79,148,000","86,265,000","78,772,000","76,892,000","81,526,000","72,579,000","69,495,000","65,026,000","82,830,000","64,235,000","69,336,000","70,619,000","72,096,000","73,214,000","68,088,000","74,566,000","67,688,000","71,652,000","73,497,000","65,987,000","66,965,000","67,002,000","65,477,000","65,290,000","69,639,000","63,910,000","68,944,000","73,516,000","75,323,000","66,516,000","66,164,000","65,934,000","68,810,000","70,146,000","76,251,000","77,209,000","75,739,000","77,212,000","71,810,000","74,479,000","47,743,000","50,172,000","46,812,000","47,332,000","44,458,000","56,307,000","44,724,000","44,059,000","39,876,000","29,291,000","27,634,000","27,352,000","25,895,000","29,485,000","29,221,000","29,967,000","25,668,000","29,662,000","28,848,000","28,361,000","28,512,000","29,612,000","27,807,000","25,986,000","21,688,000","22,146,000","18,510,000","11,931,000","19,671,000","20,264,000","19,758,000","18,248,000","17,298,000","16,804,000","16,705,000","16,771,000","28,035,000","17,904,000","17,089,000","15,936,000","12,386,000","15,132,000","17,103,000","18,921,000","18,387,000","18,161,000","16,359,000","15,265,000","14,490,000","12,705,000","10,594,000","9,759,000","9,435,000","8,836,000","8,268,000","7,578,000","8,599,000","5,413,000","5,213,000","4,888,000","4,576,000","4,121,000","3,451,000","3,693,000","3,380,000","3,714,000","2,325,000","1,997,000","2,000,000","1,800,000","1,800,000","1,900,000","1,700,000","1,700,000","1,600,000",,"1,700,000","1,600,000","1,500,000","1,600,000","1,700,000","1,900,000","2,200,000","2,400,000","2,200,000","1,900,000","1,800,000","1,600,000",,,,,,,,,,,,,,,,,,
	SellingGeneralAndAdministration,"172,770,000","43,364,000","39,808,000","47,621,000","41,977,000","38,804,000","47,086,000","42,891,000","38,255,000","34,600,000","51,059,000","33,795,000","39,875,000","38,377,000","36,875,000","39,587,000","33,529,000","41,406,000","36,483,000","36,568,000","39,237,000","33,586,000","34,772,000","35,116,000","32,824,000","33,715,000","33,768,000","30,747,000","34,528,000","37,675,000","33,590,000","31,692,000","31,547,000","31,696,000","26,421,000","30,849,000","33,315,000","34,794,000","37,386,000","35,646,000","31,220,000","44,818,000","26,333,000","25,110,000","22,481,000","26,705,000","23,637,000","35,501,000","24,915,000","26,351,000","23,823,000","18,824,000","16,741,000","17,267,000","16,124,000","19,358,000","18,787,000","18,621,000","19,460,000","18,180,000","18,267,000","18,356,000","17,775,000","19,984,000","17,618,000","15,284,000","12,251,000","12,003,000","9,189,000","11,108,000","11,347,000","11,438,000","11,323,000","10,341,000","9,762,000","9,271,000","9,228,000","8,946,000","8,408,000","8,790,000","8,816,000","8,412,000","7,886,000","7,982,000","8,008,000","9,922,000","9,760,000","9,546,000","8,638,000","8,220,000","8,324,000","7,173,000","6,067,000","5,642,000","5,363,000","5,147,000","4,948,000","4,633,000","-1,806,000","6,613,000","5,213,000","4,888,000","559,000","4,121,000","3,451,000","3,693,000","1,051,000","3,714,000","2,325,000","1,997,000","900,000","1,500,000","1,600,000","1,600,000","700,000","1,500,000","1,400,000",,"1,400,000","1,400,000","1,300,000","1,400,000","1,300,000","1,600,000","1,900,000","2,100,000","1,900,000","1,500,000","1,400,000","1,200,000",,,,,,,,,,,,,,,,,,
	ResearchAndDevelopment,"149,924,000","38,789,000","38,292,000","37,346,000","35,497,000","36,790,000","32,833,000","27,890,000","29,220,000","27,586,000","28,046,000","26,670,000","25,553,000","27,099,000","28,493,000","27,147,000","28,079,000","26,199,000","23,752,000","27,631,000","27,432,000","25,983,000","25,403,000","25,600,000","26,325,000","25,172,000","28,966,000","26,855,000","28,239,000","29,678,000","34,984,000","28,401,000","28,173,000","27,813,000","37,805,000","31,948,000","33,125,000","34,559,000","29,959,000","33,354,000","32,613,000","24,083,000","19,335,000","20,489,000","22,228,000","18,525,000","18,517,000","18,400,000","17,404,000","15,303,000","13,705,000","10,467,000","10,893,000","10,085,000","9,771,000","10,127,000","10,434,000","11,073,000","11,272,000","11,206,000","10,581,000","10,005,000","10,737,000","9,628,000","10,189,000","10,702,000","9,437,000","10,143,000","9,321,000","8,633,000","8,324,000","8,826,000","8,435,000","7,907,000","7,536,000","7,533,000","7,477,000","7,825,000","7,627,000","7,912,000","8,273,000","7,524,000","7,227,000","7,150,000","7,319,000","8,048,000","8,627,000","8,615,000","7,721,000","7,045,000","6,166,000","5,532,000","4,527,000","4,117,000","4,072,000","3,689,000","3,320,000","2,945,000",,,,,,,,,,,,,,,,,,,,,,,,,,,,,,,,,,,,,,,,,,,,,,,,,,
	DepreciationAmortizationDepletionIncomeStatement,"4,692,000","1,048,000","1,048,000","1,298,000","1,298,000","1,298,000","1,607,000","1,798,000","2,020,000","2,840,000","3,725,000","3,770,000","3,908,000","5,143,000","6,728,000","6,480,000","6,480,000","6,961,000","7,453,000","7,453,000","6,675,000","6,286,000","6,284,000","6,286,000","6,328,000","6,403,000","6,411,000","6,308,000","6,177,000","6,163,000","6,426,000","6,423,000","6,444,000","6,425,000","3,986,000","7,349,000","9,811,000","7,856,000","8,177,000","8,212,000","7,977,000","5,578,000","2,075,000","4,573,000","2,103,000","2,102,000","2,304,000","2,406,000","2,405,000","2,405,000",,,,,,,,"273,000","275,000","276,000",,,,,,,,,,,,,,,,,,,,,,,,,,,,,,,,,,,,,,,,,,,,,,,,,,,"200,000","300,000","200,000","300,000","300,000","200,000","200,000",,"300,000","200,000","200,000","200,000","400,000","300,000","300,000","300,000","300,000","400,000","400,000","400,000",,,,,,,,,,,,,,,,,,
		DepreciationAndAmortizationInIncomeStatement,"4,692,000","1,048,000","1,048,000","1,298,000","1,298,000","1,298,000","1,607,000","1,798,000","2,020,000","2,840,000","3,725,000","3,770,000","3,908,000","5,143,000","6,728,000","6,480,000","6,480,000","6,961,000","7,453,000","7,453,000","6,675,000","6,286,000","6,284,000","6,286,000","6,328,000","6,403,000","6,411,000","6,308,000","6,177,000","6,163,000","6,426,000","6,423,000","6,444,000","6,425,000","3,986,000","7,349,000","9,811,000","7,856,000","8,177,000","8,212,000","7,977,000","5,578,000","2,075,000","4,573,000","2,103,000","2,102,000","2,304,000","2,406,000","2,405,000","2,405,000",,,,,,,,"273,000","275,000","276,000",,,,,,,,,,,,,,,,,,,,,,,,,,,,,,,,,,,,,,,,,,,,,,,,,,,"200,000","300,000","200,000","300,000","300,000","200,000","200,000",,"300,000","200,000","200,000","200,000","400,000","300,000","300,000","300,000","300,000","400,000","400,000","400,000",,,,,,,,,,,,,,,,,,
			Amortization,"4,692,000","1,048,000","1,048,000","1,298,000","1,298,000","1,298,000","1,607,000","1,798,000","2,020,000","2,840,000","3,725,000","3,770,000","3,908,000","5,143,000","6,728,000","6,480,000","6,480,000","6,961,000","7,453,000","7,453,000","6,675,000","6,286,000","6,284,000","6,286,000","6,328,000","6,403,000","6,411,000","6,308,000","6,177,000","6,163,000","6,426,000","6,423,000","6,444,000","6,425,000","3,986,000","7,349,000","9,811,000","7,856,000","8,177,000","8,212,000","7,977,000","5,578,000","2,075,000","4,573,000","2,103,000","2,102,000","2,304,000","2,406,000","2,405,000","2,405,000",,,,,,,,"273,000","275,000","276,000",,,,,,,,,,,,,,,,,,,,,,,,,,,,,,,,,,,,,,,,,,,,,,,,,,,,,,,,,,,,,,,,,,,,,,,,,,,,,,,,,,,,,,,,
				AmortizationOfIntangiblesIncomeStatement,"4,692,000","1,048,000","1,048,000","1,298,000","1,298,000","1,298,000","1,607,000","1,798,000","2,020,000","2,840,000","3,725,000","3,770,000","3,908,000","5,143,000","6,728,000","6,480,000","6,480,000","6,961,000","7,453,000","7,453,000","6,675,000","6,286,000","6,284,000","6,286,000","6,328,000","6,403,000","6,411,000","6,308,000","6,177,000","6,163,000","6,426,000","6,423,000","6,444,000","6,425,000","3,986,000","7,349,000","9,811,000","7,856,000","8,177,000","8,212,000","7,977,000","5,578,000","2,075,000","4,573,000","2,103,000","2,102,000","2,304,000","2,406,000","2,405,000","2,405,000",,,,,,,,"273,000","275,000","276,000",,,,,,,,,,,,,,,,,,,,,,,,,,,,,,,,,,,,,,,,,,,,,,,,,,,,,,,,,,,,,,,,,,,,,,,,,,,,,,,,,,,,,,,,
	OtherTaxes,,,,,,,,,,,,,,,,,,,,,"153,000","132,000",,,,,,,,,,,,,,,,,,,,,,,,,,,,,,,,,,,,,,,,,,,,,,,,,,,,,,,,,,,,,,,,,,,,,,,,,,,,,,,,,,,,,,,,,,,,,,,,,,,,,,,,,,,,,,,,,,,,,,,,,,,,,,
	OtherOperatingExpenses,,,,,,,,,,,,,,,,,"-900,000",,,,,,,,,,,,,,,,,,,,,,,,,,,,,,,,,,,,,,,,,,,,,,,,,,,,,"-7,810,000",,,,,,,,,"12,000,000","1,202,000",,,,,"1,776,000","951,000",,,,,,,,,,,,,,"-1,200,000",,,,,,,,,,,,,,,,,,,,,,,,,,,,,,,,,,,,,,,,,,,,,,,,
OperatingIncome,"164,087,000","47,052,000","42,951,000","37,424,000","36,660,000","27,969,000","18,950,000","21,482,000","18,756,000","15,735,000","1,447,000","22,013,000","15,548,000","10,656,000","26,771,000","33,348,000","32,036,000","-3,097,000","17,713,000","17,767,000","18,739,000","18,928,000","16,533,000","14,063,000","16,298,000","13,234,000","-89,000","5,674,000","6,632,000","4,884,000","-2,162,000","22,810,000","22,057,000","12,150,000","-15,005,000","13,265,000","24,457,000","20,078,000","12,218,000","19,581,000","2,715,000","-19,142,000","11,921,000","23,235,000","31,908,000","26,522,000","25,548,000","17,514,000","22,708,000","12,988,000","5,915,000","12,080,000","8,518,000","5,380,000","7,455,000","13,166,000","13,574,000","10,824,000","17,505,000","13,199,000","8,142,000","4,892,000","665,000","4,911,000","7,556,000","11,925,000","14,662,000","12,119,000","13,612,000","19,741,000","13,399,000","16,956,000","21,077,000","18,534,000","15,180,000","11,078,000","8,825,000","8,086,000","-3,018,000","8,528,000","13,243,000","12,144,000","13,694,000","8,997,000","-9,108,000","16,165,000","22,188,000","21,298,000","17,281,000","15,927,000","15,319,000","12,280,000","9,050,000","6,840,000","4,752,000","4,952,000","3,561,000","6,896,000","5,273,000","7,377,000","4,671,000","4,217,000","3,842,000","2,942,000","1,856,000","2,789,000","4,388,000","3,341,000","2,151,000","1,769,000","1,200,000","300,000","200,000","100,000","200,000","200,000","100,000","5,100,000","0","200,000","300,000","200,000","0","0","600,000","600,000","500,000","200,000","200,000","100,000","-13,500,000","4,900,000","5,100,000","4,600,000","-12,400,000","4,900,000","4,700,000","5,000,000","-10,200,000","4,000,000","3,800,000","3,500,000","-8,700,000","2,900,000","2,800,000","3,100,000","-10,500,000","3,400,000"
NetNonOperatingInterestIncomeExpense,"-5,089,000","-1,197,000","-1,474,000","-1,233,000","-1,185,000","-1,199,000","-1,517,000","-1,008,000","-1,252,000","-1,559,000","-1,859,000","-2,183,000","-2,597,000","-2,467,000","-2,457,000","-2,355,000","-2,200,000","-2,190,000","-1,856,000","-2,032,000","-1,897,000","-1,952,000","-3,238,000","-1,890,000","-2,037,000","-1,930,000","-2,108,000","-1,964,000","-1,900,000","-1,834,000","-1,447,000","-1,462,000","-1,588,000","-1,387,000","-1,370,000","-1,818,000","-10,584,000","-4,060,000","-3,055,000","-5,243,000","-3,382,000","-1,629,000","1,041,000","729,000","-117,000","-440,000","-508,000","3,000","308,000","197,000","-812,000","1,136,000","282,000","1,290,000",,,,,,,,,,,,,,,,,,,,,,,,,,,,,,,,,,,,,,,,,,,,,,,,,,,,,,,,,,,,,,,,,,,,,,,,,,,,,,,,,,,,,,,,,,,,,,
	InterestIncomeNonOperating,,,,,,,,,,,,,,,,,,,,,"132,000","94,000",,,,,"-648,000","-777,000","117,000","-492,000","572,000","216,000","-345,000","-278,000","1,606,000","-259,000","-198,000","-807,000","-282,000",,"60,000",,"421,000","729,000",,,,,,"197,000","-673,000","1,136,000",,,,,,,,,,,,,,,,,,,,,,,,,,,,,,,,,,,,,,,,,,,,,,,,,,,,,,,,,,,,,,,,,,,,,,,,,,,,,,,,,,,,,,,,,,,,,,,,
	InterestExpenseNonOperating,"5,089,000","1,197,000","1,474,000","1,233,000","1,185,000","1,199,000","1,517,000","1,008,000","1,252,000","1,559,000","1,967,000","2,148,000","2,561,000","2,467,000","2,457,000","2,355,000","2,200,000","2,190,000","1,856,000","2,032,000","2,029,000","2,046,000","3,443,000","1,890,000","2,037,000","1,930,000","2,121,000","1,964,000","1,900,000","1,834,000","1,490,000","1,462,000","1,588,000","1,387,000","1,712,000","1,818,000","10,584,000","4,060,000","3,459,000","5,243,000","3,442,000","1,629,000",,,,,,,,,,,,,,,,,,,,,,,,,,,,,,,,,,,,,,,,,,,,,,,,,,,,,,,,,,,,,,,,,,,,,,,,,,,,,,,,,,,,,,,,,,,,,,,,,,,,,,,,,,
	TotalOtherFinanceCost,,,,,,,,,,,,"35,000","36,000","2,467,000","2,457,000","2,355,000","2,200,000","2,190,000","1,856,000","2,032,000",,,"3,443,000","1,890,000","2,037,000","1,930,000",,"1,964,000","1,900,000","1,834,000",,"1,462,000","1,588,000",,,,,,,,,,,"-729,000","117,000","440,000",,"-3,000","-308,000","-197,000",,,"-282,000","-1,290,000",,,,,,,,,,,,,,,,,,,,,,,,,,,,,,,,,,,,,,,,,,,,,,,,,,,,,,,,,,,,,,,,,,,,,,,,,,,,,,,,,,,,,,,,,,,,,,
OtherIncomeExpense,"-454,000","238,000","-326,000","-111,000","-255,000","-152,000","-1,206,000","-571,000","-1,661,000","-3,174,000","-1,186,000","796,000","1,213,000","3,204,000","1,909,000","-20,299,000","1,442,000","190,000","-5,037,000","1,079,000","-183,000","-1,398,000","-2,301,000","24,346,000","-7,000","-12,000","2,576,000","12,447,000","-3,447,000","-493,000","-11,068,000","216,000","-345,000","-1,279,000","-152,180,000","-259,000","-198,000","-807,000","-282,000","-1,071,000","-650,000",,,,,,,,,,,"-303,000","-462,000","-491,000","-1,660,000","-273,000","-413,000","-2,169,000",,,"-275,000","-276,000","222,000","-276,000","-275,000","-365,000","-409,000","-409,000","-4,136,000",,,"0","0",,,,,,"-12,000,000","-1,202,000",,,"0",,"-1,776,000","-951,000",,,,,,,,,"1,980,000",,"-2,502,000","-255,000","355,000","-1,087,000","76,000",,"133,000","-41,000",,,,,,,,,,,"0",,,,,,,,,"200,000",,,"300,000","-300,000",,,,,,,,,,,,,,,,,,,,
	GainOnSaleOfSecurity,,,,,,,,,,,,,,,,,,,,,"-916,000","-486,000",,,,,,,,,,,,,,,,,,,,,,,,,,,,,,,,,,,,,,,,,,,,,,,,,,,,,,,,,,,,,,,,,,,,,,,,,,,,,,,,,,,,,,,,,,,,,,,,,,,,,,,,,,,,,,,,,,,,,,,,,,,,,,
	SpecialIncomeCharges,"-1,102,000","-24,000","-394,000","-216,000","-468,000","-246,000","-1,319,000","-335,000","-1,485,000","-3,597,000","-1,179,000","152,000","0","2,161,000","0","-21,481,000","900,000","0","-3,704,000","-188,000","0","-804,000","-1,752,000","25,036,000","129,000","33,000","2,744,000","13,224,000","-3,564,000","0","-11,920,000","0","0","-1,001,000","-119,772,000",,,,,"-1,071,000","-650,000",,,,,,,,,,,"-303,000","-462,000","-491,000","-1,660,000","-273,000","-413,000","-2,169,000",,,"-275,000","-276,000","222,000","-276,000","-275,000","-365,000","-409,000","-409,000","-4,136,000",,,,,,,,,,"-12,000,000","-1,202,000",,,"0",,"-1,776,000","-951,000",,,,,,,,,"1,980,000",,"-2,502,000","-255,000","355,000","-1,087,000","76,000",,"133,000","-41,000",,,,,,,,,,,"0",,,,,,,,,"200,000",,,"300,000","-300,000",,,,,,,,,,,,,,,,,,,,
		RestructuringAndMergernAcquisition,,,"-13,000","0","0","0","0","0","0","-33,000","-32,000","-152,000","0","-2,161,000","0","-8,519,000","-900,000",,"3,704,000","188,000","0","429,000","2,229,000","0","-129,000","-33,000","-2,744,000","-13,224,000","3,564,000","0","284,000","0","0","1,001,000","3,086,000",,,,,,,,,,,,,,,,,"303,000","462,000","491,000","273,000","273,000","413,000","2,169,000",,,"275,000","276,000","276,000","276,000","275,000","365,000","409,000","409,000",,,,,,,,,,,,,,,,,,,,,,,,,,,"-1,172,000",,"2,502,000","255,000","-210,000","1,200,000",,,,,,,,,,,,,,,,,,,,,,,,,,,,,,,,,,,,,,,,,,,,,,,,
		ImpairmentOfCapitalAssets,,,,,,,,,,,,,,,,,,,,,,,,,,,,,,,"11,636,000","0","0","0","116,686,000",,,,,,,,,,,,,,,,,,,,,,,,,,,,,,,,,,,,,,,,,,,,,,,,,,,,,,,,,,,,,,,,,,,,,,,,,,,,,,,,,,,,,,,,,,,,,,,,,,,,,,,,,,,,,,,,,
		WriteOff,"1,115,000","24,000","407,000","216,000","468,000","246,000","1,319,000","335,000","1,485,000","3,630,000","1,211,000","0",,,"0","30,000,000",,,,,,,,,,,,,,,,,,,,,,,,,,,,,,,,,,,,,,,,,,,,,,,,,,,,,,,,,,,,,,,,,,,,,,,,,,,,,,,,,,,,,,,,,,,,,,,,,,,,,,,,,,,,,,,,,,,,,,,,,,,,,,,,,,,,
		OtherSpecialCharges,,,,,,,,,,,,,,,,,,,,,,,,,,,,,,,,,,,,,,,,,,,,,,,,,,,,,,,,,,,,,,,"0",,,,,,,,,,,,,,,,,,,,,,,,,,,,,,,,,,,,"-145,000","-113,000",,,,,,,,,,,,,,,,,,,,,,,,,,,,,,,,,,,,,,,,,,,,,,,,
		GainOnSaleOfBusiness,,,,,,,,,,,,,,,"0","0",,"0","0","0","0","-375,000","477,000","25,036,000",,,,,,,,,,,,,,,,,,,,,,,,,,,,,,,,,,,,,,,,,,,,,,,,,,,,,,,,,,,,,,,,,,,,,,,,,,,,,,,,,,,,,,,,,,,,,,,,,,,,,,,,,,,,,,,,,,,,,,,,,,,,
	OtherNonOperatingIncomeExpenses,"648,000","262,000","68,000","105,000","213,000","94,000","113,000","-236,000","-176,000","423,000","-7,000","644,000","1,213,000","1,043,000","1,909,000","1,182,000","542,000","190,000","-1,333,000","1,267,000","733,000","-108,000","918,000","-690,000","-136,000","-45,000","497,000","-777,000","117,000","-493,000","150,000","216,000","-345,000","-278,000","778,000","-259,000","-198,000","-807,000","-282,000",,,,,,,,,,,,,,,,,,,,,,,,,,,,,,,,,,,,,,,,,,,,,,,,,,,,,,,,,,,,,,,,,,,,,,,,,,,,,,,,,,,,,,,,,,,,,,,,,,,,,,,,,,,,,
PretaxIncome,"158,544,000","46,093,000","41,151,000","36,080,000","35,220,000","26,618,000","16,227,000","19,903,000","15,843,000","11,002,000","-1,598,000","20,626,000","14,164,000","11,393,000","26,223,000","10,694,000","31,278,000","-5,097,000","10,820,000","16,814,000","16,659,000","15,578,000","10,994,000","36,519,000","14,254,000","11,292,000","379,000","16,157,000","1,285,000","2,557,000","-14,677,000","21,564,000","20,124,000","9,484,000","-168,555,000","11,188,000","13,675,000","15,211,000","7,999,000","14,338,000","-1,317,000","-20,771,000","12,342,000","23,964,000","31,791,000","26,082,000","25,614,000","17,517,000","23,016,000","13,185,000","5,775,000","13,216,000","8,800,000","6,179,000","7,585,000","13,797,000","14,402,000","10,395,000","20,313,000","16,254,000","11,409,000","10,331,000","4,343,000","8,144,000","10,442,000","14,482,000","16,273,000","13,639,000","10,878,000","13,866,000","15,379,000","19,098,000","22,365,000","19,428,000","16,485,000","12,181,000","3,174,000","10,878,000","-1,199,000","19,177,000","14,783,000","13,323,000","12,142,000","10,715,000","-7,309,000","18,616,000","25,124,000","24,056,000","19,592,000","17,256,000","15,205,000","12,524,000","9,281,000","7,094,000","6,158,000","5,134,000","1,258,000","6,812,000","6,802,000","5,080,000","4,747,000","4,251,000","3,808,000","2,946,000","1,855,000","2,804,000","3,908,000","2,890,000","2,171,000","1,577,000","1,000,000","300,000","400,000","300,000",,,,,"0",,,,"-300,000","200,000","500,000","500,000",,,"200,000",,,,,,,,,,,,,,,,,,,
TaxProvision,"20,410,000","8,069,000","6,360,000","3,018,000","2,963,000","3,198,000","914,000","1,580,000","-416,000","1,359,000","2,795,000","3,379,000","8,966,000","-2,312,000","12,798,000","-1,454,000","6,082,000","-17,510,000","12,067,000","3,272,000","4,095,000","3,757,000","2,975,000","5,743,000","5,276,000","4,405,000","-868,000","5,453,000","1,598,000","2,699,000","764,000","3,941,000","2,226,000","1,617,000","42,253,000","-1,265,000","-5,437,000","434,000","-5,119,000","-2,252,000","-11,339,000","-22,980,000","-46,000","-3,015,000","4,653,000","3,500,000","-389,000","1,412,000","3,354,000","2,383,000","-3,705,000","34,103,000","1,380,000","1,236,000","1,314,000","2,287,000","2,738,000","2,318,000","5,453,000","284,000","2,387,000","2,400,000","-252,000","1,798,000","2,012,000","2,725,000","3,014,000","2,121,000","3,518,000","3,018,000","3,270,000","4,503,000","4,946,000","4,663,000","3,956,000","2,923,000","762,000","2,611,000","-1,261,000","6,137,000","3,696,000","3,331,000","3,400,000","3,000,000","-2,232,000","5,399,000","7,537,000","7,216,000","5,878,000","5,177,000","5,172,000","4,133,000","3,063,000","2,341,000","2,057,000","1,715,000","420,000","2,275,000","2,264,000","1,690,000","1,567,000","1,403,000","1,257,000","972,000","612,000","921,000","1,361,000","985,000","624,000","489,000","300,000","100,000","100,000","100,000",,,,,"0",,,,"0","100,000","100,000","100,000","100,000",,"100,000",,,,,,,,,,,,,,,,,,,
EarningsFromEquityInterestNetOfTax,"2,061,000","24,000","0","1,363,000","674,000","78,000","318,000","159,000","-137,000","-11,000","0","352,000","168,000","-411,000","-85,000","17,000","-27,000","-31,000","-50,000","-204,000",,,,,,,,,,,,,,,,,,,,,,,,,,,,,,,,,,,,,,,,,,,,,,,,,,,,,,,,,,,,,,,,,,,,,,,,,,,,,,,,,,,,,,,,,,,,,,,,,,,,,,,,,,,,,,,,,,,,,,,,,,,,,,,,
NetIncomeCommonStockholders,"140,213,000","38,049,000","34,804,000","34,427,000","32,933,000","23,500,000","15,656,000","18,487,000","16,125,000","9,635,000","-4,388,000","17,599,000","5,366,000","13,294,000","13,340,000","12,165,000","25,169,000","12,382,000","-1,297,000","13,338,000","12,564,000","11,821,000","8,019,000","30,776,000","8,978,000","6,887,000","1,247,000","10,704,000","-313,000","-142,000","-15,441,000","17,623,000","17,898,000","7,867,000","-210,808,000","12,453,000","19,112,000","14,777,000","13,118,000","16,590,000","10,022,000","2,209,000","12,388,000","26,979,000","27,138,000","22,582,000","26,003,000","16,105,000","19,662,000","10,802,000","9,480,000","-20,887,000","7,420,000","4,943,000","6,271,000","11,510,000","11,664,000","8,077,000","14,860,000","15,970,000","9,022,000","7,931,000","4,595,000","6,346,000","8,430,000","11,757,000","13,259,000","11,518,000","7,360,000","10,848,000","12,109,000","14,595,000","17,419,000","14,765,000","12,529,000","9,258,000","2,412,000","8,267,000","62,000","13,040,000","11,087,000","9,992,000","8,742,000","9,120,000","-5,077,000","13,217,000","17,587,000","16,840,000","13,714,000","12,079,000","10,033,000","8,391,000","6,218,000","4,753,000","4,101,000","3,419,000","838,000","4,537,000","4,538,000","3,390,000","3,180,000","2,848,000","2,551,000","1,974,000","1,243,000","1,883,000","2,547,000","1,905,000","1,547,000","1,088,000","700,000","200,000","300,000","200,000",,"200,000","100,000","-200,000","0","100,000","200,000","200,000","-300,000","100,000","400,000","400,000",,"-200,000","100,000","100,000",,,,,,,,,,,,,,,,,,
	NetIncome,"140,213,000","38,049,000","34,804,000","34,427,000","32,933,000","23,500,000","15,656,000","18,487,000","16,125,000","9,635,000","-4,388,000","17,599,000","5,366,000","13,294,000","13,340,000","12,165,000","25,169,000","12,382,000","-1,297,000","13,338,000","12,564,000","11,821,000","8,019,000","30,776,000","8,978,000","6,887,000","1,247,000","10,704,000","-313,000","-142,000","-15,441,000","17,623,000","17,898,000","7,867,000","-210,808,000","12,453,000","19,112,000","14,777,000","13,118,000","16,590,000","10,022,000","2,209,000","12,388,000","26,979,000","27,138,000","22,582,000","26,003,000","16,105,000","19,662,000","10,802,000","9,480,000","-20,887,000","7,420,000","4,943,000","6,271,000","11,510,000","11,664,000","8,077,000","14,860,000","15,970,000","9,022,000","7,931,000","4,595,000","6,346,000","8,430,000","11,757,000","13,259,000","11,518,000","7,360,000","10,848,000","12,109,000","14,595,000","17,419,000","14,765,000","12,529,000","9,258,000","2,412,000","8,267,000","62,000","13,040,000","11,087,000","9,992,000","8,742,000","9,120,000","-5,077,000","13,217,000","17,587,000","16,840,000","13,714,000","12,079,000","10,033,000","8,391,000","6,218,000","4,753,000","4,101,000","3,419,000","838,000","4,537,000","4,538,000","3,390,000","3,180,000","2,848,000","2,551,000","1,974,000","1,243,000","1,883,000","2,547,000","1,905,000","1,547,000","1,088,000","700,000","200,000","300,000","200,000",,"200,000","100,000","-200,000","0","100,000","200,000","200,000","-300,000","100,000","400,000","400,000",,"-200,000","100,000","100,000",,,,,,,,,,,,,,,,,,
		NetIncomeIncludingNoncontrollingInterests,"140,195,000","38,048,000","34,791,000","34,425,000","32,931,000","23,498,000","15,631,000","18,482,000","16,122,000","9,632,000","-4,393,000","17,599,000","5,366,000","13,294,000","13,340,000","12,165,000","25,169,000","12,382,000","-1,297,000","13,338,000","12,564,000","11,821,000","8,019,000","30,776,000","8,978,000","6,887,000","1,247,000","10,704,000","-313,000","-142,000","-15,441,000","17,623,000","17,898,000","7,867,000","-210,808,000","12,453,000","19,112,000","14,777,000","13,118,000","16,590,000","10,022,000","2,209,000","12,388,000","26,979,000","27,138,000","22,582,000","26,003,000","16,105,000","19,662,000","10,802,000","9,480,000","-20,887,000","7,420,000","4,943,000","6,271,000","11,510,000","11,664,000","8,077,000","14,860,000","15,970,000","9,022,000","7,931,000","4,595,000","6,346,000","8,430,000","11,757,000","13,259,000","11,518,000","7,360,000","10,848,000","12,109,000","14,595,000","17,419,000","14,765,000","12,529,000","9,258,000","2,412,000","8,267,000","62,000","13,040,000","11,087,000","9,992,000","8,742,000","9,120,000","-5,077,000","13,217,000","17,587,000","16,840,000","13,714,000","12,079,000","10,033,000","8,391,000","6,218,000","4,753,000","4,101,000","3,419,000","838,000","4,537,000","4,538,000","3,390,000","3,180,000","2,848,000","2,551,000","1,974,000","1,243,000","1,883,000","2,547,000","1,905,000","1,547,000","1,088,000","700,000","200,000","300,000","200,000",,"200,000","100,000","-200,000","0","100,000","200,000","200,000","-300,000","100,000","400,000","400,000",,"-200,000","100,000","100,000","0","300,000","300,000","200,000","300,000","300,000","500,000","600,000","200,000","200,000","100,000","100,000",,,,,"0","-200,000"
			NetIncomeContinuousOperations,"140,195,000","38,048,000","34,791,000","34,425,000","32,931,000","23,498,000","15,631,000","18,482,000","16,122,000","9,632,000","-4,393,000","17,599,000","5,366,000","13,294,000","13,340,000","12,165,000","25,169,000","12,382,000","-1,297,000","13,338,000","12,564,000","11,821,000","8,019,000","30,776,000","8,978,000","6,887,000","1,247,000","10,704,000","-313,000","-142,000","-15,441,000","17,623,000","17,898,000","7,867,000","-210,808,000","12,453,000","19,112,000","14,777,000","13,118,000","16,590,000","10,022,000","2,209,000","12,388,000","26,979,000","27,138,000","22,582,000","26,003,000","16,105,000","19,662,000","10,802,000","9,480,000","-20,887,000","7,420,000","4,943,000","6,271,000","11,510,000","11,664,000","8,077,000","14,860,000","15,970,000","9,022,000","7,931,000","4,595,000","6,346,000","8,430,000","11,757,000","13,259,000","11,518,000","7,360,000","10,848,000","12,109,000","14,595,000","17,419,000","14,765,000","12,529,000","9,258,000","2,412,000","8,267,000","62,000","13,040,000","11,087,000","9,992,000","8,742,000","7,715,000","-5,077,000","13,217,000","17,587,000","16,840,000","13,714,000","12,079,000","10,033,000","8,391,000","6,218,000","4,753,000","4,101,000","3,419,000","838,000","4,537,000","4,538,000","3,390,000","3,180,000","2,848,000","2,551,000","1,974,000","1,243,000","1,883,000","2,547,000","1,905,000","1,547,000","1,088,000","700,000","200,000","300,000","200,000",,"200,000","100,000","-200,000","0","100,000","200,000","200,000","-300,000","100,000","400,000","400,000",,"-200,000","100,000","100,000","0","300,000","300,000","200,000","300,000","300,000","500,000","600,000","200,000","200,000","100,000","100,000",,,,,"0","-200,000"
			NetIncomeDiscontinuousOperations,,,,,,,,,,,,,,,,,,,,,,,,,,,,,,,,,,,,,,,,,,,,,,,,,,,,,,,,,,,,,,,,,,,,,,,,,,,,,,,,,,,,,,,,,,,,,,,,,,,,,,,,,,,,,,,,,,,,,,,,,,,,,,,,,,,,,,,,,,,,,,,,,"-200,000",,,
			NetIncomeFromTaxLossCarryforward,,,,,,,,,,,,,,,,,,,,,,,,,,,,,,,,,,,,,,,,,,,,,,,,,,,,,,,,,,,,,,,,,,,,,,,,,,,,,,,,,,,"0","1,405,000",,,,,,,,,,,,,,,,,,,,,,,,,,,,,,,,,,,,,,,,,,,,,,,,,,,,,,,,,,,,,,,,
		MinorityInterests,"18,000","1,000","13,000","2,000","2,000","2,000","25,000","5,000","3,000","3,000","5,000",,,,,,,,,,,,,,,,,,,,,,,,,,,,,,,,,,,,,,,,,,,,,,,,,,,,,,,,,,,,,,,,,,,,,,,,,,,,,,,,,,,,,,,,,,,,,,,,,,,,,,,,,,,,,,,,,,,,,,,,,,,,,,,,,,,,,,,,,
DilutedNIAvailtoComStockholders,"140,213,000","38,049,000","34,804,000","34,427,000","32,933,000","23,500,000","15,656,000","18,487,000","16,125,000","9,635,000","-4,388,000","17,599,000","5,366,000","13,294,000","13,340,000","12,165,000","25,169,000","12,382,000","-1,297,000","13,338,000","12,564,000","11,821,000","8,019,000","30,776,000","8,978,000","6,887,000","1,247,000","10,704,000","-313,000","-142,000","-15,441,000","17,623,000","17,898,000","7,867,000","-210,808,000","12,453,000","19,112,000","14,777,000","13,118,000","16,590,000","10,022,000","2,209,000","12,388,000","26,979,000","27,138,000","22,582,000","26,003,000","16,105,000","19,662,000","10,802,000","9,480,000","-20,887,000","7,420,000","4,943,000","6,271,000","11,510,000","11,664,000","8,077,000","14,860,000","15,970,000","9,022,000","7,931,000","4,595,000","6,346,000","8,430,000","11,757,000","13,259,000","11,518,000","7,360,000","10,848,000","12,109,000","14,595,000","17,419,000","14,765,000","12,529,000","9,258,000","2,412,000","8,267,000","62,000","13,040,000","11,087,000","9,992,000","8,742,000","9,120,000","-5,077,000","13,217,000","17,587,000","16,840,000","13,714,000","12,079,000","10,033,000","8,391,000","6,218,000","4,753,000","4,101,000","3,419,000","838,000","4,537,000","4,538,000","3,390,000","3,180,000","2,848,000","2,551,000","1,974,000","1,243,000","1,883,000","2,547,000","1,905,000","1,547,000","1,088,000","700,000","200,000","300,000","200,000",,"200,000","100,000","-200,000","0","100,000","200,000","200,000","-300,000","100,000","400,000","400,000",,"-200,000","100,000","100,000",,,,,,,,,,,,,,,,,,
BasicEPS,,"0.59","0.54","0.53","0.51","0.36","0.24","0.28","0.25","0.15","0.04","0.27","0.08","0.2","0.2","0.18","0.38","0.19","-0.02","0.2","0.19","0.18","0.12","0.47","0.14","0.11","0.02","0.16","-0.005","-0.002","-0.23","0.26","0.27","0.12","-3.12","0.18","0.28","0.22","0.2","0.25","0.15","0.03","0.19","0.41","0.41","0.35",,"0.26","0.32","0.18",,"-0.34","0.12","0.08",,"0.19","0.19","0.13",,"0.25","0.13","0.11",,"0.09","0.12","0.16",,"0.16","0.1","0.15",,"0.2","0.23","0.2",,"0.13","0.03","0.11",,"0.18","0.15","0.14",,"0.13","-0.07","0.19",,"0.25","0.21","0.185",,"0.14","0.1","0.08",,"0.06","0.03","0.08",,"0.05","0.06","0.05",,"0.04","0.03","0.04",,"0.04","0.04","0.03",,"0.01","0.01","0.01",,"0.01","0.01","-0.01",,"0.01","0.01","0.01",,"0.01","0.02","0.02",,"-0.01","0.01","0.01",,"0.01","0.01","0.01",,"0.02","0.03","0.03",,"0.02","0.01","0.01",,"0.01","-0.01",,,"-0.02"
DilutedEPS,,"0.59","0.53","0.53","0.5","0.36","0.24","0.28","0.24","0.15","0.04","0.26","0.08","0.2","0.2","0.18","0.37","0.18","-0.02","0.2","0.19","0.18","0.12","0.46","0.14","0.11","0.02","0.16","-0.005","-0.002","-0.23","0.26","0.26","0.12","-3.12","0.18","0.28","0.22","0.19","0.25","0.15","0.03","0.19","0.4","0.4","0.34",,"0.25","0.31","0.17",,"-0.34","0.12","0.08",,"0.19","0.19","0.13",,"0.24","0.13","0.11",,"0.09","0.11","0.16",,"0.15","0.1","0.14",,"0.19","0.22","0.19",,"0.12","0.03","0.11",,"0.17","0.14","0.13",,"0.13","-0.07","0.17",,"0.22","0.18","0.16",,"0.12","0.1","0.08",,"0.06","0.02","0.08",,"0.05","0.06","0.05",,"0.04","0.03","0.04",,"0.04","0.04","0.03",,"0.01","0.01","0.01",,"0.01","0.01","-0.01",,"0.01","0.01","0.01",,"0.01","0.01","0.02",,"-0.01","0.01","0.01",,"0.01","0.01","0.01",,"0.01","0.02","0.02",,"0.01","0.01","0.01",,"0.01","-0.01",,,"-0.02"
BasicAverageShares,,"63,950,000","64,289,000","64,546,000","64,721,000","65,089,000","65,035,000","65,136,000","65,084,000","65,589,000","66,041,000","66,387,000","66,519,000","66,105,000","65,525,000","66,014,000","66,063,000","66,324,000","66,310,000","66,194,000","65,763,000","65,839,000","65,716,000","65,549,000","65,299,000","65,144,000","64,934,000","65,117,000","65,920,000","66,713,000","66,763,000","67,162,000","67,208,000","67,300,000","67,523,000","67,792,000","67,614,000","66,956,000","66,371,000","65,996,000","65,587,000","65,282,000","64,856,000","65,440,000","65,547,000","64,552,000",,"62,493,000","61,933,000","61,420,000",,"61,030,000","60,493,000","60,321,000",,"61,233,000","61,839,000","61,352,000",,"63,726,000","66,984,000","72,379,000",,"72,298,000","72,291,000","72,575,000",,"73,239,000","73,816,000","73,845,000",,"74,000,000","74,452,000","74,226,000",,"73,704,000","73,411,000","73,236,000",,"73,389,000","73,348,000","72,681,000",,"70,605,000","69,446,000","68,467,000",,"66,923,000","65,820,000","64,682,000",,"61,866,000","60,932,000","60,116,000",,"58,780,000","58,228,000","57,784,000",,"56,363,864","50,124,624","49,119,328",,"48,514,280","48,372,680","48,216,680",,"46,424,000","40,032,000","39,168,000",,"35,920,000","30,000,000","35,920,000",,"35,376,000","35,376,000","34,680,000",,"30,000,000","34,680,000","34,680,000",,"26,666,667","34,184,000","33,928,000",,"33,696,000","33,696,000","33,696,000",,"33,472,000","33,152,000","24,600,000",,"24,152,000","23,128,000","23,128,000",,"22,280,000","19,600,000","19,600,000",,"17,544,000","16,400,000","14,648,000",,"14,648,000"
DilutedAverageShares,,"64,553,000","65,235,000","65,299,000","65,584,000","66,110,000","66,085,000","65,967,000","66,004,000","66,174,000","67,051,000","67,318,000","67,746,000","67,976,000","68,165,000","68,731,000","68,880,000","68,195,000","66,310,000","67,817,000","67,470,000","67,376,000","66,757,000","66,206,000","65,905,000","65,552,000","65,225,000","65,217,000","65,920,000","66,713,000","66,763,000","67,654,000","67,850,000","67,970,000","67,523,000","68,871,000","69,090,000","68,579,000","67,984,000","67,465,000","67,165,000","67,233,000","66,776,000","67,314,000","68,186,000","67,123,000",,"64,555,000","63,552,000","63,181,000",,"61,030,000","61,044,000","60,593,000",,"61,727,000","62,584,000","62,104,000",,"66,347,000","68,844,000","73,593,000",,"73,718,000","73,929,000","74,715,000",,"75,449,000","76,372,000","76,708,000",,"77,486,000","78,658,000","78,819,000",,"77,902,000","76,985,000","76,522,000",,"76,721,000","78,627,000","78,997,000",,"78,338,000","69,446,000","77,120,000",,"77,114,000","75,828,000","74,764,000",,"71,086,000","69,224,000","66,204,000",,"62,652,000","61,996,000","62,976,000",,"56,363,864","50,124,624","49,119,328",,"48,514,280","48,372,680","48,216,680",,"46,424,000","40,032,000","39,168,000",,"40,000,000","30,000,000","35,920,000",,"35,376,000","35,376,000","34,680,000",,"30,000,000","34,680,000","34,680,000",,"26,666,667","40,000,000","33,928,000",,"33,696,000","33,696,000","33,696,000",,"33,472,000","33,152,000","24,600,000",,"24,152,000","23,128,000","23,128,000",,"22,280,000","19,600,000","19,600,000",,"17,544,000","16,400,000","14,648,000",,"14,648,000"
TotalOperatingIncomeAsReported,"164,100,000","47,052,000","42,964,000","37,424,000","36,660,000","27,969,000","18,950,000","21,482,000","18,756,000","15,768,000","1,479,000","22,165,000","15,548,000","12,817,000","26,771,000","41,867,000","32,936,000","-3,097,000","14,009,000","17,579,000","18,892,000","18,256,000","15,287,000","39,099,000","16,427,000","13,267,000","3,149,000","18,898,000","3,068,000","4,884,000","-13,759,000","22,810,000","22,057,000","11,149,000","-166,717,000","13,265,000","24,457,000","20,078,000","12,435,000","19,581,000","2,715,000","-19,142,000","11,921,000","23,235,000","31,908,000","26,522,000","25,548,000","17,514,000","22,708,000","12,988,000","5,429,000","12,080,000","8,518,000","4,889,000","7,182,000","12,893,000","13,161,000","8,655,000","17,505,000","13,199,000","7,867,000","4,616,000","389,000","4,635,000","7,281,000","11,560,000","14,253,000","11,710,000","9,476,000","19,741,000","13,399,000","16,956,000","21,077,000","18,534,000","15,180,000","11,078,000","8,825,000","8,086,000","-3,018,000","8,528,000","13,243,000","12,144,000","10,967,000","8,997,000","-9,108,000","16,165,000","22,188,000","21,298,000","17,281,000","15,927,000","14,788,000","12,280,000","9,050,000","6,840,000","5,924,000","4,952,000","1,059,000","6,641,000","5,483,000","6,177,000","4,671,000","4,217,000","3,842,000","2,942,000","1,856,000","2,789,000","3,890,000","3,341,000","2,151,000","1,569,000","1,200,000","300,000","200,000","100,000","200,000","200,000","100,000",,"0","200,000","300,000","200,000","0",,"600,000","600,000","500,000","200,000","200,000","100,000",,,,,,,,,,,,,,,,,,
TotalExpenses,"608,548,000","155,097,000","147,599,000","157,508,000","148,344,000","142,403,000","145,723,000","132,600,000","124,904,000","116,967,000","136,554,000","118,998,000","121,598,000","120,698,000","133,235,000","140,202,000","131,175,000","133,526,000","122,901,000","132,537,000","134,388,000","124,874,000","123,498,000","123,122,000","119,613,000","117,911,000","118,698,000","110,136,000","119,080,000","125,204,000","132,556,000","126,080,000","123,685,000","120,709,000","141,539,000","127,761,000","140,553,000","142,329,000","138,385,000","141,297,000","147,989,000","135,784,000","92,111,000","100,709,000","98,346,000","95,849,000","90,722,000","105,611,000","90,519,000","88,892,000","79,104,000","63,067,000","57,799,000","54,697,000","55,240,000","66,555,000","64,386,000","63,620,000","61,115,000","65,357,000","58,906,000","55,674,000","57,298,000","58,800,000","57,365,000","54,018,000","49,710,000","48,751,000","44,377,000","36,433,000","45,028,000","48,031,000","47,228,000","43,359,000","40,201,000","37,034,000","35,744,000","35,931,000","47,549,000","38,640,000","38,828,000","37,044,000","32,711,000","34,748,000","49,640,000","44,363,000","47,427,000","47,714,000","43,365,000","41,485,000","40,080,000","34,792,000","29,203,000","26,204,000","26,159,000","23,583,000","21,978,000","22,638,000","23,269,000","19,156,000","16,963,000","16,158,000","15,547,000","14,151,000","11,568,000","12,688,000","13,265,000","13,236,000","8,450,000","7,746,000","6,500,000","5,600,000","6,400,000","5,500,000","5,200,000","5,500,000","5,100,000",,"4,800,000","5,000,000","4,900,000","4,800,000","5,500,000","6,200,000","6,600,000","7,100,000","6,900,000","5,300,000","4,700,000","4,400,000",,,,,,,,,,,,,,,,,,
NetIncomeFromContinuingAndDiscontinuedOperation,"140,213,000","38,049,000","34,804,000","34,427,000","32,933,000","23,500,000","15,656,000","18,487,000","16,125,000","9,635,000","-4,388,000","17,599,000","5,366,000","13,294,000","13,340,000","12,165,000","25,169,000","12,382,000","-1,297,000","13,338,000","12,564,000","11,821,000","8,019,000","30,776,000","8,978,000","6,887,000","1,247,000","10,704,000","-313,000","-142,000","-15,441,000","17,623,000","17,898,000","7,867,000","-210,808,000","12,453,000","19,112,000","14,777,000","13,118,000","16,590,000","10,022,000","2,209,000","12,388,000","26,979,000","27,138,000","22,582,000","26,003,000","16,105,000","19,662,000","10,802,000","9,480,000","-20,887,000","7,420,000","4,943,000","6,271,000","11,510,000","11,664,000","8,077,000","14,860,000","15,970,000","9,022,000","7,931,000","4,595,000","6,346,000","8,430,000","11,757,000","13,259,000","11,518,000","7,360,000","10,848,000","12,109,000","14,595,000","17,419,000","14,765,000","12,529,000","9,258,000","2,412,000","8,267,000","62,000","13,040,000","11,087,000","9,992,000","8,742,000","7,715,000","-5,077,000","13,217,000","17,587,000","16,840,000","13,714,000","12,079,000","10,033,000","8,391,000","6,218,000","4,753,000","4,101,000","3,419,000","838,000","4,537,000","4,538,000","3,390,000","3,180,000","2,848,000","2,551,000","1,974,000","1,243,000","1,883,000","2,547,000","1,905,000","1,547,000","1,088,000","700,000","200,000","300,000","200,000",,"200,000","100,000","-200,000","0","100,000","200,000","200,000","-300,000","100,000","400,000","400,000",,"-200,000","100,000","100,000",,,,,,,,,,,,,,,,,,
NormalizedIncome,"141,173,135.155","38,068,800","35,137,106.219","34,624,856","33,362,156","23,716,480","16,900,706.169","18,795,535","17,209,050","12,785,972","-3,527,330","17,471,472","5,366,000","11,716,470","13,340,000","27,846,130","24,444,500","12,382,000","1,406,920","13,489,340","13,254,664","12,800,110","10,366,931.69","9,670,652","8,896,730","6,866,870","-400","1,949,712","1,825,400","-142,000","-8,710,200","17,623,000","17,898,000","8,697,830","-210,808,000","12,453,000","19,112,000","14,777,000","13,118,000","16,590,000","10,444,500","2,209,000","12,388,000","26,979,000","27,138,000","22,582,000","26,003,000","16,105,000","19,662,000","10,802,000","9,480,000","-20,887,000","7,420,000","5,335,784.107","7,643,427.159","11,737,747.336","11,998,483.544","9,762,330.736","14,860,000","15,970,000","9,239,464.283","8,142,882.296","4,450,700","6,561,065.815","8,652,012.067","12,053,319.914","13,592,247.158","11,863,396.437","10,158,396.764","10,848,000","12,109,000","14,595,000","17,419,000","14,765,000","12,529,000","9,258,000","2,412,000","8,267,000","7,262,000","13,857,337.435","11,087,000","9,992,000","8,742,000","7,715,000","-3,843,349.432","13,892,191.609","17,587,000","16,840,000","13,714,000","12,079,000","10,033,000","8,391,000","6,218,000","4,753,000","2,782,393.31","3,419,000","2,504,674.086","4,706,837.786","4,301,159.365","4,115,379.921","3,129,087.845","2,848,000","2,461,902.574","2,001,472.505","1,243,000","1,883,000","2,547,000","1,905,000","1,547,000","1,088,000","700,000","200,000","300,000","200,000",,"200,000","100,000","-200,000","0","100,000","200,000","200,000","-300,000","-20,000","400,000","400,000",,"-20,000","100,000","100,000",,,,,,,,,,,,,,,,,,
InterestIncome,,,,,,,,,,,,,,,,,,,,,"132,000","94,000",,,,,"-648,000","-777,000","117,000","-492,000","572,000","216,000","-345,000","-278,000","1,606,000","-259,000","-198,000","-807,000","-282,000",,"60,000",,"421,000","729,000",,,,,,"197,000","-673,000","1,136,000",,,,,,,,,,,,,,,,,,,,,,,,,,,,,,,,,,,,,,,,,,,,,,,,,,,,,,,,,,,,,,,,,,,,,,,,,,,,,,,,,,,,,,,,,,,,,,,,
InterestExpense,"5,089,000","1,197,000","1,474,000","1,233,000","1,185,000","1,199,000","1,517,000","1,008,000","1,252,000","1,559,000","1,967,000","2,148,000","2,561,000","2,467,000","2,457,000","2,355,000","2,200,000","2,190,000","1,856,000","2,032,000","2,029,000","2,046,000","3,443,000","1,890,000","2,037,000","1,930,000","2,121,000","1,964,000","1,900,000","1,834,000","1,490,000","1,462,000","1,588,000","1,387,000","1,712,000","1,818,000","10,584,000","4,060,000","3,459,000","5,243,000","3,442,000","1,629,000",,,,,,,,,,,,,,,,,,,,,,,,,,,,,,,,,,,,,,,,,,,,,,,,,,,,,,,,,,,,,,,,,,,,,,,,,,,,,,,,,,,,,,,,,,,,,,,,,,,,,,,,,,
NetInterestIncome,"-5,089,000","-1,197,000","-1,474,000","-1,233,000","-1,185,000","-1,199,000","-1,517,000","-1,008,000","-1,252,000","-1,559,000","-1,859,000","-2,183,000","-2,597,000","-2,467,000","-2,457,000","-2,355,000","-2,200,000","-2,190,000","-1,856,000","-2,032,000","-1,897,000","-1,952,000","-3,238,000","-1,890,000","-2,037,000","-1,930,000","-2,108,000","-1,964,000","-1,900,000","-1,834,000","-1,447,000","-1,462,000","-1,588,000","-1,387,000","-1,370,000","-1,818,000","-10,584,000","-4,060,000","-3,055,000","-5,243,000","-3,382,000","-1,629,000","1,041,000","729,000","-117,000","-440,000","-508,000","3,000","308,000","197,000","-812,000","1,136,000","282,000","1,290,000",,,,,,,,,"3,456,000",,,,,,,,,"2,142,000","1,288,000",,,,,,,,,,,,,,,,,,,,,,,,,,,,,,,,,,,,,,,,,,,,,,,,,,,,,,,,,,,,,,,,,,,,,,,,,,,
EBIT,"163,633,000","47,290,000","42,625,000","37,313,000","36,405,000","27,817,000","17,744,000","20,911,000","17,095,000","12,561,000","369,000","22,774,000","16,725,000","13,860,000","28,680,000","13,049,000","33,478,000","-2,907,000","12,676,000","18,846,000","18,688,000","17,624,000","14,437,000","38,409,000","16,291,000","13,222,000","2,500,000","18,121,000","3,185,000","4,391,000","-13,187,000","23,026,000","21,712,000","10,871,000","-166,843,000","13,006,000","24,259,000","19,271,000","11,458,000","19,581,000","2,125,000","-19,142,000","12,514,000","23,235,000","31,908,000","26,522,000","26,122,000","17,514,000","22,708,000","12,988,000","8,622,000","12,080,000","8,518,000","5,380,000","7,455,000","13,166,000","13,574,000","10,824,000","17,505,000","13,199,000","8,142,000","4,892,000","665,000","4,911,000","7,556,000","11,925,000","14,662,000","12,119,000","13,612,000","19,741,000","13,399,000","16,956,000","21,077,000","18,534,000","15,180,000","11,078,000","8,825,000","8,086,000","-3,018,000","8,528,000","13,243,000","12,144,000","13,694,000","8,997,000","-9,108,000","16,165,000","22,188,000","21,298,000","17,281,000","15,927,000","15,319,000","12,280,000","9,050,000","6,840,000","4,752,000","4,952,000","3,561,000","6,896,000","5,273,000","7,377,000","4,671,000","4,217,000","3,842,000","2,942,000","1,856,000","2,789,000","4,388,000","3,341,000","2,151,000","1,769,000","1,200,000","300,000","200,000","100,000","200,000","200,000","100,000","5,100,000","0","200,000","300,000","200,000","0","0","600,000","600,000","500,000","200,000","200,000","100,000","-13,500,000","4,900,000","5,100,000","4,600,000","-12,400,000","4,900,000","4,700,000","5,000,000","-10,200,000","4,000,000","3,800,000","3,500,000","-8,700,000","2,900,000","2,800,000","3,100,000","-10,500,000","3,400,000"
EBITDA,"199,268,000"
ReconciledCostOfRevenue,"250,219,000","64,136,000","60,172,000","63,969,000","61,942,000","58,334,000","54,153,000","53,893,000","49,689,000","46,240,000","48,138,000","48,806,000","46,451,000","44,398,000","55,560,000","60,676,000","57,480,000","53,468,000","49,461,000","55,637,000","55,774,000","53,872,000","51,266,000","50,787,000","48,503,000","47,098,000","43,072,000","40,020,000","44,333,000","45,811,000","30,603,000","53,770,000","51,939,000","49,196,000","25,028,000","51,515,000","58,522,000","59,630,000","56,931,000","59,542,000","82,907,000","45,587,000","41,514,000","50,307,000","49,097,000","46,348,000","44,387,000","47,298,000","44,215,000","43,368,000","39,228,000","33,776,000","30,165,000","27,345,000","29,345,000","37,070,000","35,165,000","31,853,000","33,517,000","33,441,000","30,058,000","27,313,000","28,786,000","29,188,000","29,558,000","28,032,000","28,022,000","26,605,000","25,867,000","24,502,000","25,357,000","27,767,000","27,470,000","25,111,000","22,903,000","20,230,000","19,039,000","19,160,000","19,514,000","20,736,000","21,739,000","21,108,000","20,325,000","19,616,000","32,537,000","25,442,000","29,040,000","29,553,000","27,006,000","26,220,000","25,590,000","22,087,000","18,609,000","16,445,000","16,724,000","14,747,000","13,710,000","15,060,000","14,670,000","13,743,000","11,750,000","11,270,000","10,971,000","10,030,000","8,117,000","8,995,000","9,885,000","9,522,000","6,125,000","5,749,000","4,500,000","3,800,000","4,600,000","3,600,000","3,500,000","3,700,000","3,500,000",,"3,100,000","3,400,000","3,300,000","3,200,000","3,800,000","4,300,000","4,300,000","4,700,000","4,700,000","3,400,000","3,000,000","2,800,000",,,,,,,,,,,,,,,,,,
ReconciledDepreciation,"35,635,000","8,808,000","9,327,000","8,572,000","8,928,000","8,475,000","11,651,000","7,926,000","7,740,000","8,541,000","9,311,000","9,727,000","9,719,000","10,824,000","12,307,000","12,792,000","12,087,000","12,453,000","13,205,000","12,701,000","11,792,000","11,301,000","11,551,000","11,619,000","11,961,000","11,926,000","12,398,000","12,514,000","11,980,000","12,040,000","33,056,000","12,217,000","12,026,000","12,004,000","51,687,000","13,449,000","15,591,000","13,346,000","13,892,000","12,755,000","1,249,000","21,296,000","4,929,000","4,803,000","4,540,000","4,271,000","4,181,000","4,412,000","3,985,000","3,870,000","2,910,000","1,723,000","1,790,000","1,934,000","2,045,000","2,122,000","2,084,000","2,073,000","2,205,000","2,530,000","2,732,000","2,759,000","3,101,000","3,052,000","2,672,000","2,987,000","3,075,000","3,227,000","2,820,000","2,630,000","2,550,000","2,474,000","2,522,000","2,244,000","2,196,000","2,267,000","2,232,000","2,305,000","2,454,000","2,482,000","1,820,000","2,825,000","4,279,000","2,064,000","2,003,000","1,981,000","5,165,000","1,286,000","1,222,000","1,164,000","1,109,000","1,013,000","921,000","1,075,000","948,000","948,000","949,000","878,000","795,000","855,000","613,000","512,000","349,000","523,000","457,000","419,000","243,000","357,000","312,000","227,000","200,000","300,000","200,000","300,000","300,000","300,000","200,000",,"300,000","200,000","300,000","200,000","400,000","300,000","400,000","300,000","300,000","400,000","300,000","400,000",,,,,,,,,,,,,,,,,,
NetIncomeFromContinuingOperationNetMinorityInterest,"140,213,000","38,049,000","34,804,000","34,427,000","32,933,000","23,500,000","15,656,000","18,487,000","16,125,000","9,635,000","-4,388,000","17,599,000","5,366,000","13,294,000","13,340,000","12,165,000","25,169,000","12,382,000","-1,297,000","13,338,000","12,564,000","11,821,000","8,019,000","30,776,000","8,978,000","6,887,000","1,247,000","10,704,000","-313,000","-142,000","-15,441,000","17,623,000","17,898,000","7,867,000","-210,808,000","12,453,000","19,112,000","14,777,000","13,118,000","16,590,000","10,022,000","2,209,000","12,388,000","26,979,000","27,138,000","22,582,000","26,003,000","16,105,000","19,662,000","10,802,000","9,480,000","-20,887,000","7,420,000","4,943,000","6,271,000","11,510,000","11,664,000","8,077,000","14,860,000","15,970,000","9,022,000","7,931,000","4,595,000","6,346,000","8,430,000","11,757,000","13,259,000","11,518,000","7,360,000","10,848,000","12,109,000","14,595,000","17,419,000","14,765,000","12,529,000","9,258,000","2,412,000","8,267,000","62,000","13,040,000","11,087,000","9,992,000","8,742,000","7,715,000","-5,077,000","13,217,000","17,587,000","16,840,000","13,714,000","12,079,000","10,033,000","8,391,000","6,218,000","4,753,000","4,101,000","3,419,000","838,000","4,537,000","4,538,000","3,390,000","3,180,000","2,848,000","2,551,000","1,974,000","1,243,000","1,883,000","2,547,000","1,905,000","1,547,000","1,088,000","700,000","200,000","300,000","200,000",,"200,000","100,000","-200,000","0","100,000","200,000","200,000","-300,000","100,000","400,000","400,000",,"-200,000","100,000","100,000",,,,,,,,,,,,,,,,,,
TotalUnusualItemsExcludingGoodwill,"-1,102,000","-24,000","-394,000","-216,000","-468,000","-246,000","-1,319,000","-335,000","-1,485,000","-3,597,000","-1,179,000","152,000","0","2,161,000","0","-21,481,000","900,000","0","-3,704,000","-188,000","-916,000","-1,290,000","-3,219,000","25,036,000","129,000","33,000","2,079,000","13,224,000","-3,564,000","0","-11,218,000","0","0","-1,001,000","-119,772,000",,,,,"-1,071,000","-650,000",,,,,,,,,,,"-303,000","-462,000","-491,000","-1,660,000","-273,000","-413,000","-2,169,000",,,"-275,000","-276,000","222,000","-276,000","-275,000","-365,000","-409,000","-409,000","-4,136,000",,,,,,,,,,"-12,000,000","-1,202,000",,,"0",,"-1,776,000","-951,000",,,,,,,,,"1,980,000",,"-2,502,000","-255,000","355,000","-1,087,000","76,000",,"133,000","-41,000",,,,,,,,,,,,,,,,,,,,"200,000",,,,"-300,000",,,,,,,,,,,,,,,,,,,,
TotalUnusualItems,"-1,102,000","-24,000","-394,000","-216,000","-468,000","-246,000","-1,319,000","-335,000","-1,485,000","-3,597,000","-1,179,000","152,000","0","2,161,000","0","-21,481,000","900,000","0","-3,704,000","-188,000","-916,000","-1,290,000","-3,219,000","25,036,000","129,000","33,000","2,079,000","13,224,000","-3,564,000","0","-11,218,000","0","0","-1,001,000","-119,772,000",,,,,"-1,071,000","-650,000",,,,,,,,,,,"-303,000","-462,000","-491,000","-1,660,000","-273,000","-413,000","-2,169,000",,,"-275,000","-276,000","222,000","-276,000","-275,000","-365,000","-409,000","-409,000","-4,136,000",,,,,,,,,,"-12,000,000","-1,202,000",,,"0",,"-1,776,000","-951,000",,,,,,,,,"1,980,000",,"-2,502,000","-255,000","355,000","-1,087,000","76,000",,"133,000","-41,000",,,,,,,,,,,,,,,,,,,,"200,000",,,,"-300,000",,,,,,,,,,,,,,,,,,,,
NormalizedEBITDA,"200,370,000","56,122,000","52,346,000","46,101,000","45,801,000","36,538,000","30,714,000","29,172,000","26,320,000","24,699,000","10,859,000","32,349,000","26,444,000","22,523,000","40,987,000","47,322,000","44,665,000","9,546,000","29,585,000","31,735,000","31,396,000","30,215,000","29,207,000","24,992,000","28,123,000","25,115,000","12,819,000","17,411,000","18,729,000","16,431,000","31,087,000","35,243,000","33,738,000","23,876,000","-115,156,000","26,455,000","39,850,000","32,617,000","25,350,000","32,336,000","10,752,000","2,154,000","17,443,000","28,038,000","36,448,000","30,793,000","30,303,000","21,926,000","26,693,000","16,858,000","11,532,000","13,803,000","10,308,000","7,805,000","11,160,000","15,561,000","16,071,000","15,066,000","19,710,000","15,729,000","11,149,000","7,927,000","3,544,000","8,239,000","10,503,000","15,277,000","18,146,000","15,755,000","20,568,000","22,371,000","15,949,000","19,430,000","23,599,000","20,778,000","17,376,000","13,345,000","11,057,000","10,391,000","11,436,000","12,212,000","15,063,000","14,969,000","17,973,000","11,061,000","-5,329,000","19,097,000","27,353,000","22,584,000","18,503,000","17,091,000","16,428,000","13,293,000","9,971,000","7,915,000","3,720,000","5,900,000","7,012,000","8,029,000","5,713,000","9,319,000","5,208,000","4,729,000","4,058,000","3,506,000","2,313,000","3,208,000","4,631,000","3,698,000","2,463,000","1,996,000","1,400,000","600,000","400,000","400,000","500,000","500,000","300,000","5,100,000","300,000","400,000","600,000","400,000","400,000","100,000","1,000,000","900,000","800,000","900,000","600,000","500,000","-13,500,000","4,900,000","5,100,000","4,600,000","-12,400,000","4,900,000","4,700,000","5,000,000","-10,200,000","4,000,000","3,800,000","3,500,000","-8,700,000","2,900,000","2,800,000","3,100,000","-10,500,000","3,400,000"
TaxRateForCalcs,"0.129","0.175","0.155","0.084","0.083","0.12","0.056","0.079","0.27","0.124","0.27","0.161","0.27","0.27","0.27","0.27","0.195","0.27","0.27","0.195","0.246","0.241","0.271","0.157","0.37","0.39","0.4","0.338","0.4","0.4","0.4","0.183","0.111","0.17","0.35","0.35","0.35","0.029","0.35","0.35","0.35","0.35","0.35","0.35","0.146","0.134","0.35","0.081","0.146","0.181","0.35","0.35","0.157","0.2","0.173","0.166","0.19","0.223","0.268","0.017","0.209","0.232","0.35","0.221","0.193","0.188","0.185","0.156","0.323","0.218","0.213","0.236","0.221","0.24","0.24","0.24","0.24","0.24","0.4","0.32","0.25","0.25","0.28","0.28","0.305","0.29","0.3","0.3","0.3","0.3","0.34","0.33","0.33","0.33","0.334","0.334","0.334","0.334","0.333","0.333","0.33","0.33","0.33","0.33","0.33","0.328","0.348","0.341","0.287","0.31","0.3","0.333","0.25","0.333",,"0.4","0.4","0.4","0","0.4","0.4","0.4","0","0.4","0.2","0.2",,"0.4","0.4","0.4",,,,,,,,,,,,,,,,,,
TaxEffectOfUnusualItems,"-141,864.845","-4,200","-60,893.781","-18,144","-38,844","-29,520","-74,293.831","-26,465","-400,950","-446,028","-318,330","24,472","0","583,470","0","-5,799,870","175,500","0","-1,000,080","-36,660","-225,336","-310,890","-871,068.31","3,930,652","47,730","12,870","831,600","4,469,712","-1,425,600","0","-4,487,200","0","0","-170,170","0","0","0","0","0","0","-227,500","0","0","0","0","0","0","0","0","0","0","0","0","-98,215.893","-287,572.841","-45,252.664","-78,516.456","-483,669.264","0","0","-57,535.717","-64,117.704","77,700","-60,934.185","-52,987.933","-68,680.086","-75,752.842","-63,603.563","-1,337,603.236","0","0","0","0","0","0","0","0","0","-4,800,000","-384,662.565","0","0","0","0","-542,349.432","-275,808.391","0","0","0","0","0","0","0","0","661,393.31","0","-835,325.914","-85,162.214","118,159.365","-361,620.079","25,087.845","0","43,902.574","-13,527.495","0","0","0","0","0","0","0","0","0","0",,"0","0","0","0","0","0","0","0","80,000","0","0",,"-120,000","0","0",,,,,,,,,,,,,,,,,,