name,ttm,03/31/2022,12/31/2021,09/30/2021,06/30/2021,03/31/2021,12/31/2020,09/30/2020,06/30/2020,03/31/2020,12/31/2019,09/30/2019,06/30/2019,03/31/2019,12/31/2018,09/30/2018,06/30/2018,03/31/2018,12/31/2017,09/30/2017,06/30/2017,03/31/2017,12/31/2016,09/30/2016,06/30/2016,03/31/2016,12/31/2015,09/30/2015,06/30/2015,03/31/2015,12/31/2014,09/30/2014,06/30/2014,03/31/2014,12/31/2013,09/30/2013,06/30/2013,03/31/2013,12/31/2012,09/30/2012,06/30/2012,03/31/2012,12/31/2011,09/30/2011,06/30/2011,03/31/2011,12/31/2010,09/30/2010,06/30/2010,03/31/2010,12/31/2009,09/30/2009,06/30/2009,03/31/2009,12/31/2008,09/30/2008,06/30/2008,03/31/2008,12/31/2007,09/30/2007,06/30/2007,03/31/2007,12/31/2006,09/30/2006,06/30/2006,03/31/2006,12/31/2005,09/30/2005,06/30/2005,03/31/2005,12/31/2004,09/30/2004,06/30/2004,03/31/2004,12/31/2003,09/30/2003,06/30/2003,03/31/2003,12/31/2002,09/30/2002,06/30/2002,03/31/2002,12/31/2001,09/30/2001,06/30/2001,03/31/2001,12/31/2000,09/30/2000,06/30/2000,03/31/2000,12/31/1999,09/30/1999,06/30/1999,03/31/1999,12/31/1998,09/30/1998,06/30/1998,03/31/1998,12/31/1997,09/30/1997,06/30/1997,03/31/1997
TotalRevenue,"2,143,823,000","527,130,000","491,984,000","640,393,000","484,316,000","568,256,000","567,896,000","531,155,000","284,938,000","472,566,000","441,166,000","474,778,000","355,963,000","426,445,000","411,825,000","414,779,000","316,338,000","388,633,000","363,279,000","402,646,000","284,673,000","393,899,000","313,445,000","367,988,000","276,878,000","352,980,000","214,682,000","373,919,000","275,289,000","349,809,000","322,216,000","323,366,000","234,763,000","276,412,000","230,854,000","263,689,000","207,391,000","258,237,000","220,559,000","246,817,000","205,219,000","262,383,000","189,073,000","199,600,000","161,462,000","193,068,000","148,668,000","160,103,000","138,952,000","157,953,000","136,471,000","147,470,000","120,647,000","139,614,000","131,073,000","157,231,000","152,055,000","168,165,000","190,672,000","213,070,000","178,991,000","216,509,000","196,353,000","208,314,000","188,641,000","212,730,000","187,881,000","175,833,000","154,520,000","172,832,000","148,608,000","144,348,000","124,720,000","139,963,000","137,138,000","117,400,000","101,993,000","101,958,000","92,263,000","85,059,000","77,281,000","81,195,000","69,341,000","64,148,000","62,742,000","65,456,000","64,075,000","68,056,000","61,787,000","76,159,000","68,100,000","68,300,000","65,800,000","71,600,000","67,500,000","60,000,000","59,400,000","58,700,000","57,900,000","44,400,000","46,100,000","36,000,000"
	OperatingRevenue,"2,143,823,000","527,130,000","491,984,000","640,393,000","484,316,000","568,256,000","567,896,000","531,155,000","284,938,000","472,566,000","441,166,000","474,778,000","355,963,000","426,445,000","411,825,000","414,779,000","316,338,000","388,633,000","363,279,000","402,646,000","284,673,000","393,899,000","313,445,000","367,988,000","276,878,000","352,980,000","214,682,000","373,919,000","275,289,000","349,809,000","322,216,000","323,366,000","234,763,000","276,412,000","230,854,000","263,689,000","207,391,000","258,237,000","220,559,000","246,817,000","205,219,000","262,383,000","189,073,000","199,600,000","161,462,000","193,068,000","148,668,000","160,103,000","138,952,000","157,953,000","136,471,000","147,470,000","120,647,000","139,614,000","131,073,000","157,231,000","152,055,000","168,165,000","190,672,000","213,070,000","178,991,000","216,509,000","196,353,000","208,314,000","188,641,000","212,730,000","187,881,000","175,833,000","154,520,000","172,832,000","148,608,000","144,348,000","124,720,000","139,963,000","137,138,000","117,400,000","101,993,000","101,958,000","92,263,000","85,056,000","77,281,000","81,195,000","69,341,000","64,148,000","62,742,000","65,456,000","64,075,000","68,056,000","61,787,000","76,159,000","68,100,000","68,300,000","65,800,000","71,600,000","67,500,000","60,000,000","59,400,000","58,700,000","57,900,000","44,400,000","46,100,000","36,000,000"
CostOfRevenue,"878,596,000","224,832,000","212,260,000","250,039,000","191,465,000","212,338,000","211,997,000","196,195,000","121,928,000","170,435,000","165,052,000","178,388,000","138,777,000","164,212,000","160,746,000","164,262,000","127,450,000","151,156,000","142,475,000","149,181,000","108,054,000","147,440,000","115,963,000","135,645,000","105,617,000","143,906,000","93,939,000","140,283,000","104,750,000","133,976,000","127,730,000","124,782,000","92,366,000","105,029,000","90,333,000","97,269,000","75,993,000","94,821,000","80,612,000","86,088,000","73,648,000","98,084,000","70,095,000","73,838,000","58,958,000","69,967,000","54,943,000","60,114,000","52,487,000","59,869,000","50,690,000","53,915,000","46,307,000","57,830,000","57,827,000","59,475,000","61,411,000","71,239,000","79,130,000","81,892,000","69,464,000","82,341,000","79,767,000","78,610,000","73,504,000","83,649,000","73,784,000","71,041,000","65,030,000","70,735,000","57,864,000","57,366,000","47,806,000","53,929,000","51,739,000","42,447,000","38,920,000","38,057,000","49,186,000","25,539,000","24,677,000","26,394,000","22,845,000","21,192,000","22,428,000","23,611,000","22,687,000","23,310,000","19,348,000","25,006,000","21,900,000","22,100,000","21,200,000","23,100,000","21,500,000","19,300,000","19,500,000",,,,,
GrossProfit,"1,265,227,000","302,298,000","279,724,000","390,354,000","292,851,000","355,918,000","355,899,000","334,960,000","163,010,000","302,131,000","276,114,000","296,390,000","217,186,000","262,233,000","251,079,000","250,517,000","188,888,000","237,477,000","220,804,000","253,465,000","176,619,000","246,459,000","197,482,000","232,343,000","171,261,000","209,074,000","120,743,000","233,636,000","170,539,000","215,833,000","194,486,000","198,584,000","142,397,000","171,383,000","140,521,000","166,420,000","131,398,000","163,416,000","139,947,000","160,729,000","131,571,000","164,299,000","118,978,000","125,762,000","102,504,000","123,101,000","93,725,000","99,989,000","86,465,000","98,084,000","85,781,000","93,555,000","74,340,000","81,784,000","73,246,000","97,756,000","90,644,000","96,926,000","111,542,000","131,178,000","109,527,000","134,168,000","116,586,000","129,704,000","115,137,000","129,081,000","114,097,000","104,792,000","89,490,000","102,097,000","90,744,000","86,982,000","76,914,000","86,034,000","85,399,000","74,953,000","63,073,000","63,901,000","43,077,000","59,520,000","52,604,000","54,801,000","46,496,000","42,956,000","40,314,000","41,845,000","41,388,000","44,746,000","42,439,000","51,153,000","46,200,000","46,200,000","44,600,000","48,500,000","46,000,000","40,700,000","39,900,000",,,,,
OperatingExpense,"1,143,699,000","297,883,000","265,067,000","317,619,000","263,130,000","279,495,000","281,307,000","265,345,000","175,135,000","249,317,000","243,123,000","257,238,000","209,941,000","229,526,000","212,959,000","225,196,000","186,802,000","210,576,000","200,685,000","214,436,000","179,680,000","210,631,000","182,170,000","193,299,000","168,865,000","189,176,000","151,400,000","188,237,000","153,910,000","172,108,000","166,599,000","163,238,000","129,686,000","145,581,000","130,832,000","135,816,000","116,276,000","128,550,000","114,905,000","120,396,000","105,716,000","129,999,000","99,002,000","99,296,000","84,860,000","96,625,000","82,205,000","82,992,000","76,528,000","83,895,000","78,104,000","78,251,000","73,278,000","81,144,000","88,869,000","95,704,000","100,895,000","104,965,000","108,743,000","112,101,000","104,724,000","117,341,000","100,449,000","107,798,000","98,675,000","110,776,000","89,472,000","86,657,000","77,309,000","88,449,000","74,828,000","74,273,000","67,688,000","74,354,000","68,422,000","63,431,000","55,478,000","57,292,000","34,241,000","53,684,000","49,620,000","51,432,000","44,837,000","42,353,000","43,490,000","51,533,000","46,479,000","53,606,000","47,732,000","55,927,000","54,600,000","52,500,000","44,400,000","47,100,000","41,800,000","38,000,000","37,600,000",,,,,
	SellingGeneralAndAdministration,"1,082,140,000","281,578,000","250,160,000","303,188,000","247,214,000","266,209,000","268,796,000","255,701,000","166,881,000","238,816,000","233,613,000","248,231,000","201,884,000","221,150,000","205,330,000","217,843,000","179,934,000","203,651,000","193,829,000","207,445,000","173,317,000","203,035,000","175,840,000","186,302,000","161,803,000","181,574,000","145,704,000","184,716,000","150,507,000","168,757,000","164,091,000","160,885,000","127,977,000","143,918,000","128,829,000","133,457,000","113,716,000","125,994,000","112,999,000","118,654,000","104,460,000","128,709,000","97,810,000","98,267,000","83,637,000","95,894,000","81,779,000","82,538,000","75,915,000","83,241,000","77,531,000","77,815,000","72,800,000","80,658,000","90,108,000","93,665,000","99,528,000","106,761,000","107,081,000","110,613,000","103,367,000","115,757,000","91,545,000","106,035,000","98,675,000","110,776,000","89,472,000","86,657,000","77,309,000","88,449,000","74,828,000","74,273,000","67,688,000","74,354,000","68,489,000","63,423,000","55,493,000","57,218,000","34,008,000","53,684,000","49,463,000","51,380,000","43,519,000","42,333,000","43,348,000","51,187,000","44,145,000","52,045,000","45,264,000","53,881,000","52,500,000","50,700,000","43,000,000","45,700,000","40,400,000","36,600,000","36,300,000",,,,,
		GeneralAndAdministrativeExpense,"160,139,000","41,319,000","29,924,000","47,676,000","41,220,000","42,592,000","47,084,000","44,127,000","36,716,000","31,072,000","35,490,000","35,098,000","33,045,000","34,323,000","29,431,000","29,385,000","28,828,000","31,734,000","32,036,000","32,645,000","28,819,000","33,769,000","23,472,000","28,278,000","27,018,000","30,906,000","19,258,000","27,817,000","23,880,000","28,254,000","21,681,000","23,022,000","21,265,000","18,896,000","16,150,000","15,150,000","15,359,000","16,181,000","10,937,000","16,936,000","16,220,000","22,524,000","15,032,000","14,331,000","13,120,000","15,623,000","13,203,000","14,286,000","12,934,000","13,149,000","12,704,000","11,818,000","11,693,000","13,345,000",,,,,,,,,,,,,,,,,,,,,,,,,,,,,,,,,,,,,,,,,,,,,,,,
			OtherGandA,"160,139,000","41,319,000","29,924,000","47,676,000","41,220,000","42,592,000","47,084,000","44,127,000","36,716,000","31,072,000","35,490,000","35,098,000","33,045,000","34,323,000","29,431,000","29,385,000","28,828,000","31,734,000","32,036,000","32,645,000","28,819,000","33,769,000","23,472,000","28,278,000","27,018,000","30,906,000","19,258,000","27,817,000","23,880,000","28,254,000","21,681,000","23,022,000","21,265,000","18,896,000","16,150,000","15,150,000","15,359,000","16,181,000","10,937,000","16,936,000","16,220,000","22,524,000","15,032,000","14,331,000","13,120,000","15,623,000","13,203,000","14,286,000","12,934,000","13,149,000","12,704,000","11,818,000","11,693,000","13,345,000",,,,,,,,,,,,,,,,,,,,,,,,,,,,,,,,,,,,,,,,,,,,,,,,
		SellingAndMarketingExpense,"922,001,000","240,259,000","220,236,000","255,512,000","205,994,000","223,617,000","221,712,000","211,574,000","130,165,000","207,744,000","198,123,000","213,133,000","168,839,000","186,827,000","175,899,000","188,458,000","151,106,000","171,917,000","161,793,000","174,800,000","144,498,000","169,266,000","152,368,000","158,024,000","134,785,000","150,668,000","126,446,000","156,899,000","126,627,000","140,503,000","142,410,000","137,863,000","106,712,000","125,022,000","112,679,000","118,307,000","98,357,000","109,813,000","102,062,000","101,718,000","88,240,000","106,185,000","82,778,000","83,936,000","70,517,000","80,271,000","68,576,000","68,252,000","62,981,000","70,092,000","64,827,000","65,997,000","61,107,000","67,313,000",,,,,,,,,,,,,,,,,,,,,,,,,,,,,,,,,,,,,,,,,,,,,,,,
	ResearchAndDevelopment,"61,559,000","16,305,000","14,907,000","14,431,000","15,916,000","13,286,000","12,511,000","9,644,000","8,254,000","10,501,000","9,510,000","9,007,000","8,057,000","8,376,000","7,629,000","7,353,000","6,868,000","6,925,000","6,856,000","6,991,000","6,363,000","7,596,000","6,330,000","6,997,000","7,062,000","7,602,000","5,696,000","3,521,000","3,403,000","3,351,000","2,508,000","2,353,000","1,709,000","1,663,000","2,003,000","2,359,000","2,560,000","2,556,000","1,906,000","1,742,000","1,256,000","1,290,000","1,192,000","1,029,000","1,223,000","731,000","426,000","454,000","613,000","654,000","573,000","436,000","478,000","486,000","1,295,000","562,000","643,000","874,000","1,451,000","1,290,000","1,357,000","1,584,000",,,,,,,,,,,,,,,,,,,,,,,,,,,,,,,,,,,,,,,,
	DepreciationAmortizationDepletionIncomeStatement,,,,,,,,,,,,,,,,,,,,,,,,,,,,,,,,,,,,,,,,,,,,,,,,,,,,,,,,,,,,,,,,,,,,,,,,,,,,,,,,,,,,,,,"2,334,000","1,561,000","2,468,000","2,046,000","2,100,000","1,800,000","1,400,000","1,400,000","1,400,000","1,400,000","1,300,000",,,,,
		DepreciationAndAmortizationInIncomeStatement,,,,,,,,,,,,,,,,,,,,,,,,,,,,,,,,,,,,,,,,,,,,,,,,,,,,,,,,,,,,,,,,,,,,,,,,,,,,,,,,,,,,,,,"2,334,000","1,561,000","2,468,000","2,046,000","2,100,000","1,800,000","1,400,000","1,400,000","1,400,000","1,400,000","1,300,000",,,,,
	OtherOperatingExpenses,,,,,,,,,,,,,,,,,,,,,,,,,,,,,,,,,,,,,,,,,,"5,595,000",,,,,,,,,,,,,,"1,477,000","724,000","-2,670,000","211,000","198,000",,,"4,217,000","1,763,000",,,,,,,,,,,,"8,000","-15,000","74,000",,,"157,000","52,000","1,318,000","20,000","142,000","346,000",,,,,,,,,,,,,,,,
OperatingIncome,"121,528,000","4,415,000","14,657,000","72,735,000","29,721,000","76,423,000","74,592,000","69,615,000","-12,125,000","52,814,000","32,991,000","39,152,000","7,245,000","32,707,000","38,120,000","25,321,000","2,086,000","26,901,000","20,119,000","39,029,000","-3,061,000","35,828,000","15,312,000","39,044,000","2,396,000","19,898,000","-30,657,000","45,399,000","16,629,000","43,725,000","27,887,000","35,346,000","12,711,000","25,802,000","9,689,000","30,604,000","15,122,000","34,866,000","25,042,000","40,333,000","25,855,000","34,300,000","19,976,000","26,466,000","17,644,000","26,476,000","11,520,000","16,997,000","9,937,000","14,189,000","7,677,000","15,304,000","1,062,000","640,000","-15,623,000","2,052,000","-10,251,000","-8,039,000","2,799,000","19,077,000","4,803,000","16,827,000","16,137,000","21,906,000","16,462,000","18,305,000","24,625,000","18,135,000","12,181,000","13,648,000","15,916,000","12,709,000","9,226,000","11,680,000","16,977,000","11,522,000","7,595,000","6,609,000","8,836,000","5,836,000","2,984,000","3,369,000","1,659,000","603,000","-3,176,000","-9,688,000","-5,091,000","-8,860,000","-5,293,000","-4,774,000","-8,400,000","-6,300,000","200,000","1,400,000","4,200,000","2,700,000","2,300,000","58,700,000","-124,400,000","44,400,000","46,100,000","36,000,000"
NetNonOperatingInterestIncomeExpense,"-7,395,000","-2,127,000","-1,845,000","-1,816,000","-1,607,000","-977,000","-813,000","-1,827,000","-3,940,000","-2,344,000","-2,619,000","-3,131,000","-3,228,000","-2,609,000","-2,093,000","-1,836,000","-1,453,000","-525,000","-209,000","-248,000","-282,000","-138,000","-136,000","-255,000","-229,000","-97,000","-30,000","78,000","133,000","153,000","86,000","96,000","78,000","102,000","80,000","74,000","78,000","91,000","90,000","73,000","48,000","7,000","4,000","23,000","-30,000","-30,000","-67,000","-50,000","-56,000","-606,000","-983,000","-4,855,000","-1,408,000","-1,770,000",,,,,,,,,,,,,,,,,,,,,,,,,,,,,,,,,,,,,,,,,,,,,,,,
	InterestIncomeNonOperating,,,,,,,,,,,,,,"1,000","1,000","0","1,000","2,000","18,000","30,000","6,000","44,000","51,000","12,000","22,000","9,000","66,000","122,000","143,000","163,000","109,000","106,000","88,000","112,000","91,000","88,000","91,000","105,000","104,000","89,000","68,000","50,000","47,000","47,000","34,000","27,000","22,000","19,000","14,000","4,000","0","2,000","0","14,000",,,,,,,,,,,,,,,,,,,,,,,,,,,,,,,,,,,,,,,,,,,,,,,,
	InterestExpenseNonOperating,"7,395,000","2,127,000","1,845,000","1,816,000","1,607,000","977,000","813,000","1,827,000","3,940,000","2,344,000","2,623,000","3,131,000","3,228,000","2,610,000","2,094,000","1,836,000","1,454,000","527,000","227,000","278,000","288,000","182,000","187,000","267,000","251,000","106,000","96,000","44,000","10,000","10,000","23,000","10,000","10,000","10,000","11,000","14,000","13,000","14,000","14,000","16,000","20,000","43,000","43,000","24,000","64,000","57,000","89,000","69,000","70,000","610,000","983,000","4,857,000","1,408,000","1,784,000",,,,,,,,,,,,,,,,,,,,,,,,,,,,,,,,,,,,,,,,,,,,,,,,
	TotalOtherFinanceCost,,,,,,,,,,"2,344,000","2,619,000","3,131,000","3,228,000",,,,,,,,,,,,,,,,,,,,,,,,,,,,,,,,,,,,,,,,,,,,,,,,,,,,,,,,,,,,,,,,,,,,,,,,,,,,,,,,,,,,,,,,,
OtherIncomeExpense,,,,,,,,,,,,,,"-2,609,000","-2,093,000","-1,836,000","-1,453,000","-525,000","-209,000","-248,000","-282,000","-138,000",,"-255,000","-229,000","-97,000","-30,000","78,000","133,000","153,000","86,000","96,000","78,000","102,000","-34,000","95,000","-15,000","361,000","-5,628,000","-108,000","-3,000","-4,000","-6,000","-7,000","-18,000","-78,000","-43,000","-217,000",,"-1,114,000","-247,000","-173,000","-179,000","-378,000","-32,060,000","-1,477,000","-1,357,000","-579,000","-211,000","-213,000","-250,000",,"-4,217,000","-1,763,000",,,,,,,,,,,,"-6,000","15,000","-50,000","-411,000","-20,000","-78,000","-6,000","-1,502,000","-33,000","-282,000","-348,000","-2,546,000","-31,000","-68,000","-15,000","-1,500,000",,"100,000","500,000","300,000","200,000","200,000",,,,,
	SpecialIncomeCharges,,,,,,,,,,,,,,,,,,,,,,,,,,,,,,,,,,,"-34,000","95,000","-15,000","361,000","-5,628,000","-108,000","-3,000","-4,000","-6,000","-7,000","-18,000","-78,000","-43,000","-217,000","0","-1,114,000","-247,000","-173,000","-179,000","-378,000","-32,060,000","-1,477,000","-1,357,000","-579,000","-211,000","-213,000","-250,000",,"-4,217,000","-1,763,000",,,,,,,,,,,,"-6,000","15,000","-50,000","-411,000","-20,000","-78,000","-6,000","-1,502,000","-33,000","-282,000","-348,000","-2,546,000","-31,000","-68,000","-15,000","-1,500,000",,"100,000","500,000","300,000","200,000","200,000",,,,,
		RestructuringAndMergernAcquisition,,,,,,,,,,,,,,,,,,,,,,,,,,,,,,,,,,,"0","-143,000","0","-391,000",,,,,,,,,,,,,,,,,,,,,,,,,,,,,,,,,,,,,,,,,,,,,,,,,,,,,,,,,,,,,,,,
		ImpairmentOfCapitalAssets,,,,,,,,,,,,,,,,,,,,,,,,,,,,,,,,,,,"34,000","48,000","15,000","30,000","33,000","108,000","3,000","4,000","6,000","7,000","18,000","78,000","43,000","217,000","0","0","198,000","0","110,000","378,000",,,,,,,,,,,,,,,,,,,,,,,,,,,,,,,,,,,,,,,,,,,,,,,,
		WriteOff,,,,,,,,,,,,,,,,,,,,,,,,,,,,,,,,,,,,,,,,,,,"0","0","0","0","0","0","0","1,114,000","49,000","173,000","69,000",,,,,,,,,,,,,,,,,,,,,,,,,,,,,,,,,,,,,,,,,,,,,,,,,
		OtherSpecialCharges,,,,,,,,,,,,,,,,,,,,,,,,,,,,,,,,,,,,,,,,"-73,000","-48,000","-7,000",,,,,,,,,,,,,,,,,,,,,,,,,,,,,,,,,,,,,,,,,,,,,,,,,,,,,,,,,,,,
	OtherNonOperatingIncomeExpenses,,,,,,,,,,,,,,"-2,609,000","-2,093,000","-1,836,000","-1,453,000","-525,000","-209,000","-248,000","-282,000","-138,000",,"-255,000","-229,000","-97,000","-30,000","78,000","133,000","153,000","86,000","96,000","78,000","102,000","80,000","74,000","78,000","91,000","90,000",,,,,,,,,,,,,,,,,,,,,,,,,,,,,,,,,,,,,,,,,,,,,,,,,,,,,,,,,,,,,,,
PretaxIncome,"114,133,000","2,288,000","12,812,000","70,919,000","28,114,000","75,446,000","73,779,000","67,788,000","-16,065,000","50,470,000","30,372,000","36,021,000","4,017,000","30,098,000","36,027,000","23,485,000","633,000","26,376,000","19,910,000","38,781,000","-3,343,000","35,690,000","15,176,000","38,789,000","2,167,000","19,801,000","-30,687,000","45,477,000","16,762,000","43,878,000","27,973,000","35,442,000","12,789,000","25,904,000","9,735,000","30,773,000","15,185,000","35,318,000","19,504,000","40,298,000","25,900,000","34,303,000","19,974,000","26,482,000","17,596,000","26,368,000","11,410,000","16,730,000","9,881,000","12,469,000","6,447,000","10,276,000","-525,000","-1,508,000","-51,506,000","935,000","-10,884,000","-11,288,000","2,590,000","18,816,000","4,839,000","17,221,000","16,907,000","22,524,000","17,223,000","19,174,000","25,256,000","18,540,000","12,846,000","14,121,000","16,327,000","13,060,000","9,566,000","11,992,000","17,151,000","11,657,000","7,679,000","6,658,000","8,568,000","5,713,000","2,563,000","2,896,000","950,000","227,000","-3,530,000","-9,713,000","-7,512,000","-8,640,000","-5,054,000","-4,416,000","-9,500,000","-5,900,000","500,000","1,900,000","3,500,000","-1,500,000","1,200,000",,,,,
TaxProvision,"24,947,000","214,000","1,671,000","17,198,000","5,864,000","8,812,000","12,420,000","16,468,000","-3,435,000","11,330,000","6,279,000","7,967,000","-263,000","4,680,000","9,037,000","5,228,000","-3,111,000","5,828,000","4,119,000","13,178,000","-2,565,000","11,229,000","3,889,000","13,044,000","751,000","6,832,000","-9,515,000","13,623,000","5,724,000","15,079,000","9,026,000","11,888,000","4,308,000","8,912,000","3,310,000","10,514,000","5,259,000","11,847,000","7,009,000","14,089,000","8,927,000","11,886,000","4,604,000","9,246,000","6,307,000","9,785,000","4,292,000","6,242,000","3,679,000","4,709,000","-28,862,000","3,377,000","3,436,000","1,187,000","5,930,000","-48,000","-4,293,000","-4,155,000","422,000","6,953,000","1,927,000","6,544,000","6,140,000","8,583,000","6,482,000","7,440,000","9,439,000","7,094,000","4,984,000","5,479,000","6,062,000","5,028,000","3,683,000","4,617,000","6,095,000","4,430,000","2,918,000","2,530,000","477,000","-17,891,000",,"-348,000",,,,"115,000","18,293,000","-3,197,000","-1,870,000","-1,634,000","-3,500,000","-2,200,000","200,000","700,000","-3,500,000","200,000","600,000",,,,,
NetIncomeCommonStockholders,"89,186,000","2,074,000","11,141,000","53,721,000","22,250,000","66,634,000","61,359,000","51,320,000","-12,630,000","39,140,000","24,093,000","28,054,000","4,280,000","25,418,000","26,990,000","18,257,000","3,744,000","20,548,000","15,791,000","25,603,000","-778,000","24,461,000","11,287,000","25,745,000","1,416,000","12,969,000","-21,172,000","31,854,000","11,038,000","28,799,000","18,947,000","23,554,000","8,481,000","16,992,000","6,425,000","20,259,000","9,926,000","23,471,000","12,495,000","26,209,000","16,973,000","22,417,000","15,370,000","17,236,000","11,289,000","16,583,000","7,118,000","10,488,000","6,202,000","7,760,000","35,309,000","6,899,000","-3,961,000","-2,695,000","-57,436,000","983,000","-6,591,000","-7,133,000","2,168,000","11,863,000","2,912,000","10,677,000","10,767,000","13,941,000","10,741,000","11,734,000","15,817,000","11,446,000","7,862,000","8,642,000","10,265,000","8,032,000","5,883,000","7,375,000","11,056,000","7,227,000","4,761,000","4,128,000","7,711,000","23,604,000","2,563,000","3,244,000","1,065,000","227,000","-3,530,000","-9,828,000","-25,805,000","-5,443,000","-3,184,000","-2,782,000","-6,000,000","-3,700,000","300,000","1,200,000","5,500,000","-2,400,000","600,000","-400,000","-1,200,000","-1,900,000","1,300,000","-1,900,000"
	NetIncome,"89,186,000","2,074,000","11,141,000","53,721,000","22,250,000","66,634,000","61,359,000","51,320,000","-12,630,000","39,140,000","24,093,000","28,054,000","4,280,000","25,418,000","26,990,000","18,257,000","3,744,000","20,548,000","15,791,000","25,603,000","-778,000","24,461,000","11,287,000","25,745,000","1,416,000","12,969,000","-21,172,000","31,854,000","11,038,000","28,799,000","18,947,000","23,554,000","8,481,000","16,992,000","6,425,000","20,259,000","9,926,000","23,471,000","12,495,000","26,209,000","16,973,000","22,417,000","15,370,000","17,236,000","11,289,000","16,583,000","7,118,000","10,488,000","6,202,000","7,760,000","35,309,000","6,899,000","-3,961,000","-2,695,000","-57,436,000","983,000","-6,591,000","-7,133,000","2,168,000","11,863,000","2,912,000","10,677,000","10,767,000","13,941,000","10,741,000","11,734,000","15,817,000","11,446,000","7,862,000","8,642,000","10,265,000","8,032,000","5,883,000","7,375,000","11,056,000","7,227,000","4,761,000","4,128,000","7,711,000","23,604,000","2,563,000","3,244,000","1,065,000","227,000","-3,530,000","-9,828,000","-25,805,000","-5,443,000","-3,184,000","-2,782,000","-6,000,000","-3,700,000","300,000","1,200,000","5,600,000","-1,700,000","600,000","-400,000","-300,000","-1,900,000","1,300,000","-1,900,000"
		NetIncomeIncludingNoncontrollingInterests,"89,186,000","2,074,000","11,141,000","53,721,000","22,250,000","66,634,000","61,359,000","51,320,000","-12,630,000","39,140,000","24,093,000","28,054,000","4,280,000","25,418,000","26,990,000","18,257,000","3,744,000","20,548,000","15,791,000","25,603,000","-778,000","24,461,000","11,287,000","25,745,000","1,416,000","12,969,000","-21,172,000","31,854,000","11,038,000","28,799,000","18,947,000","23,554,000","8,481,000","16,992,000","6,425,000","20,259,000","9,926,000","23,471,000","12,495,000","26,209,000","16,973,000","22,417,000","15,370,000","17,236,000","11,289,000","16,583,000","7,118,000","10,488,000","6,202,000","7,760,000","35,309,000","6,899,000","-3,961,000","-2,695,000","-57,436,000","983,000","-6,591,000","-7,133,000","2,168,000","11,863,000","2,912,000","10,677,000","10,767,000","13,941,000","10,741,000","11,734,000","15,817,000","11,446,000","7,862,000","8,642,000","10,265,000","8,032,000","5,883,000","7,375,000","11,056,000","7,227,000","4,761,000","4,128,000","7,711,000","23,604,000","2,563,000","3,244,000","1,065,000","227,000","-3,530,000","-9,828,000","-25,805,000","-5,443,000","-3,184,000","-2,782,000","-6,000,000","-3,700,000","300,000","1,200,000","5,600,000","-1,700,000","600,000","-400,000","-300,000","-1,900,000","1,300,000","-1,900,000"
			NetIncomeContinuousOperations,"89,186,000","2,074,000","11,141,000","53,721,000","22,250,000","66,634,000","61,359,000","51,320,000","-12,630,000","39,140,000","24,093,000","28,054,000","4,280,000","25,418,000","26,990,000","18,257,000","3,744,000","20,548,000","15,791,000","25,603,000","-778,000","24,461,000","11,287,000","25,745,000","1,416,000","12,969,000","-21,172,000","31,854,000","11,038,000","28,799,000","18,947,000","23,554,000","8,481,000","16,992,000","6,425,000","20,259,000","9,926,000","23,471,000","12,495,000","26,209,000","16,973,000","22,417,000","15,370,000","17,236,000","11,289,000","16,583,000","7,118,000","10,488,000","6,202,000","7,760,000","35,309,000","6,899,000","-3,961,000","-2,695,000","-57,436,000","983,000","-6,591,000","-7,133,000","2,168,000","11,863,000","2,912,000","10,677,000","10,767,000","13,941,000","10,741,000","11,734,000","15,817,000","11,446,000","7,862,000","8,642,000","10,265,000","8,032,000","5,883,000","7,375,000","11,056,000","7,227,000","4,761,000","4,128,000","8,091,000","23,604,000","2,563,000","3,244,000","1,065,000","227,000","-3,530,000","-9,828,000","-25,805,000","-5,443,000","-3,184,000","-2,782,000","-6,000,000","-3,700,000","300,000","1,200,000","7,000,000","-1,700,000","600,000","-400,000","-300,000","-1,900,000","1,300,000","-1,900,000"
	PreferredStockDividends,,,,,,,,,,,,,,,,,,,,,,,,,,,,,,,,,,,,,,,,,,,,,,,,,,,,,,,,,,,,,,,,,,,,,,,,,,,,,,,,,,,,,,,,,,,,,,,"100,000","700,000",,,,,,
DilutedNIAvailtoComStockholders,"89,186,000","2,074,000","11,141,000","53,721,000","22,250,000","66,634,000","61,359,000","51,320,000","-12,630,000","39,140,000","24,093,000","28,054,000","4,280,000","25,418,000","26,990,000","18,257,000","3,744,000","20,548,000","15,791,000","25,603,000","-778,000","24,461,000","11,287,000","25,745,000","1,416,000","12,969,000","-21,172,000","31,854,000","11,038,000","28,799,000","18,947,000","23,554,000","8,481,000","16,992,000","6,425,000","20,259,000","9,926,000","23,471,000","12,495,000","26,209,000","16,973,000","22,417,000","15,370,000","17,236,000","11,289,000","16,583,000","7,118,000","10,488,000","6,202,000","7,760,000","35,309,000","6,899,000","-3,961,000","-2,695,000","-57,436,000","983,000","-6,591,000","-7,133,000","2,168,000","11,863,000","2,912,000","10,677,000","10,767,000","13,941,000","10,741,000","11,734,000","15,817,000","11,446,000","7,862,000","8,642,000","10,265,000","8,032,000","5,883,000","7,375,000","11,056,000","7,227,000","4,761,000","4,128,000","7,711,000","23,604,000","2,563,000","3,244,000","1,065,000","227,000","-3,530,000","-9,828,000","-25,805,000","-5,443,000","-3,184,000","-2,782,000","-6,000,000","-3,700,000","300,000","1,200,000","5,500,000","-2,400,000","600,000","-400,000","-1,200,000","-1,900,000","1,300,000","-1,900,000"
BasicEPS,,"0.09","0.49","2.29","0.91","2.63","2.28","1.83","-0.45","1.4","0.85","0.96","0.14","0.83","0.83","0.53","0.1","0.54","0.4","0.63","-0.02","0.57",,"0.56","0.03","0.27","-0.42","0.63","0.21","0.55","0.36","0.44","0.16","0.31","0.12","0.37","0.18","0.43","0.23","0.47","0.3","0.4",,"0.31","0.21","0.3",,"0.19","0.12","0.14",,"0.15","-0.09","-0.06",,"0.02","-0.15","-0.16",,"0.27","0.06","0.21",,"0.26","0.2","0.147",,"0.213","0.147","0.107",,"0.147","0.107","0.089",,"0.147","0.1","0.058",,"0.533","0.087","0.08",,"0.007","-0.127","-0.36",,"-0.2","-0.12","-0.071",,"-0.089","0.009","0.027",,"-0.311","0.067","-0.116",,"-0.391","0.196","-0.454"
DilutedEPS,,"0.09","0.47","2.22","0.88","2.51","2.19","1.79","-0.45","1.36","0.82","0.94","0.14","0.8","0.81","0.52","0.1","0.52","0.39","0.62","-0.02","0.56",,"0.56","0.03","0.27","-0.42","0.62","0.21","0.54","0.35","0.44","0.16","0.31","0.12","0.36","0.18","0.42","0.22","0.46","0.3","0.39",,"0.31","0.2","0.3",,"0.19","0.11","0.14",,"0.15","-0.09","-0.06",,"0.02","-0.15","-0.16",,"0.26","0.06","0.21",,"0.25","0.19","0.138",,"0.2","0.133","0.098",,"0.133","0.1","0.08",,"0.12","0.08","0.049",,"0.46","0.053","0.049",,"0.007","-0.127","-0.36",,"-0.2","-0.12","-0.071",,"-0.089","0.009","0.027",,"-0.311","0.013","-0.116",,"-0.391","0.031","-0.454"
BasicAverageShares,,"22,760,000","22,939,000","23,464,000","24,371,000","25,377,000","26,960,000","27,973,000","27,923,000","27,858,000","28,309,000","29,085,000","29,873,000","30,620,000","32,411,000","34,231,000","36,138,000","38,244,000","39,627,000","40,755,000","41,716,000","42,750,000",,"45,621,000","46,394,000","48,100,000","50,045,000","50,945,000","51,672,000","52,346,000","52,825,000","53,271,000","53,648,000","54,113,000","54,497,000","54,854,000","55,029,000","55,095,000","55,261,000","55,444,000","55,719,000","55,640,000",,"55,214,000","54,958,000","54,726,000",,"54,129,000","53,911,000","53,615,000",,"44,830,000","44,827,000","44,692,000",,"44,232,000","44,138,000","44,058,000",,"44,447,000","47,980,000","49,713,000",,"52,766,000","53,405,000","80,104,947",,"53,457,000","53,722,500","80,507,496",,"54,184,500","54,820,500","81,094,453",,"50,292,000","48,027,000","69,445,278",,"44,451,000","29,535,000","41,347,825",,"27,268,500","27,178,500","27,084,000",,"26,811,000","26,727,000","39,924,288",,"27,041,979","33,733,133","27,851,574",,"7,710,430","8,995,502","3,459,809",,"4,855,527","6,644,405","4,189,082"
DilutedAverageShares,,"23,591,000","23,816,000","24,233,000","25,194,000","26,544,000","28,060,000","28,634,000","27,923,000","28,772,000","29,356,000","29,796,000","30,531,000","31,738,000","33,429,000","35,039,000","36,844,000","39,347,000","40,664,000","41,515,000","41,716,000","43,712,000",,"46,350,000","47,044,000","48,845,000","50,045,000","51,701,000","52,544,000","53,326,000","53,671,000","53,971,000","54,324,000","54,844,000","55,320,000","55,748,000","55,987,000","56,251,000","56,760,000","56,986,000","57,394,000","57,440,000",,"56,495,000","56,407,000","55,977,000",,"55,243,000","55,253,000","55,081,000",,"45,633,000","44,827,000","44,692,000",,"44,651,000","44,138,000","44,058,000",,"46,137,000","49,858,000","51,798,000",,"55,304,000","56,245,000","84,733,134",,"57,492,000","58,555,500","87,865,816",,"58,969,500","60,354,000","89,932,533",,"59,364,000","58,167,000","83,597,451",,"51,304,500","51,622,500","74,345,577",,"28,429,500","27,178,500","27,084,000",,"26,811,000","26,727,000","39,924,288",,"27,041,979","33,733,133","27,851,574",,"11,733,264","44,977,511","3,459,809",,"4,855,527","41,764,832","4,189,082"
TotalOperatingIncomeAsReported,"121,528,000","4,415,000","14,657,000","72,735,000","29,721,000","76,423,000","74,592,000","69,615,000","-12,125,000","52,814,000","32,991,000","39,152,000","7,245,000","32,707,000","38,120,000","25,321,000","2,086,000","26,901,000","20,119,000","39,029,000","-3,061,000","35,828,000","15,312,000","39,044,000","2,396,000","19,898,000","-30,657,000","45,399,000","16,629,000","43,725,000","27,887,000","35,346,000","12,711,000","25,802,000","9,655,000","30,699,000","15,107,000","35,227,000","19,414,000","40,225,000","25,852,000","34,296,000","19,970,000","26,459,000","17,626,000","26,398,000","11,477,000","16,780,000","9,937,000","14,189,000","7,479,000","11,980,000","952,000","262,000","-50,217,000","2,052,000","-10,251,000","-11,042,000","2,799,000","19,077,000","4,803,000","16,827,000","16,137,000","21,906,000","16,462,000","18,305,000","24,625,000","18,135,000","12,181,000","13,648,000","15,916,000","12,709,000","9,226,000","11,680,000","16,977,000","11,522,000","7,595,000","6,609,000","8,836,000","5,833,000","2,984,000","3,369,000","1,659,000","603,000","-3,176,000","-9,688,000","-5,091,000","-8,860,000","-5,293,000","-4,774,000","-8,400,000","-6,300,000","200,000","1,400,000","4,200,000","2,700,000","2,300,000",,,,,
TotalExpenses,"2,022,295,000","522,715,000","477,327,000","567,658,000","454,595,000","491,833,000","493,304,000","461,540,000","297,063,000","419,752,000","408,175,000","435,626,000","348,718,000","393,738,000","373,705,000","389,458,000","314,252,000","361,732,000","343,160,000","363,617,000","287,734,000","358,071,000","298,133,000","328,944,000","274,482,000","333,082,000","245,339,000","328,520,000","258,660,000","306,084,000","294,329,000","288,020,000","222,052,000","250,610,000","221,165,000","233,085,000","192,269,000","223,371,000","195,517,000","206,484,000","179,364,000","228,083,000","169,097,000","173,134,000","143,818,000","166,592,000","137,148,000","143,106,000","129,015,000","143,764,000","128,794,000","132,166,000","119,585,000","138,974,000","146,696,000","155,179,000","162,306,000","176,204,000","187,873,000","193,993,000","174,188,000","199,682,000","180,216,000","186,408,000","172,179,000","194,425,000","163,256,000","157,698,000","142,339,000","159,184,000","132,692,000","131,639,000","115,494,000","128,283,000","120,161,000","105,878,000","94,398,000","95,349,000","83,427,000","79,223,000","74,297,000","77,826,000","67,682,000","63,545,000","65,918,000","75,144,000","69,166,000","76,916,000","67,080,000","80,933,000","76,500,000","74,600,000","65,600,000","70,200,000","63,300,000","57,300,000","57,100,000",,,,,
NetIncomeFromContinuingAndDiscontinuedOperation,"89,186,000","2,074,000","11,141,000","53,721,000","22,250,000","66,634,000","61,359,000","51,320,000","-12,630,000","39,140,000","24,093,000","28,054,000","4,280,000","25,418,000","26,990,000","18,257,000","3,744,000","20,548,000","15,791,000","25,603,000","-778,000","24,461,000","11,287,000","25,745,000","1,416,000","12,969,000","-21,172,000","31,854,000","11,038,000","28,799,000","18,947,000","23,554,000","8,481,000","16,992,000","6,425,000","20,259,000","9,926,000","23,471,000","12,495,000","26,209,000","16,973,000","22,417,000","15,370,000","17,236,000","11,289,000","16,583,000","7,118,000","10,488,000","6,202,000","7,760,000","35,309,000","6,899,000","-3,961,000","-2,695,000","-57,436,000","983,000","-6,591,000","-7,133,000","2,168,000","11,863,000","2,912,000","10,677,000","10,767,000","13,941,000","10,741,000","11,734,000","15,817,000","11,446,000","7,862,000","8,642,000","10,265,000","8,032,000","5,883,000","7,375,000","11,056,000","7,227,000","4,761,000","4,128,000","8,091,000","23,604,000","2,563,000","3,244,000","1,065,000","227,000","-3,530,000","-9,828,000","-25,805,000","-5,443,000","-3,184,000","-2,782,000","-6,000,000","-3,700,000","300,000","1,200,000","7,000,000","-1,700,000","600,000","-400,000","-300,000","-1,900,000","1,300,000","-1,900,000"
NormalizedIncome,"89,186,000","2,074,000","11,141,000","53,721,000","22,250,000","66,634,000","61,359,000","51,320,000","-12,630,000","39,140,000","24,093,000","28,054,000","4,280,000","25,418,000","26,990,000","18,257,000","3,744,000","20,548,000","15,791,000","25,603,000","-778,000","24,461,000","11,287,000","25,745,000","1,416,000","12,969,000","-21,172,000","31,854,000","11,038,000","28,799,000","18,947,000","23,554,000","8,481,000","16,992,000","6,447,439.651","20,196,490","9,935,810","23,230,935","16,100,509.639","26,279,241.005","16,974,965.985","22,419,613.999","15,374,617.002","17,240,556","11,300,548.193","16,632,054.688","7,144,825.066","10,624,036.82","6,202,000","8,453,290.561","35,469,550","7,015,147.042","-3,844,650","-2,449,300","-36,597,000","1,943,050","-5,769,244.487","-6,767,124.114","2,344,620.849","11,997,290.976","3,062,444.307","10,677,000","13,452,540.841","15,032,190.863","10,741,000","11,734,000","15,817,000","11,446,000","7,862,000","8,642,000","10,265,000","8,032,000","5,883,000","7,375,000","11,056,000","7,230,719.825","4,751,699.961","4,159,000.3","8,479,118.697","23,616,000","2,609,800","3,247,600","1,966,200","246,800","-3,248,000","-9,619,200","-24,277,400","-5,423,470.718","-3,141,160.269","-2,772,550.272","-5,052,631.579","-3,700,000","240,000","884,210.526","6,820,000","-1,820,000","480,000","-400,000","-300,000","-1,900,000","1,300,000","-1,900,000"
InterestIncome,,,,,,,,,,,,,,"1,000","1,000","0","1,000","2,000","18,000","30,000","6,000","44,000","51,000","12,000","22,000","9,000","66,000","122,000","143,000","163,000","109,000","106,000","88,000","112,000","91,000","88,000","91,000","105,000","104,000","89,000","68,000","50,000","47,000","47,000","34,000","27,000","22,000","19,000","14,000","4,000","0","2,000","0","14,000",,,,,,,,,,,,,,,,,,,,,,,,,,,,,,,,,,,,,,,,,,,,,,,,
InterestExpense,"7,395,000","2,127,000","1,845,000","1,816,000","1,607,000","977,000","813,000","1,827,000","3,940,000","2,344,000","2,623,000","3,131,000","3,228,000","2,610,000","2,094,000","1,836,000","1,454,000","527,000","227,000","278,000","288,000","182,000","187,000","267,000","251,000","106,000","96,000","44,000","10,000","10,000","23,000","10,000","10,000","10,000","11,000","14,000","13,000","14,000","14,000","16,000","20,000","43,000","43,000","24,000","64,000","57,000","89,000","69,000","70,000","610,000","983,000","4,857,000","1,408,000","1,784,000",,,,,,,,,,,,,,,,,,,,,,,,,,,,,,,,,,,,,,,,,,,,,,,,
NetInterestIncome,"-7,395,000","-2,127,000","-1,845,000","-1,816,000","-1,607,000","-977,000","-813,000","-1,827,000","-3,940,000","-2,344,000","-2,619,000","-3,131,000","-3,228,000","-2,609,000","-2,093,000","-1,836,000","-1,453,000","-525,000","-209,000","-248,000","-282,000","-138,000","-136,000","-255,000","-229,000","-97,000","-30,000","78,000","133,000","153,000","86,000","96,000","78,000","102,000","80,000","74,000","78,000","91,000","90,000","73,000","48,000","7,000","4,000","23,000","-30,000","-30,000","-67,000","-50,000","-56,000","-606,000","-983,000","-4,855,000","-1,408,000","-1,770,000",,,,,,,,,,,,,,,,,,,,,,,,,,,,,,,,,,,,,,,,,,,,,,,,
EBIT,"121,528,000","4,415,000","14,657,000","72,735,000","29,721,000","76,423,000","74,592,000","69,615,000","-12,125,000","52,814,000","32,995,000","39,152,000","7,245,000","32,708,000","38,121,000","25,321,000","2,087,000","26,903,000","20,137,000","39,059,000","-3,055,000","35,872,000","15,363,000","39,056,000","2,418,000","19,907,000","-30,591,000","45,521,000","16,772,000","43,888,000","27,996,000","35,452,000","12,799,000","25,914,000","9,746,000","30,787,000","15,198,000","35,332,000","19,518,000","40,314,000","25,920,000","34,346,000","20,017,000","26,506,000","17,660,000","26,425,000","11,499,000","16,799,000","9,951,000","13,079,000","7,430,000","15,133,000","883,000","276,000","-50,258,000","2,052,000","-10,251,000","-8,039,000","2,799,000","19,077,000","4,803,000","16,827,000","16,137,000","21,906,000","16,462,000","18,305,000","24,625,000","18,135,000","12,181,000","13,648,000","15,916,000","12,709,000","9,226,000","11,680,000","16,977,000","11,522,000","7,595,000","6,609,000","8,836,000","5,836,000","2,984,000","3,369,000","1,659,000","603,000","-3,176,000","-9,688,000","-5,091,000","-8,860,000","-5,293,000","-4,774,000","-8,400,000","-6,300,000","200,000","1,400,000","4,200,000","2,700,000","2,300,000","58,700,000","-124,400,000","44,400,000","46,100,000","36,000,000"
EBITDA,"183,154,000"
ReconciledCostOfRevenue,"878,596,000","224,832,000","212,260,000","250,039,000","191,465,000","212,338,000","211,997,000","196,195,000","121,928,000","170,435,000","165,052,000","178,388,000","138,777,000","164,212,000","160,746,000","164,262,000","127,450,000","151,156,000","142,475,000","149,181,000","108,054,000","147,440,000","115,963,000","135,645,000","105,617,000","143,906,000","93,939,000","140,283,000","104,750,000","133,976,000","127,730,000","124,782,000","92,366,000","105,029,000","90,333,000","97,269,000","75,993,000","94,821,000","80,612,000","86,088,000","73,648,000","98,084,000","70,095,000","73,838,000","58,958,000","69,967,000","54,943,000","60,114,000","52,487,000","59,869,000","50,690,000","53,915,000","46,307,000","57,830,000","57,827,000","59,475,000","61,411,000","71,239,000","79,130,000","81,892,000","69,464,000","82,341,000","79,767,000","78,610,000","73,504,000","83,649,000","73,784,000","71,041,000","65,030,000","70,735,000","57,864,000","57,366,000","47,806,000","53,929,000","51,739,000","42,447,000","38,920,000","38,057,000","49,186,000","25,539,000","24,677,000","26,394,000","22,845,000","21,192,000","22,428,000","23,611,000","22,687,000","23,310,000","19,348,000","25,006,000","21,900,000","22,100,000","21,200,000","23,100,000","21,500,000","19,300,000","19,500,000",,,,,
ReconciledDepreciation,"61,626,000","15,870,000","15,608,000","14,986,000","15,162,000","14,638,000","15,319,000","15,433,000","15,440,000","15,371,000","15,599,000","15,080,000","15,444,000","15,743,000","15,311,000","15,566,000","15,409,000","15,680,000","15,291,000","14,823,000","14,972,000","16,205,000","14,617,000","14,595,000","14,106,000","13,854,000","13,936,000","11,791,000","11,120,000","10,783,000","10,230,000","10,366,000","10,037,000","9,176,000","8,612,000","8,046,000","7,492,000","6,661,000","5,990,000","5,362,000","4,804,000","4,245,000","3,757,000","3,400,000","3,224,000","3,162,000","3,313,000","3,174,000","3,241,000","4,898,000","3,744,000","5,576,000","4,910,000","4,824,000","5,003,000","5,250,000","6,075,000","5,858,000","5,922,000","6,116,000","5,940,000","6,813,000","5,423,000","5,014,000","4,676,000","4,571,000","4,161,000","4,032,000","3,853,000","3,701,000","3,559,000","3,343,000","3,311,000","3,430,000","2,894,000","3,096,000","2,773,000","2,512,000","3,253,000","2,519,000","2,361,000","2,340,000","2,560,000","2,528,000","2,510,000","2,484,000","2,334,000","1,561,000","2,468,000","2,046,000","2,100,000","1,800,000","1,400,000","1,400,000","1,400,000","1,400,000","1,300,000",,,,,
NetIncomeFromContinuingOperationNetMinorityInterest,"89,186,000","2,074,000","11,141,000","53,721,000","22,250,000","66,634,000","61,359,000","51,320,000","-12,630,000","39,140,000","24,093,000","28,054,000","4,280,000","25,418,000","26,990,000","18,257,000","3,744,000","20,548,000","15,791,000","25,603,000","-778,000","24,461,000","11,287,000","25,745,000","1,416,000","12,969,000","-21,172,000","31,854,000","11,038,000","28,799,000","18,947,000","23,554,000","8,481,000","16,992,000","6,425,000","20,259,000","9,926,000","23,471,000","12,495,000","26,209,000","16,973,000","22,417,000","15,370,000","17,236,000","11,289,000","16,583,000","7,118,000","10,488,000","6,202,000","7,760,000","35,309,000","6,899,000","-3,961,000","-2,695,000","-57,436,000","983,000","-6,591,000","-7,133,000","2,168,000","11,863,000","2,912,000","10,677,000","10,767,000","13,941,000","10,741,000","11,734,000","15,817,000","11,446,000","7,862,000","8,642,000","10,265,000","8,032,000","5,883,000","7,375,000","11,056,000","7,227,000","4,761,000","4,128,000","8,091,000","23,604,000","2,563,000","3,244,000","1,065,000","227,000","-3,530,000","-9,828,000","-25,805,000","-5,443,000","-3,184,000","-2,782,000","-6,000,000","-3,700,000","300,000","1,200,000","7,000,000","-1,700,000","600,000","-400,000","-300,000","-1,900,000","1,300,000","-1,900,000"
TotalUnusualItemsExcludingGoodwill,,,,,,,,,,,,,,,,,,,,,,,,,,,,,,,,,,,"-34,000","95,000","-15,000","361,000","-5,628,000","-108,000","-3,000","-4,000","-6,000","-7,000","-18,000","-78,000","-43,000","-217,000","0","-1,114,000","-247,000","-173,000","-179,000","-378,000","-32,060,000","-1,477,000","-1,357,000","-579,000","-211,000","-213,000","-250,000",,"-4,217,000","-1,763,000",,,,,,,,,,,,"-6,000","15,000","-50,000","-411,000","-20,000","-78,000","-6,000","-1,502,000","-33,000","-282,000","-348,000","-2,546,000","-31,000","-68,000","-15,000","-1,500,000",,"100,000","500,000","300,000","200,000","200,000",,,,,
TotalUnusualItems,,,,,,,,,,,,,,,,,,,,,,,,,,,,,,,,,,,"-34,000","95,000","-15,000","361,000","-5,628,000","-108,000","-3,000","-4,000","-6,000","-7,000","-18,000","-78,000","-43,000","-217,000","0","-1,114,000","-247,000","-173,000","-179,000","-378,000","-32,060,000","-1,477,000","-1,357,000","-579,000","-211,000","-213,000","-250,000",,"-4,217,000","-1,763,000",,,,,,,,,,,,"-6,000","15,000","-50,000","-411,000","-20,000","-78,000","-6,000","-1,502,000","-33,000","-282,000","-348,000","-2,546,000","-31,000","-68,000","-15,000","-1,500,000",,"100,000","500,000","300,000","200,000","200,000",,,,,
NormalizedEBITDA,"183,154,000","20,285,000","30,265,000","87,721,000","44,883,000","91,061,000","89,911,000","85,048,000","3,315,000","68,185,000","48,594,000","54,232,000","22,689,000","48,451,000","53,432,000","40,887,000","17,496,000","42,583,000","35,428,000","53,882,000","11,917,000","52,077,000","29,980,000","53,651,000","16,524,000","33,761,000","-16,655,000","57,312,000","27,892,000","54,671,000","38,226,000","45,818,000","22,836,000","35,090,000","18,392,000","38,738,000","22,705,000","41,632,000","31,136,000","45,784,000","30,727,000","38,595,000","23,780,000","29,913,000","20,902,000","29,665,000","14,855,000","20,190,000","13,192,000","19,091,000","11,421,000","20,882,000","5,972,000","5,478,000","-13,195,000","8,779,000","-2,819,000","-1,602,000","8,932,000","25,406,000","10,993,000","23,640,000","25,777,000","28,683,000","21,138,000","22,876,000","28,786,000","22,167,000","16,034,000","17,349,000","19,475,000","16,052,000","12,537,000","15,110,000","19,871,000","14,624,000","10,353,000","9,171,000","12,500,000","8,375,000","5,423,000","5,715,000","5,721,000","3,164,000","-384,000","-6,856,000","-211,000","-7,268,000","-2,757,000","-2,713,000","-4,800,000","-4,500,000","1,500,000","2,300,000","5,300,000","3,900,000","3,400,000","58,700,000","-124,400,000","44,400,000","46,100,000","36,000,000"
TaxRateForCalcs,"0.219","0.094","0.13","0.243","0.209","0.117","0.168","0.243","0.214","0.224","0.207","0.221","0.27","0.155","0.251","0.223","0.27","0.221","0.207","0.34","0.4","0.315","0.256","0.336","0.347","0.345","0.31","0.3","0.341","0.344","0.323","0.335","0.337","0.344","0.34","0.342","0.346","0.335","0.359","0.35","0.345","0.347","0.231","0.349","0.358","0.371","0.376","0.373","0.372","0.378","0.35","0.329","0.35","0.35","0.35","0.35","0.394","0.368","0.163","0.37","0.398","0.38","0.363","0.381","0.376","0.388","0.374","0.383","0.388","0.388","0.371","0.385","0.385","0.385","0.355","0.38","0.38","0.38","0.056","0.4","0.4","0.4","0.4","0.4","0","0.4","0.4","0.37","0.37","0.37","0.368","0.373","0.4","0.368","0.4","0.4","0.4","0.4","0.4","0.4","0.4","0.4"
TaxEffectOfUnusualItems,"0","0","0","0","0","0","0","0","0","0","0","0","0","0","0","0","0","0","0","0","0","0","0","0","0","0","0","0","0","0","0","0","0","0","-11,560.349","32,490","-5,190","120,935","-2,022,490.361","-37,758.995","-1,034.015","-1,386.001","-1,382.998","-2,444","-6,451.807","-28,945.313","-16,174.934","-80,963.18","0","-420,709.439","-86,450","-56,852.958","-62,650","-132,300","-11,221,000","-516,950","-535,244.487","-213,124.114","-34,379.151","-78,709.024","-99,555.693","0","-1,531,459.159","-671,809.137","0","0","0","0","0","0","0","0","0","0","0","-2,280.175","5,699.961","-18,999.7","-22,881.303","-8,000","-31,200","-2,400","-600,800","-13,200","0","-139,200","-1,018,400","-11,470.718","-25,160.269","-5,550.272","-552,631.579","0","40,000","184,210.526","120,000","80,000","80,000","0","0","0","0","0"