name,ttm,03/31/2022,12/31/2021,09/30/2021,06/30/2021,03/31/2021,12/31/2020,09/30/2020,06/30/2020,03/31/2020,12/31/2019,09/30/2019,06/30/2019,03/31/2019,12/31/2018,09/30/2018,06/30/2018,03/31/2018,12/31/2017,09/30/2017,06/30/2017,03/31/2017,12/31/2016,09/30/2016,06/30/2016,03/31/2016,12/31/2015,09/30/2015,06/30/2015,03/31/2015,12/31/2014,09/30/2014,06/30/2014,03/31/2014,12/31/2013,09/30/2013,06/30/2013,03/31/2013,12/31/2012,09/30/2012,06/30/2012,03/31/2012,12/31/2011,09/30/2011,06/30/2011,03/31/2011,12/31/2010,09/30/2010,06/30/2010,03/31/2010,12/31/2009,09/30/2009,06/30/2009,03/31/2009,12/31/2008,09/30/2008,06/30/2008,03/31/2008,12/31/2007,09/30/2007,06/30/2007,03/31/2007,12/31/2006,09/30/2006,06/30/2006,03/31/2006,12/31/2005,09/30/2005,06/30/2005,03/31/2005,12/31/2004,09/30/2004,06/30/2004,03/31/2004,12/31/2003,09/30/2003,06/30/2003,03/31/2003,12/31/2002,09/30/2002,06/30/2002,03/31/2002,12/31/2001,09/30/2001,06/30/2001,03/31/2001,12/31/2000,09/30/2000,06/30/2000,03/31/2000,12/31/1999,09/30/1999,06/30/1999,03/31/1999,12/31/1998,09/30/1998,06/30/1998,03/31/1998,12/31/1997,09/30/1997,06/30/1997,03/31/1997,12/31/1996,09/30/1996,06/30/1996,03/31/1996,12/31/1995,09/30/1995,06/30/1995,03/31/1995,12/31/1994,09/30/1994,06/30/1994,03/31/1994,12/31/1993,09/30/1993,06/30/1993,03/31/1993,12/31/1992,09/30/1992,06/30/1992,03/31/1992,12/31/1991,09/30/1991,06/30/1991,03/31/1991,12/31/1990,09/30/1990,06/30/1990,03/31/1990,12/31/1989,09/30/1989,06/30/1989,03/31/1989,12/31/1988,09/30/1988,06/30/1988,03/31/1988,12/31/1987,09/30/1987,06/30/1987,03/31/1987,12/31/1986,09/30/1986,06/30/1986,03/31/1986,12/31/1985,09/30/1985
TotalRevenue,"6,008,116,000","1,770,982,000","1,439,187,000","1,415,193,000","1,382,754,000","1,353,304,000","1,376,348,000","1,312,314,000","1,245,485,000","1,303,296,000","1,308,850,000","1,353,931,000","1,359,721,000","1,351,705,000","1,355,616,000","1,364,762,000","1,366,373,000","1,304,187,000","1,299,018,000","1,324,634,000","1,240,674,000","1,172,324,000","1,142,197,000","1,208,724,000","1,205,680,000","1,226,276,000","1,267,135,000","1,242,592,000","1,248,590,000","1,203,264,000","1,317,954,000","1,263,574,000","1,247,380,000","1,185,626,000","1,214,874,000","1,227,749,000","1,226,256,000","1,179,213,000","1,175,870,000","1,195,530,000","1,202,359,000","1,212,370,000","1,129,573,000","1,124,171,000","1,127,865,000","1,117,323,000","1,127,147,000","1,051,725,000","1,010,116,000","935,133,000","1,001,911,000","930,560,000","864,231,000","800,629,000","934,572,000","1,063,250,000","1,086,567,000","1,037,996,000","1,060,118,000","1,029,764,000","994,432,000","955,679,000","989,538,000","931,522,000","917,010,000","818,769,000","954,908,000","881,058,000","878,170,000","814,438,000","884,998,000","811,117,000","763,902,000","695,416,000","730,205,000","688,077,000","730,847,000","681,444,000","728,170,000","717,390,000","712,354,000","654,236,000","676,584,000","649,265,000","647,659,000","632,768,000","669,039,000","677,469,000","688,686,000","676,299,000","754,400,000","620,000,000","611,800,000","560,500,000","640,000,000","607,000,000","637,600,000","673,300,000","736,400,000","709,600,000","714,200,000","687,600,000","725,600,000","703,400,000","689,900,000","669,200,000","682,300,000","687,000,000","691,700,000","645,100,000","607,200,000","591,200,000","564,400,000","537,400,000","539,600,000","462,100,000","478,500,000","466,900,000","484,000,000","462,600,000","461,600,000","429,800,000","446,400,000","420,800,000","422,200,000","407,700,000","429,300,000","415,600,000","420,700,000","403,500,000","404,700,000","402,500,000","415,400,000","433,100,000","404,000,000","408,900,000","410,700,000","376,200,000","376,800,000","344,400,000","342,700,000","248,200,000","250,100,000","240,600,000","247,000,000","226,100,000","227,800,000","225,800,000"
	OperatingRevenue,"6,008,116,000","1,770,982,000","1,439,187,000","1,415,193,000","1,382,754,000","1,353,304,000","1,376,348,000","1,312,314,000","1,245,485,000","1,303,296,000","1,308,850,000","1,353,931,000","1,359,721,000","1,351,705,000","1,355,616,000","1,364,762,000","1,366,373,000","1,304,187,000","1,299,018,000","1,324,634,000","1,240,674,000","1,172,324,000","1,142,197,000","1,208,724,000","1,205,680,000","1,226,276,000","1,267,135,000","1,242,592,000","1,248,590,000","1,203,264,000","1,317,954,000","1,263,574,000","1,247,380,000","1,185,626,000","1,214,874,000","1,227,749,000","1,226,256,000","1,179,213,000","1,175,870,000","1,195,530,000","1,202,359,000","1,212,370,000","1,129,573,000","1,124,171,000","1,127,865,000","1,117,323,000","1,127,147,000","1,051,725,000","1,010,116,000","935,133,000","1,001,911,000","930,560,000","864,231,000","800,629,000","934,572,000","1,063,250,000","1,086,567,000","1,037,996,000","1,060,118,000","1,029,764,000","994,432,000","955,679,000","989,538,000","931,522,000","917,010,000","818,769,000","954,908,000","881,058,000","878,170,000","814,438,000","884,998,000","811,117,000","763,902,000","695,416,000","730,205,000","688,077,000","730,847,000","681,444,000","728,170,000","717,390,000","712,354,000","654,236,000","676,584,000","649,265,000","647,659,000","632,768,000","669,039,000","677,469,000","688,686,000","676,299,000","754,400,000","620,000,000","611,800,000","560,500,000","640,000,000","607,000,000","637,600,000","673,300,000","736,400,000","709,600,000","714,200,000","687,600,000","725,600,000","703,400,000","689,900,000","669,200,000","682,300,000","687,000,000","691,700,000","645,100,000","607,200,000","591,200,000","564,400,000","537,400,000","539,600,000","462,100,000","478,500,000","466,900,000","484,000,000","462,600,000","461,600,000","429,800,000","446,400,000","420,800,000","422,200,000","407,700,000","429,300,000","415,600,000","420,700,000","403,500,000","404,700,000","402,500,000","415,400,000","433,100,000","404,000,000","408,900,000","410,700,000","376,200,000","376,800,000","344,400,000","342,700,000","248,200,000","250,100,000","240,600,000","247,000,000","226,100,000","227,800,000","225,800,000"
CostOfRevenue,"4,852,542,000","1,399,417,000","1,175,562,000","1,157,462,000","1,120,101,000","1,075,403,000","1,101,592,000","1,055,304,000","997,502,000","1,036,706,000","1,061,963,000","1,088,446,000","1,084,385,000","1,081,584,000","1,101,308,000","1,105,126,000","1,089,913,000","1,053,585,000","1,056,598,000","1,073,761,000","1,004,799,000","952,102,000","927,410,000","973,351,000","963,667,000","981,023,000","1,027,792,000","1,013,219,000","1,008,274,000","979,817,000","1,068,359,000","1,035,910,000","1,015,643,000","973,323,000","993,687,000","1,003,712,000","1,003,692,000","973,497,000","971,870,000","989,301,000","985,817,000","995,509,000","944,829,000","937,431,000","936,775,000","923,114,000","927,481,000","852,141,000","817,592,000","759,375,000","808,068,000","757,504,000","705,947,000","659,766,000","776,361,000","878,514,000","891,886,000","851,594,000","868,841,000","842,485,000","804,358,000","770,514,000","796,268,000","749,954,000","742,984,000","662,593,000","766,409,000","717,666,000","717,426,000","666,122,000","728,484,000","657,572,000","620,753,000","573,834,000","599,857,000","567,662,000","601,649,000","551,478,000","591,610,000","582,089,000","567,064,000","519,027,000","541,054,000","514,009,000","511,302,000","495,481,000","368,165,000","529,972,000","533,804,000","524,638,000","439,200,000","476,100,000","466,600,000","425,900,000","449,500,000","430,900,000","455,800,000","486,500,000","527,400,000","517,600,000","511,800,000","497,800,000","530,400,000","505,800,000","490,200,000","478,800,000","492,300,000","505,900,000","507,900,000","473,800,000","440,100,000","439,100,000","415,000,000","396,200,000","393,200,000","340,000,000","349,200,000","347,400,000","363,200,000","342,700,000","339,500,000","322,100,000","337,400,000","301,500,000","315,500,000","307,800,000","316,500,000","309,800,000","308,800,000","300,600,000","306,400,000","298,400,000","306,500,000",,,,,,,,,,,,,,,
GrossProfit,"1,155,574,000","371,565,000","263,625,000","257,731,000","262,653,000","277,901,000","274,756,000","257,010,000","247,983,000","266,590,000","246,887,000","265,485,000","275,336,000","270,121,000","254,308,000","259,636,000","276,460,000","250,602,000","242,420,000","250,873,000","235,875,000","220,222,000","214,787,000","235,373,000","242,013,000","245,253,000","239,343,000","229,373,000","240,316,000","223,447,000","249,595,000","227,664,000","231,737,000","212,303,000","221,187,000","224,037,000","222,564,000","205,716,000","204,000,000","206,229,000","216,542,000","216,861,000","184,744,000","186,740,000","191,090,000","194,209,000","199,666,000","199,584,000","192,524,000","175,758,000","193,843,000","173,056,000","158,284,000","140,863,000","158,211,000","184,736,000","194,681,000","186,402,000","191,277,000","187,279,000","190,074,000","185,165,000","193,270,000","181,568,000","174,026,000","156,176,000","188,499,000","163,392,000","160,744,000","148,316,000","156,514,000","153,545,000","143,149,000","121,582,000","130,348,000","120,415,000","129,198,000","129,966,000","136,560,000","135,301,000","145,290,000","135,209,000","135,530,000","135,256,000","136,357,000","137,287,000","300,874,000","147,497,000","154,882,000","151,661,000","315,200,000","143,900,000","145,200,000","134,600,000","190,500,000","176,100,000","181,800,000","186,800,000","209,000,000","192,000,000","202,400,000","189,800,000","195,200,000","197,600,000","199,700,000","190,400,000","190,000,000","181,100,000","183,800,000","171,300,000","167,100,000","152,100,000","149,400,000","141,200,000","146,400,000","122,100,000","129,300,000","119,500,000","120,800,000","119,900,000","122,100,000","107,700,000","109,000,000","119,300,000","106,700,000","99,900,000","112,800,000","105,800,000","111,900,000","102,900,000","98,300,000","104,100,000","108,900,000",,,,,,,,,,,,,,,
OperatingExpense,"603,312,000","190,362,000","153,563,000","130,580,000","128,807,000","145,230,000","157,063,000","126,117,000","121,371,000","123,888,000","135,771,000","120,322,000","132,213,000","142,561,000","148,832,000","136,002,000","141,031,000","137,441,000","130,046,000","130,280,000","157,208,000","126,138,000","123,614,000","121,583,000","126,611,000","134,193,000","138,348,000","130,341,000","130,887,000","96,665,000","146,284,000","110,507,000","126,455,000","123,750,000","127,377,000","117,935,000","121,848,000","120,011,000","112,025,000","110,330,000","118,554,000","122,806,000","105,982,000","89,924,000","99,273,000","102,298,000","107,048,000","102,533,000","99,639,000","96,136,000","108,836,000","98,085,000","90,589,000","88,949,000","82,357,000","92,989,000","100,901,000","98,149,000","103,329,000","96,881,000","119,823,000","89,686,000","100,175,000","88,777,000","88,663,000","81,337,000","110,038,000","85,274,000","88,858,000","80,797,000","88,386,000","85,093,000","76,969,000","70,495,000","79,544,000","71,610,000","71,449,000","73,604,000","71,272,000","71,946,000","74,842,000","70,613,000","67,707,000","63,495,000","66,985,000","68,721,000","217,170,000","69,001,000","69,369,000","67,426,000","222,300,000","63,400,000","64,200,000","59,300,000","148,900,000","103,600,000","95,800,000","98,900,000","117,700,000","111,600,000","111,900,000","109,700,000","116,900,000","118,500,000","110,200,000","107,900,000","108,500,000","103,600,000","103,300,000","101,300,000","100,400,000","90,700,000","87,500,000","86,900,000","93,700,000","70,800,000","71,700,000","69,100,000","78,000,000","67,200,000","66,500,000","62,000,000","62,100,000","71,000,000","63,300,000","63,100,000","139,300,000","59,500,000","61,100,000","58,500,000","58,300,000","56,900,000","57,700,000",,,,,,,,,,,,,,,
	SellingGeneralAndAdministration,"603,312,000","190,362,000","153,563,000","130,580,000","128,807,000","145,230,000","157,063,000","126,117,000","121,371,000","123,888,000","135,771,000","120,322,000","132,213,000","142,561,000","148,832,000","136,002,000","141,031,000","137,441,000","130,046,000","130,280,000","157,208,000","126,138,000","123,614,000","121,583,000","126,611,000","134,193,000","138,348,000","130,341,000","130,887,000","96,665,000","146,284,000","110,507,000","126,455,000","123,750,000","127,377,000","117,935,000","121,848,000","120,011,000","112,025,000","110,330,000","118,554,000","122,806,000","105,982,000","89,924,000","99,273,000","102,298,000","107,048,000","102,533,000","99,639,000","96,136,000","108,836,000","98,085,000","90,589,000","88,949,000","82,357,000","92,989,000","100,901,000","98,149,000","103,329,000","96,881,000","119,823,000","89,686,000","100,175,000","88,777,000","88,663,000","81,337,000","110,038,000","85,274,000","88,858,000","80,797,000","88,386,000","85,093,000","76,969,000","70,495,000","79,544,000","71,610,000","71,449,000","73,604,000","71,272,000","71,946,000","74,842,000","70,613,000","67,707,000","63,495,000","66,985,000","68,721,000","66,354,000","69,001,000","69,369,000","67,426,000","76,500,000","63,400,000","64,200,000","59,300,000","105,500,000","66,800,000","61,900,000","67,300,000","76,900,000","73,000,000","75,700,000","71,800,000","79,800,000","78,800,000","78,200,000","73,800,000","76,400,000","72,400,000","70,500,000","70,300,000","69,700,000","63,300,000","60,100,000","59,300,000","64,000,000","48,800,000","49,100,000","47,400,000","55,600,000","46,900,000","46,100,000","41,200,000","43,600,000","42,000,000","43,700,000","43,900,000","119,900,000","41,900,000","43,800,000","41,100,000","41,500,000","40,100,000","40,100,000",,,,,,,,,,,,,,,
		GeneralAndAdministrativeExpense,,,,,,"152,514,000","164,573,000","133,570,000","128,971,000","131,467,000","141,683,000","127,532,000","137,763,000","148,602,000","149,576,000","135,977,000","141,544,000","137,150,000","130,046,000","130,280,000","157,208,000","126,138,000","123,614,000","121,583,000","126,611,000","134,193,000","138,348,000","130,341,000","130,887,000","96,665,000","146,284,000","110,507,000","126,455,000","123,750,000","127,377,000","117,935,000","121,848,000","120,011,000","112,025,000",,,,,,,,,,,,,,,,,,,,,,,,,,,,,,,,,,,,,,,,,,,,,,,,,,,,,,,,,,,,,,,,,,,,,,,,,,,,,,,,,,,,,,,,,,,,,,,,,,,,,,,,,,,,,
			SalariesAndWages,,,,,,"7,284,000","7,510,000","7,453,000","7,600,000","7,579,000","5,912,000","7,210,000","5,550,000","6,041,000","744,000","-25,000","513,000","-291,000",,,,,,,,,,,,,,,,,,,,,,,,,,,,,,,,,,,,,,,,,,,,,,,,,,,,,,,,,,,,,,,,,,,,,,,,,,,,,,,,,,,,,,,,,,,,,,,,,,,,,,,,,,,,,,,,,,,,,,,,,,,,,,,,,,
			OtherGandA,,,,,,"145,230,000","157,063,000","126,117,000","121,371,000","123,888,000","135,771,000","120,322,000","132,213,000","142,561,000","148,832,000","136,002,000","141,031,000","137,441,000","130,046,000","130,280,000","157,208,000","126,138,000","123,614,000","121,583,000","126,611,000","134,193,000","138,348,000","130,341,000","130,887,000","96,665,000","146,284,000","110,507,000","126,455,000","123,750,000","127,377,000","117,935,000","121,848,000","120,011,000","112,025,000",,,,,,,,,,,,,,,,,,,,,,,,,,,,,,,,,,,,,,,,,,,,,,,,,,,,,,,,,,,,,,,,,,,,,,,,,,,,,,,,,,,,,,,,,,,,,,,,,,,,,,,,,,,,,
	DepreciationAmortizationDepletionIncomeStatement,,,,,,,,,,,,,,,,,,,,,,,,,,,,,,,,,,,,,,,,,,,,,,,,,,,,,,,,,,,,,,,,,,,,,,,,,,,,,,,,,,,,,,,,,,,,,,,"43,400,000","36,800,000","33,900,000","31,600,000","40,800,000","38,600,000","36,200,000","37,900,000","37,100,000","39,700,000","32,000,000","34,100,000","32,100,000","31,200,000","32,800,000","31,000,000","30,700,000","27,400,000","27,400,000","27,600,000","29,700,000","22,000,000","22,600,000","21,700,000","22,400,000","20,300,000","20,400,000","20,800,000","18,500,000","29,000,000","19,600,000","19,200,000","19,400,000","17,600,000","17,300,000","17,400,000","16,800,000","16,800,000","17,600,000",,,,,,,,,,,,,,,
		DepreciationAndAmortizationInIncomeStatement,,,,,,,,,,,,,,,,,,,,,,,,,,,,,,,,,,,,,,,,,,,,,,,,,,,,,,,,,,,,,,,,,,,,,,,,,,,,,,,,,,,,,,,,,,,,,,,"43,400,000","36,800,000","33,900,000","31,600,000","40,800,000","38,600,000","36,200,000","37,900,000","37,100,000","39,700,000","32,000,000","34,100,000","32,100,000","31,200,000","32,800,000","31,000,000","30,700,000","27,400,000","27,400,000","27,600,000","29,700,000","22,000,000","22,600,000","21,700,000","22,400,000","20,300,000","20,400,000","20,800,000","18,500,000","29,000,000","19,600,000","19,200,000","19,400,000","17,600,000","17,300,000","17,400,000","16,800,000","16,800,000","17,600,000",,,,,,,,,,,,,,,
OperatingIncome,"552,262,000","181,203,000","110,062,000","127,151,000","133,846,000","132,671,000","117,693,000","130,893,000","126,612,000","142,702,000","111,116,000","145,163,000","143,123,000","127,560,000","105,476,000","123,634,000","135,429,000","113,161,000","112,374,000","120,593,000","78,667,000","94,084,000","91,173,000","113,790,000","115,402,000","111,060,000","100,995,000","99,032,000","109,429,000","126,782,000","103,311,000","117,157,000","105,282,000","88,553,000","93,810,000","106,102,000","100,716,000","85,705,000","91,975,000","95,899,000","97,988,000","94,055,000","78,762,000","96,816,000","91,817,000","91,911,000","92,618,000","97,051,000","92,885,000","79,622,000","85,007,000","74,971,000","67,695,000","51,914,000","75,854,000","91,747,000","93,780,000","88,253,000","87,948,000","90,398,000","70,251,000","95,479,000","93,095,000","92,791,000","85,363,000","74,839,000","78,461,000","78,118,000","71,886,000","67,519,000","68,128,000","68,452,000","66,180,000","51,087,000","50,804,000","48,805,000","57,749,000","56,362,000","65,288,000","63,355,000","70,448,000","64,596,000","67,823,000","71,761,000","69,372,000","68,566,000","83,704,000","78,496,000","85,513,000","84,235,000","92,900,000","80,500,000","81,000,000","75,300,000","41,600,000","72,500,000","86,000,000","87,900,000","91,300,000","80,400,000","90,500,000","80,100,000","78,300,000","79,100,000","89,500,000","82,500,000","81,500,000","77,500,000","80,500,000","70,000,000","66,700,000","61,400,000","61,900,000","54,300,000","52,700,000","51,300,000","57,600,000","50,400,000","42,800,000","52,700,000","55,600,000","45,700,000","46,900,000","48,300,000","43,400,000","36,800,000","-26,500,000","46,300,000","50,800,000","44,400,000","40,000,000","47,200,000","51,200,000","433,100,000","-1,008,400,000","408,900,000","410,700,000","376,200,000","-797,000,000","344,400,000","342,700,000","248,200,000","-608,000,000","240,600,000","247,000,000","226,100,000","-544,400,000","225,800,000"
NetNonOperatingInterestIncomeExpense,"-60,569,000","-19,065,000","-12,491,000","-14,219,000","-14,794,000","-17,731,000","-18,759,000","-18,581,000","-18,685,000","-16,045,000","-15,510,000","-14,756,000","-15,952,000","-15,385,000","-15,173,000","-14,502,000","-15,127,000","-13,355,000","-14,248,000","-13,647,000","-12,792,000","-12,058,000","-11,789,000","-12,437,000","-13,544,000","-13,787,000","-14,089,000","-13,687,000","-13,601,000","-13,221,000","-13,695,000","-12,918,000","-13,135,000","-12,643,000","-13,765,000","-14,286,000","-14,407,000","-14,268,000","-14,464,000","-14,852,000","-15,248,000","-15,421,000","-12,829,000","-8,334,000","-8,174,000","-8,737,000","-9,667,000","-8,444,000","-8,558,000","-8,437,000","-9,462,000","-9,401,000","-10,071,000","-9,631,000",,,,,,,,,,,,,,,,,,,,,,,,,,,,,,,,,,,,,,,,,,,,,,,,,,,,,,,,,,,,,,,,,,,,,,,,,,,,,,,,,,,,,,,,,,,,,,
	InterestIncomeNonOperating,"5,502,000","1,516,000","733,000","534,000","2,719,000","770,000","818,000","796,000","878,000","484,000","1,219,000","2,530,000","846,000","647,000","973,000","1,487,000","1,090,000","1,440,000","1,323,000","1,094,000","1,031,000","1,027,000","967,000","696,000","548,000","402,000","532,000","653,000","636,000","554,000","871,000","702,000","535,000","641,000","748,000","833,000","729,000","877,000","1,271,000","1,056,000","957,000","845,000","1,007,000","953,000","1,161,000","637,000","701,000","732,000","381,000","493,000","363,000","801,000","538,000","725,000",,,,,,,,,,,,,,,,,,,,,,,,,,,,,,,,,,,,,,,,,,,,,,,,,,,,,,,,,,,,,,,,,,,,,,,,,,,,,,,,,,,,,,,,,,,,,,
	InterestExpenseNonOperating,"66,071,000","20,581,000","13,224,000","14,753,000","17,513,000","18,501,000","19,577,000","19,377,000","19,563,000","16,529,000","16,729,000","17,286,000","16,798,000","16,032,000","16,146,000","15,989,000","16,217,000","14,795,000","15,571,000","14,741,000","13,823,000","13,085,000","12,756,000","13,133,000","14,092,000","14,189,000","14,621,000","14,340,000","14,237,000","13,775,000","14,566,000","13,620,000","13,670,000","13,284,000","14,513,000","15,119,000","15,136,000","15,145,000","15,735,000","15,908,000","16,205,000","16,266,000","13,836,000","9,287,000","9,335,000","9,374,000","10,368,000","9,176,000","8,939,000","8,930,000","9,825,000","10,202,000","10,609,000","10,356,000",,,,,,,,,,,,,,,,,,,,,,,,,,,,,,,,,,,,,,,,,,,,,,,,,,,,,,,,,,,,,,,,,,,,,,,,,,,,,,,,,,,,,,,,,,,,,,
	TotalOtherFinanceCost,,,,,,,,,,,,,,,,,,,,,,,,,,,,,,,,,,,,,,,,,"15,248,000",,,,,,,,,,,,,,,,,,,,,,,,,,,,,,,,,,,,,,,,,,,,,,,,,,,,,,,,,,,,,,,,,,,,,,,,,,,,,,,,,,,,,,,,,,,,,,,,,,,,,,,,,,,
OtherIncomeExpense,"-599,297,000","-13,466,000","-10,919,000","-1,164,000","-573,748,000","-19,646,000","-107,973,000","-31,602,000","-30,485,000","-20,178,000","-35,150,000","-13,825,000","-18,905,000","-16,713,000","-12,124,000","-22,036,000","-4,080,000","-2,772,000","-25,900,000","-511,000","-7,897,000","-4,111,000","102,862,000","-8,947,000","-23,278,000","-9,228,000","-21,000,000","-19,551,000","-10,445,000","359,000","-11,221,000","-5,908,000","-3,671,000","-1,992,000","-6,253,000","-5,818,000","-8,678,000","-4,289,000","-8,694,000","444,000","-9,396,000","-15,212,000","-12,883,000","-12,048,000","-9,578,000","-2,317,000","-5,375,000","-12,166,000","-2,511,000","-3,947,000","-9,047,000","-158,000","-10,386,000","-7,210,000","-37,502,000","-1,960,000","-5,282,000","-55,317,000","-4,179,000","-13,840,000","-117,000","-4,338,000","-15,550,000","2,232,000","556,000","394,000","1,415,000","-1,174,000","-4,597,000","-1,956,000","-4,798,000","1,743,000","-3,108,000","-74,000","-15,261,000","-21,611,000","-6,147,000","306,000","-588,000","-4,925,000","265,000","38,000","-9,976,000","7,111,000","-8,625,000","-43,048,000","1,376,000","-3,485,000","2,308,000","1,960,000","2,000,000","1,900,000","6,900,000","5,700,000","18,700,000","3,100,000","88,900,000","1,900,000","-224,800,000","1,500,000","100,000","800,000","900,000","1,300,000","1,500,000","700,000","900,000","1,300,000","2,100,000","1,000,000","1,500,000","1,000,000","600,000","400,000","7,900,000","1,700,000","1,600,000","1,700,000","-34,900,000","400,000","800,000","200,000","800,000","200,000","600,000","9,600,000","76,500,000","-72,400,000","1,400,000","1,700,000","2,500,000","1,200,000","2,500,000",,,,,,,,,,,,,,,
	EarningsFromEquityInterest,,,,,,,,,,,,,,,,,,,,,,,,,,,,,,,,,,,,,,,,,,,,,,,,,,,,,,,,"3,570,000","5,488,000","6,221,000","4,516,000","3,561,000","3,172,000","2,468,000","4,437,000","3,296,000","3,120,000","2,749,000","4,192,000","3,101,000","4,546,000","3,086,000","5,940,000","2,891,000","2,660,000","1,254,000","1,660,000","2,559,000","1,681,000","1,643,000","2,459,000","1,521,000","1,980,000","1,477,000",,"990,000","-580,000","1,235,000",,,,,,,,,,,,,,,,,,,,,,,,,,,,,,,,,,,,,,,,,,,,,,,,,,,,,,,,,,,,,,
	SpecialIncomeCharges,"-36,841,000","-12,142,000","-5,321,000","-639,000","-18,739,000","-12,362,000","-100,463,000","-24,149,000","-22,885,000","-12,599,000","-29,238,000","-6,615,000","-13,355,000","-10,672,000","-11,380,000","-22,061,000","-3,567,000","-3,063,000","-25,900,000","-511,000","-7,897,000","-4,111,000","102,862,000","-8,947,000","-23,278,000","-9,228,000","-21,000,000","-19,551,000","-10,445,000","359,000","-11,221,000","-5,908,000","-3,671,000","-1,992,000","-6,253,000","-5,818,000","-8,678,000","-4,289,000","-8,694,000","444,000","-9,396,000","-15,212,000","-12,883,000","-12,048,000","-9,578,000","-2,317,000","-5,375,000","-12,166,000","-2,511,000","-3,947,000","-9,047,000","-158,000","-10,386,000","-7,210,000","-22,223,000","-5,530,000","-10,770,000","-61,538,000","-8,695,000","-17,401,000","-3,289,000","-6,806,000","-19,987,000","-1,064,000","-2,564,000","-2,355,000","-2,777,000","-4,275,000","-9,143,000","-5,042,000","-10,738,000","-1,148,000","-5,768,000","-1,328,000","-16,921,000","-24,170,000","-7,828,000","-1,337,000","-3,047,000","-6,446,000","-1,715,000","-1,439,000","-8,331,000","6,121,000","-8,045,000","-44,283,000","1,376,000","-3,485,000","2,308,000","1,960,000","2,000,000","1,900,000","6,900,000","5,700,000","18,700,000","3,100,000","88,900,000","1,900,000","-224,800,000","1,500,000","100,000","800,000","900,000","1,300,000","1,500,000","700,000","900,000","1,300,000","2,100,000","1,000,000","1,500,000","1,000,000","600,000","400,000","7,900,000","1,700,000","1,600,000","1,700,000","-34,900,000","400,000","800,000","200,000","800,000","200,000","600,000","9,600,000","76,500,000","-72,400,000","1,400,000","1,700,000","2,500,000","1,200,000","2,500,000",,,,,,,,,,,,,,,
		RestructuringAndMergernAcquisition,"10,923,000","5,308,000","287,000","3,488,000","-1,853,000","2,697,000","8,096,000","24,149,000","22,885,000","12,599,000","4,503,000","6,615,000","13,355,000","10,672,000","6,031,000","22,061,000","3,567,000","3,063,000","6,423,000","309,000","7,559,000","4,111,000","-3,075,000","6,330,000","23,278,000","9,228,000","8,657,000","7,486,000","10,445,000","-359,000","5,812,000","3,178,000","3,671,000","1,992,000","-1,985,000","5,818,000","8,678,000","4,289,000","267,000","-444,000","9,396,000","15,212,000","12,883,000","12,048,000","9,578,000","2,317,000","5,375,000","12,166,000","2,511,000","3,947,000","9,047,000","158,000","10,386,000","7,210,000","22,223,000","5,530,000","10,770,000","61,538,000","8,695,000","17,401,000","3,289,000","6,806,000","19,987,000","1,064,000","2,564,000","2,355,000","2,777,000","4,275,000","9,143,000","5,042,000","10,738,000","1,148,000","5,768,000","1,328,000",,"24,170,000","7,828,000","1,337,000",,,,,,,,,,,,,,,,,,,,,,,,,,,,,,,,,,,,,,,,,,,,,,,,,,,,,,,,,,,,,,,,,,,,,,
		ImpairmentOfCapitalAssets,,,,,,"4,149,000","52,487,000","16,605,000","6,073,000","2,686,000",,,,,,"0","0",,,"202,000","338,000",,,"2,617,000",,,,"12,065,000","0",,,"2,730,000",,,,,,,,,,,,,,,,,,,,,,,,,,,,,,,,,,,,,,,,,,,,,,,,,,,,,,,,,,,,,,,,,,,,,,,,,,,,,,,,,,,,,,,,,,,,,,,,,,,,,,,,,,,,,,,,,,,,
		WriteOff,"7,719,000","6,834,000",,,"408,000","4,149,000",,,,,,,,,"5,349,000","0","0",,"19,477,000","202,000","338,000",,"4,505,000","2,617,000",,,"12,343,000","12,065,000","0",,"5,409,000","2,730,000",,,,,,,,,,,,,,,,,,,,,,,,,,,,,,,,,,,,,,,,,,,,,,,,,,,,,,,,,,,,,,,,,,,,,,,,,,,,,,,,,,,,,,,,,,,,,,,,,,,,,,,,,,,,,,,,,,,,
		OtherSpecialCharges,,,"0",,"20,184,000",,,,,,,,,,,,,,,,,,,,,,,,,,,,,,,,,,,,,,,,,,,,,,,,,,,,,,,,,,,,,,,,,,,,,,,,,,,,,,,,,,,,,,,,,,,,,,,,,,,,,,,,,,,,,,,,,,,,,,,,,,,,,,,,,,,,,,,,,,,,,,,
		GainOnSaleOfBusiness,"2,849,000","0","0","2,849,000","0","-5,516,000","-14,516,000",,,,,,,,,,,,"0",,,,"104,292,000",,,,,,,,,,,,,,,,,,,,,,,,,,,,,,,,,,,,,,,,,,,,,,,,,,,,,,,,,,,,,,,,,,,,,,,,,,,,,,,,,,,,,,,,,,,,,,,,,,,,,,,,,,,,,,,,,,,,,,,,,,,,,
	OtherNonOperatingIncomeExpenses,"-562,456,000","-1,324,000","-5,598,000","-525,000","-555,009,000","-7,284,000","-7,510,000","-7,453,000","-7,600,000","-7,579,000","-5,912,000","-7,210,000","-5,550,000","-6,041,000","-744,000","25,000","-513,000","291,000",,,,,,,,,,,,,,,,,,,,,,,,,,,,,,,,,,,,,,,,,,,,,,,,,,,,,,,,,,,,,,,,,,,,,,,,,,,,,,,,,,,,,,,,,,,,,,,,,,,,,,,,,,,,,,,,,,,,,,,,,,,,,,,,,,
PretaxIncome,"-107,604,000","148,672,000","86,652,000","111,768,000","-454,696,000","95,294,000","-9,039,000","80,710,000","77,442,000","106,479,000","60,456,000","116,582,000","108,266,000","95,462,000","78,179,000","87,096,000","116,222,000","97,034,000","72,226,000","106,435,000","57,978,000","77,915,000","182,246,000","92,406,000","78,580,000","88,045,000","65,906,000","65,794,000","85,383,000","113,920,000","78,395,000","98,331,000","88,476,000","73,918,000","73,792,000","85,998,000","77,631,000","67,148,000","68,817,000","81,491,000","73,344,000","63,422,000","53,050,000","76,434,000","74,065,000","80,857,000","28,959,000","76,441,000","81,816,000","67,238,000","66,498,000","65,412,000","47,238,000","35,073,000","42,388,000","75,588,000","70,913,000","13,487,000","65,297,000","58,943,000","54,201,000","77,185,000","61,909,000","80,986,000","70,282,000","61,631,000","64,192,000","61,921,000","51,931,000","53,082,000","46,110,000","55,591,000","50,090,000","41,011,000","21,936,000","12,123,000","36,451,000","42,742,000","49,324,000","43,255,000","55,837,000","50,077,000","47,987,000","67,567,000","49,695,000","10,532,000","72,552,000","60,914,000","73,392,000","71,439,000","81,100,000","70,800,000","76,000,000","68,500,000","46,100,000","62,300,000","162,000,000","75,500,000","-148,400,000","68,000,000","75,600,000","67,400,000","63,300,000","66,000,000","77,300,000","71,600,000","70,500,000","67,000,000","72,100,000","61,400,000","59,600,000","53,000,000","53,600,000","46,100,000","51,400,000","46,100,000","51,900,000","44,600,000","700,000","45,900,000","48,200,000","38,500,000","39,600,000","42,100,000","37,500,000","39,200,000","43,200,000","-33,400,000","45,000,000","39,500,000","36,100,000","42,200,000","45,400,000",,,,,,,,,,,,,,,
TaxProvision,"-56,186,000","35,289,000","24,112,000","2,564,000","-118,151,000","24,045,000","3,693,000","-649,000","23,230,000","26,756,000","16,056,000","26,098,000","28,491,000","22,624,000","3,034,000","18,325,000","30,293,000","23,356,000","68,338,000","35,545,000","17,167,000","25,539,000","81,029,000","29,618,000","24,790,000","29,194,000","12,719,000","24,775,000","24,023,000","27,138,000","26,869,000","28,891,000","29,993,000","23,169,000","21,457,000","27,085,000","26,409,000","21,252,000","30,558,000","25,399,000","25,905,000","21,897,000","27,120,000","2,344,000","23,775,000","25,184,000","-2,368,000","21,091,000","25,851,000","19,911,000","23,906,000","16,436,000","15,084,000","11,392,000","8,126,000","21,807,000","18,415,000","6,449,000","15,645,000","-2,029,000","15,022,000","26,549,000","26,842,000","23,191,000","24,060,000","19,236,000","29,585,000","19,109,000","16,301,000","19,179,000","17,056,000","17,542,000","17,795,000","5,425,000","4,475,000","4,267,000","15,299,000","15,387,000","16,945,000","15,572,000","20,090,000","18,007,000","17,947,000","25,733,000","32,171,000","7,107,000","36,203,000","22,382,000","26,992,000","26,422,000","29,900,000","25,500,000","28,600,000","24,600,000","14,300,000","22,600,000","88,100,000","29,000,000","-21,800,000","26,100,000","29,600,000","26,200,000","22,300,000","26,100,000","30,500,000","28,400,000","28,300,000","26,400,000","28,000,000","23,900,000","23,200,000","20,500,000","20,800,000","18,000,000","19,800,000","17,600,000","20,100,000","17,700,000","-500,000","18,100,000","18,600,000","15,700,000","15,200,000","17,000,000","15,100,000","16,300,000","16,300,000","-4,500,000","17,400,000","14,700,000","11,400,000","16,400,000","16,800,000",,,,,,,,,,,,,,,
EarningsFromEquityInterestNetOfTax,"12,021,000","2,224,000","5,140,000","2,351,000","2,306,000","1,044,000","1,449,000","1,939,000","778,000","513,000","931,000","1,799,000","1,511,000","930,000","2,204,000","4,049,000","3,716,000","1,247,000","2,162,000","2,521,000","2,845,000","1,954,000","3,778,000","3,190,000","2,928,000","1,339,000","3,125,000","2,976,000","3,269,000","1,046,000","2,990,000","2,294,000","3,126,000","1,476,000","3,796,000","2,512,000","3,824,000","1,897,000","4,569,000","2,937,000","3,912,000","1,387,000","3,598,000","3,083,000","3,416,000","1,964,000","3,417,000","3,871,000","2,991,000","1,226,000","4,451,000","2,401,000","836,000","54,000",,,,,,,,,,,,,,,,,,,,,,,,,,,,,,,,,,,,,,,,,,,,,,,,,,,,,,,,,,,,,,,,,,,,,,,,,,,,,,,,,,,,,,,,,,,,,,
NetIncomeCommonStockholders,"-42,441,000","115,333,000","65,157,000","111,140,000","-334,070,000","72,297,000","-11,642,000","83,449,000","55,211,000","80,445,000","44,899,000","92,064,000","81,159,000","73,663,000","77,678,000","72,415,000","89,412,000","74,055,000","5,675,000","72,812,000","43,125,000","53,733,000","104,873,000","65,395,000","56,252,000","59,914,000","56,063,000","43,914,000","64,379,000","87,920,000","54,455,000","70,924,000","61,484,000","52,302,000","54,746,000","61,240,000","54,988,000","48,139,000","42,783,000","58,836,000","51,323,000","43,068,000","29,515,000","77,203,000","53,408,000","57,391,000","34,509,000","59,019,000","58,953,000","48,572,000","47,079,000","47,671,000","33,610,000","23,122,000","36,012,000","57,351,000","57,986,000","13,259,000","54,168,000","64,533,000","42,351,000","53,104,000","39,504,000","61,091,000","49,342,000","45,144,000","38,799,000","45,913,000","40,176,000","36,989,000","34,994,000","40,940,000","34,955,000","36,840,000","73,420,000","13,700,000","22,833,000","28,998,000","34,838,000","29,204,000","37,727,000","33,547,000","27,181,000","42,824,000","16,944,000","4,660,000","36,349,000","38,532,000","46,400,000","45,017,000","51,200,000","45,300,000","47,400,000","43,900,000","31,800,000","39,700,000","62,100,000","46,500,000","-126,600,000","41,300,000","44,700,000","40,100,000","39,500,000","38,100,000","44,900,000","41,300,000","40,200,000","38,700,000","42,200,000","37,500,000","34,400,000","30,600,000","30,900,000","26,200,000","30,300,000","28,500,000","31,800,000","26,900,000","-36,700,000","27,800,000","29,600,000","22,800,000","24,400,000","25,100,000","22,400,000","22,900,000","26,900,000","-28,900,000","27,600,000","24,800,000","24,700,000","25,800,000","28,600,000",,,,,,,,,,,,,,,
	NetIncome,"-42,441,000","115,333,000","65,157,000","111,140,000","-334,070,000","72,297,000","-11,642,000","83,449,000","55,211,000","80,445,000","44,899,000","92,064,000","81,159,000","73,663,000","77,678,000","72,415,000","89,412,000","74,055,000","5,675,000","72,812,000","43,125,000","53,733,000","104,873,000","65,395,000","56,252,000","59,914,000","56,063,000","43,914,000","64,379,000","87,920,000","54,455,000","70,924,000","61,484,000","52,302,000","54,746,000","61,240,000","54,988,000","48,139,000","42,783,000","58,836,000","51,323,000","43,068,000","29,515,000","77,203,000","53,408,000","57,391,000","34,509,000","59,019,000","58,953,000","48,572,000","47,079,000","47,671,000","33,610,000","23,122,000","36,012,000","57,351,000","57,986,000","13,259,000","54,168,000","64,533,000","42,351,000","53,104,000","39,504,000","61,091,000","49,342,000","45,144,000","38,799,000","45,913,000","40,176,000","36,989,000","34,994,000","40,940,000","34,955,000","36,840,000","73,420,000","13,700,000","22,833,000","28,998,000","34,838,000","29,204,000","37,727,000","33,547,000","27,181,000","42,824,000","16,944,000","4,660,000","36,349,000","38,532,000","46,400,000","45,017,000","51,200,000","45,300,000","47,400,000","43,900,000","31,800,000","39,700,000","62,100,000","46,500,000","-126,600,000","41,900,000","46,000,000","41,200,000","41,000,000","39,900,000","46,800,000","43,200,000","42,200,000","40,600,000","44,100,000","37,500,000","36,400,000","32,500,000","32,800,000","28,100,000","31,600,000","28,500,000","31,800,000","26,900,000","-36,700,000","27,800,000","29,600,000","22,800,000","24,400,000","25,100,000","22,400,000","22,900,000","26,900,000","-28,900,000","27,600,000","24,800,000","24,700,000","25,800,000","28,600,000",,,,,,,,,,,,,,,
		NetIncomeIncludingNoncontrollingInterests,"-39,397,000","115,607,000","67,680,000","111,555,000","-334,239,000","72,293,000","-11,283,000","83,298,000","54,990,000","80,236,000","45,331,000","92,283,000","81,286,000","73,768,000","77,349,000","72,820,000","89,645,000","74,925,000","6,050,000","73,411,000","43,656,000","54,330,000","104,995,000","65,978,000","56,718,000","60,190,000","56,312,000","43,995,000","64,629,000","87,828,000","54,516,000","71,734,000","61,609,000","52,225,000","56,131,000","61,425,000","55,046,000","47,793,000","42,828,000","59,029,000","51,351,000","42,912,000","29,528,000","77,173,000","53,706,000","57,637,000","34,744,000","59,221,000","58,956,000","48,553,000","47,043,000","51,377,000","32,990,000","23,735,000","36,012,000","57,351,000","57,986,000","13,259,000","54,168,000","64,533,000","42,351,000","53,104,000","39,504,000","61,091,000","49,342,000","45,144,000","38,799,000","45,913,000","40,176,000","36,989,000","34,994,000","40,940,000","34,955,000","36,840,000","73,420,000","13,700,000","22,833,000","28,998,000","34,838,000","29,204,000","37,727,000","33,547,000","27,181,000","42,824,000","16,944,000","4,660,000","36,349,000","38,532,000","46,400,000","45,017,000","51,200,000","45,300,000","47,400,000","43,900,000","31,800,000","39,700,000","62,100,000","46,500,000","-126,600,000","41,900,000","46,000,000","41,200,000","41,000,000","39,900,000","46,800,000","43,200,000","42,200,000","40,600,000","44,100,000","37,500,000","36,400,000","32,500,000","32,800,000","28,100,000","31,600,000","28,500,000","31,800,000","26,900,000","-36,700,000","27,800,000","29,600,000","22,800,000","24,400,000","25,100,000","22,400,000","22,900,000","26,900,000","-28,900,000","27,600,000","24,800,000","24,700,000","25,800,000","28,600,000","24,600,000","25,400,000","23,100,000","26,000,000","22,300,000","12,100,000","15,700,000","18,400,000","15,300,000","14,700,000","13,100,000","15,400,000","11,600,000","12,700,000","12,400,000"
			NetIncomeContinuousOperations,"-39,397,000","115,607,000","67,680,000","111,555,000","-334,239,000","72,293,000","-11,283,000","83,298,000","54,990,000","80,236,000","45,331,000","92,283,000","81,286,000","73,768,000","77,349,000","72,820,000","89,645,000","74,925,000","6,050,000","73,411,000","43,656,000","54,330,000","104,995,000","65,978,000","56,718,000","60,190,000","56,312,000","43,995,000","64,629,000","87,828,000","54,516,000","71,734,000","61,609,000","52,225,000","56,131,000","61,425,000","55,046,000","47,793,000","42,828,000","59,029,000","51,351,000","42,912,000","29,528,000","77,173,000","53,706,000","57,637,000","34,744,000","59,221,000","58,956,000","48,553,000","47,043,000","51,377,000","32,990,000","23,735,000","36,012,000","57,351,000","57,986,000","13,259,000","54,168,000","64,533,000","42,351,000","53,104,000","39,504,000","61,091,000","49,342,000","45,144,000","38,799,000","45,913,000","40,176,000","36,989,000","34,994,000","40,940,000","34,955,000","36,840,000","19,121,000","10,415,000","22,833,000","28,998,000","34,838,000","29,204,000","37,727,000","33,547,000","27,181,000","42,824,000","16,944,000","4,660,000","36,349,000","38,532,000","46,400,000","45,017,000","51,200,000","45,300,000","47,400,000","43,900,000","31,800,000","39,700,000","73,900,000","46,500,000","-126,600,000","41,900,000","46,000,000","41,200,000","41,000,000","39,900,000","46,800,000","43,200,000","42,200,000","40,600,000","44,100,000","37,500,000","36,400,000","32,500,000","32,800,000","28,100,000","31,600,000","28,500,000","31,800,000","26,900,000","1,200,000","27,800,000","29,600,000","22,800,000","24,400,000","25,100,000","22,400,000","22,900,000","26,900,000","-28,900,000","27,600,000","24,800,000","24,700,000","25,800,000","28,600,000","24,600,000","25,400,000","23,100,000","26,000,000","22,300,000","12,100,000","15,700,000","18,400,000","15,300,000","14,700,000","13,100,000","15,400,000","11,600,000","12,700,000","12,400,000"
			NetIncomeDiscontinuousOperations,,,,,,,,,,,,,,,,,,,,,,,,,,,,,,,,,,,,,,,,,,,,,,,,,,,,,,,,,,,,,,,,,,,,,,,,,,,"54,299,000","3,285,000",,,,,,,,,,,,,,,,,,,,,,,,,,,,,,,,,,,,,,,,,,,,,,,,,,,,,,,,,,,,,,,,,,,,,,,,
			NetIncomeFromTaxLossCarryforward,,,,,,,,,,,,,,,,,,,,,,,,,,,,,,,,,,,,,,,,,,,,,,,,,,,,,,,,,,,,,,,,,,,,,,,,,,,,,,,,,,,,,,,,,,,,,,,"0",,"-11,800,000",,,,,,,,,,,,,,,,,,,,,,,,,,,,,,,,,,,,,,,,,,,,,,,,,,,
		MinorityInterests,"-3,044,000","-274,000","-2,523,000","-415,000","169,000","4,000","-359,000","151,000","221,000","209,000","-432,000","-219,000","-127,000","-105,000","329,000","-405,000","-233,000","-870,000","-375,000","-599,000","-531,000","-597,000","-122,000","-583,000","-466,000","-276,000","-249,000","-81,000","-250,000","92,000","-61,000","-810,000","-125,000","77,000","-1,385,000","-185,000","-58,000","346,000","-45,000","-193,000","-28,000","156,000","-13,000","30,000","-298,000","-246,000","-235,000","-202,000","-3,000","19,000","36,000","-3,706,000","620,000","-613,000",,,,,,,,,,,,,,,,,,,,,,,,,,,,,,,,,,,,,,,,,,,,,,,,,,,,,,,,,,,,,,,,,,,,,,,,,,,,,,,,,,,,,,,,,,,,,,
	PreferredStockDividends,,,,,,,,,,,,,,,,,,,,,,,,,,,,,,,,,,,,,,,,,,,,,,,,,,,,,,,,,,,,,,,,,,,,,,,,,,,,,,,,,,,,,,,,,,,,,,,,,,,"0","600,000","1,300,000","1,100,000","1,500,000","1,800,000","1,900,000","1,900,000","2,000,000","1,900,000","1,900,000",,"2,000,000","1,900,000","1,900,000","1,900,000",,,,,,,,,,,,,,,,,,,,,,,,,,,,,,,,,,
	OtherunderPreferredStockDividend,,,,,,,,,,,,,,,,,,,,,,,,,,,,,,,,,,,,,,,,,,,,,,,,,,,,,"-620,000",,,,,,,,,,,,,,,,,,,,,,,,,,,,,,,,,,,,,,,,,,,,,,,,,,,,,,,,,,,,,,,,,,,,,,,,,,,,,,,,,,,,,,,,,,,,,,,
DilutedNIAvailtoComStockholders,"-42,441,000","115,333,000","65,157,000","111,140,000","-334,070,000","72,297,000","-11,642,000","83,449,000","55,211,000","80,445,000","44,899,000","92,064,000","81,159,000","73,663,000","77,678,000","72,415,000","89,412,000","74,055,000","5,675,000","72,812,000","43,125,000","53,733,000","104,873,000","65,395,000","56,252,000","59,914,000","56,063,000","43,914,000","64,379,000","87,920,000","54,455,000","70,924,000","61,484,000","52,302,000","54,746,000","61,240,000","54,988,000","48,139,000","42,783,000","58,836,000","51,323,000","43,068,000","29,515,000","77,203,000","53,408,000","57,391,000","34,509,000","59,019,000","58,953,000","48,572,000","47,079,000","47,671,000","33,610,000","23,122,000","36,012,000","57,351,000","57,986,000","13,259,000","54,168,000","64,533,000","42,351,000","53,104,000","39,504,000","61,091,000","49,342,000","45,144,000","38,799,000","45,913,000","40,176,000","36,989,000","34,994,000","40,940,000","34,955,000","36,840,000","73,420,000","13,700,000","22,833,000","28,998,000","34,838,000","29,204,000","37,727,000","33,547,000","27,181,000","42,824,000","16,944,000","4,660,000","36,349,000","38,532,000","46,400,000","45,017,000","51,200,000","45,300,000","47,400,000","43,900,000","31,800,000","39,700,000","62,100,000","46,500,000","-126,600,000","41,300,000","44,700,000","40,100,000","39,500,000","38,100,000","44,900,000","41,300,000","40,200,000","38,700,000","42,200,000","37,500,000","34,400,000","30,600,000","30,900,000","26,200,000","30,300,000","28,500,000","31,800,000","26,900,000","-36,700,000","27,800,000","29,600,000","22,800,000","24,400,000","25,100,000","22,400,000","22,900,000","26,900,000","-28,900,000","27,600,000","24,800,000","24,700,000","25,800,000","28,600,000",,,,,,,,,,,,,,,
BasicEPS,,"1.183","0.669","1.13","-3.32","0.719","-0.116","0.831","0.55","0.802","0.448","0.92","0.811","0.736","0.778","0.727","0.898","0.744","0.057","0.733","0.434","0.541","1.057","0.652","0.558","0.593","0.555","0.435","0.638","0.871","0.541","0.7","0.604","0.512","0.536","0.603","0.542","0.476","0.424","0.584","0.51","0.42",,"0.773","0.536","0.572",,"0.586","0.586","0.484",,"0.477","0.336","0.23",,"0.57","0.58","0.13",,"0.64","0.42","0.53",,"0.61","0.5","0.45",,"0.46","0.4","0.37",,"0.42","0.36","0.38",,"0.14","0.24","0.3",,"0.3","0.39","0.35",,"0.45","0.18","0.05",,"0.39","0.47","0.45",,"0.44","0.46","0.43",,"0.39","0.6","0.44",,"0.41","0.45","0.41",,"0.38","0.45","0.41",,"0.39","0.42","0.37",,"0.32","0.33","0.27",,"0.3","0.33","0.28",,"0.29","0.31","0.25",,"0.26","0.24","0.25",,"-0.3","0.29","0.26",,"0.27","0.3","0.25",,"0.25","0.27","0.24",,"0.16","0.19","0.16",,"0.14","0.16","0.13",,"0.13"
DilutedEPS,,"1.17","0.66","1.12","-3.34","0.71","-0.12","0.82","0.55","0.8","0.44","0.91","0.8","0.73","0.77","0.72","0.88","0.73","0.057","0.72","0.43","0.53","1.04","0.64","0.55","0.59","0.55","0.43","0.63","0.86","0.53","0.69","0.59","0.5","0.53","0.59","0.53","0.47","0.42","0.57","0.5","0.42",,"0.76","0.52","0.56",,"0.57","0.58","0.48",,"0.47","0.33","0.23",,"0.57","0.57","0.13",,"0.63","0.41","0.52",,"0.6","0.49","0.44",,"0.46","0.4","0.37",,"0.41","0.35","0.38",,"0.14","0.24","0.3",,"0.3","0.39","0.35",,"0.45","0.18","0.05",,"0.39","0.47","0.45",,"0.44","0.46","0.43",,"0.39","0.59","0.44",,"0.39","0.43","0.39",,"0.36","0.43","0.39",,"0.37","0.4","0.37",,"0.32","0.33","0.27",,"0.3","0.33","0.28",,"0.29","0.31","0.25",,"0.26","0.24","0.25",,"-0.3","0.29","0.26",,"0.27","0.3","0.25",,"0.25","0.27","0.24",,"0.16","0.19","0.16",,"0.14","0.16","0.13",,"0.13"
BasicAverageShares,,"97,492,000","97,370,000","98,326,000","98,829,000","100,607,000","100,447,000","100,416,000","100,330,000","100,329,000","100,198,000","100,082,000","100,075,000","100,036,000","99,829,000","99,650,000","99,578,000","99,563,000","99,414,000","99,398,000","99,396,000","99,384,000","99,193,000","99,941,000","100,299,000","100,752,000","100,944,000","100,937,000","100,916,000","100,899,000","100,603,000","101,356,000","101,760,000","102,161,000","102,147,000","101,503,000","101,382,000","101,185,000","100,847,000","100,699,000","100,643,000","102,600,000",,"99,955,000","99,883,000","99,649,000",,"100,690,000","101,165,000","100,280,000",,"100,661,000","100,612,000","100,612,000",,"100,371,000","100,220,000","100,089,000",,"100,775,000","100,990,000","100,714,000",,"99,569,000","99,342,000","100,424,000",,"99,332,000","99,245,000","98,970,000",,"98,057,000","97,890,000","97,608,000",,"96,858,000","96,696,000","96,672,000",,"96,524,000","96,409,000","95,946,000",,"95,483,000","95,266,000","95,123,000",,"99,478,000","99,452,000","100,908,000",,"102,954,545","103,043,478","102,093,023",,"101,794,872","103,500,000","105,681,818",,"100,731,707","99,333,333","97,804,878",,"100,263,158","99,777,778","100,731,707",,"99,230,769","100,476,190","101,351,351",,"95,625,000","93,636,364","97,037,037",,"95,000,000","96,363,636","96,071,429",,"95,862,069","95,483,871","91,200,000",,"96,538,462","93,333,333","91,600,000",,"96,333,333","95,172,414","95,384,615",,"95,555,556","95,333,333","96,488,000",,"96,365,000","96,365,000","96,609,000",,"96,458,000","96,409,000","96,405,000",,"96,352,000","96,348,000","96,326,000",,"96,114,000"
DilutedAverageShares,,"98,554,000","98,743,000","99,425,000","100,082,000","101,492,000","100,948,000","101,245,000","101,109,000","101,071,000","101,325,000","101,186,000","101,178,000","101,072,000","101,082,000","101,040,000","101,040,000","100,896,000","101,552,000","100,684,000","100,717,000","100,980,000","101,209,000","101,579,000","101,873,000","102,329,000","102,412,000","102,405,000","102,424,000","102,167,000","102,457,000","103,087,000","103,446,000","103,767,000","103,469,000","103,510,000","103,237,000","102,814,000","102,648,000","102,544,000","102,569,000","102,600,000",,"101,959,000","101,982,000","102,754,000",,"102,684,000","102,484,000","101,842,000",,"101,105,000","100,810,000","100,712,000",,"101,292,000","101,080,000","100,702,000",,"101,859,000","102,565,000","102,293,000",,"101,011,000","100,530,000","101,929,000",,"100,413,000","100,581,000","100,449,000",,"99,035,000","98,691,000","98,181,000",,"97,226,000","96,956,000","96,958,000",,"97,205,000","97,775,000","96,817,000",,"95,994,000","95,716,000","95,405,000",,"99,630,000","99,716,000","101,084,000",,"102,954,545","103,043,478","102,093,023",,"101,794,872","105,254,237","105,681,818",,"105,897,436","103,953,488","102,820,513",,"105,833,333","104,418,605","105,897,436",,"104,594,595","105,500,000","101,351,351",,"95,625,000","93,636,364","97,037,037",,"95,000,000","96,363,636","96,071,429",,"95,862,069","95,483,871","91,200,000",,"96,538,462","93,333,333","91,600,000",,"96,333,333","95,172,414","95,384,615",,"95,555,556","95,333,333","96,488,000",,"96,365,000","96,365,000","96,609,000",,"96,458,000","96,409,000","96,405,000",,"96,352,000","96,348,000","96,326,000",,"96,114,000"
TotalOperatingIncomeAsReported,"535,605,000","169,061,000","104,741,000","126,512,000","135,291,000","120,309,000","17,230,000","106,744,000","103,727,000","130,103,000","81,878,000","138,548,000","129,768,000","116,888,000","94,096,000","101,573,000","131,862,000","110,098,000",,,,,,,,,,,,,,,,,,,,,,"96,343,000","88,592,000","78,843,000",,"84,768,000","82,239,000","89,594,000",,"84,885,000","90,374,000","75,675,000",,"74,813,000",,,,,,,,,,,,,,,,,,,,,,,,,,,,,,,,,,,,,,,,,,,,,,,,,,,,,,,,,,,,,,,,,,,,,,,,,,,,,,,,,,,,,,,,,,,,,,,,
TotalExpenses,"5,455,854,000","1,589,779,000","1,329,125,000","1,288,042,000","1,248,908,000","1,220,633,000","1,258,655,000","1,181,421,000","1,118,873,000","1,160,594,000","1,197,734,000","1,208,768,000","1,216,598,000","1,224,145,000","1,250,140,000","1,241,128,000","1,230,944,000","1,191,026,000","1,186,644,000","1,204,041,000","1,162,007,000","1,078,240,000","1,051,024,000","1,094,934,000","1,090,278,000","1,115,216,000","1,166,140,000","1,143,560,000","1,139,161,000","1,076,482,000","1,214,643,000","1,146,417,000","1,142,098,000","1,097,073,000","1,121,064,000","1,121,647,000","1,125,540,000","1,093,508,000","1,083,895,000","1,099,631,000","1,104,371,000","1,118,315,000","1,050,811,000","1,027,355,000","1,036,048,000","1,025,412,000","1,034,529,000","954,674,000","917,231,000","855,511,000","916,904,000","855,589,000","796,536,000","748,715,000","858,718,000","971,503,000","992,787,000","949,743,000","972,170,000","939,366,000","924,181,000","860,200,000","896,443,000","838,731,000","831,647,000","743,930,000","876,447,000","802,940,000","806,284,000","746,919,000","816,870,000","742,665,000","697,722,000","644,329,000","679,401,000","639,272,000","673,098,000","625,082,000","662,882,000","654,035,000","641,906,000","589,640,000","608,761,000","577,504,000","578,287,000","564,202,000","585,335,000","598,973,000","603,173,000","592,064,000","661,500,000","539,500,000","530,800,000","485,200,000","598,400,000","534,500,000","551,600,000","585,400,000","645,100,000","629,200,000","623,700,000","607,500,000","647,300,000","624,300,000","600,400,000","586,700,000","600,800,000","609,500,000","611,200,000","575,100,000","540,500,000","529,800,000","502,500,000","483,100,000","486,900,000","410,800,000","420,900,000","416,500,000","441,200,000","409,900,000","406,000,000","384,100,000","399,500,000","372,500,000","378,800,000","370,900,000","455,800,000","369,300,000","369,900,000","359,100,000","364,700,000","355,300,000","364,200,000",,,,,,,,,,,,,,,
NetIncomeFromContinuingAndDiscontinuedOperation,"-42,441,000","115,333,000","65,157,000","111,140,000","-334,070,000","72,297,000","-11,642,000","83,449,000","55,211,000","80,445,000","44,899,000","92,064,000","81,159,000","73,663,000","77,678,000","72,415,000","89,412,000","74,055,000","5,675,000","72,812,000","43,125,000","53,733,000","104,873,000","65,395,000","56,252,000","59,914,000","56,063,000","43,914,000","64,379,000","87,920,000","54,455,000","70,924,000","61,484,000","52,302,000","54,746,000","61,240,000","54,988,000","48,139,000","42,783,000","58,836,000","51,323,000","43,068,000","29,515,000","77,203,000","53,408,000","57,391,000","34,509,000","59,019,000","58,953,000","48,572,000","47,079,000","47,671,000","33,610,000","23,122,000","36,012,000","57,351,000","57,986,000","13,259,000","54,168,000","64,533,000","42,351,000","53,104,000","39,504,000","61,091,000","49,342,000","45,144,000","38,799,000","45,913,000","40,176,000","36,989,000","34,994,000","40,940,000","34,955,000","36,840,000","73,420,000","13,700,000","22,833,000","28,998,000","34,838,000","29,204,000","37,727,000","33,547,000","27,181,000","42,824,000","16,944,000","4,660,000","36,349,000","38,532,000","46,400,000","45,017,000","51,200,000","45,300,000","47,400,000","43,900,000","31,800,000","39,700,000","73,900,000","46,500,000","-126,600,000","41,900,000","46,000,000","41,200,000","41,000,000","39,900,000","46,800,000","43,200,000","42,200,000","40,600,000","44,100,000","37,500,000","36,400,000","32,500,000","32,800,000","28,100,000","31,600,000","28,500,000","31,800,000","26,900,000","1,200,000","27,800,000","29,600,000","22,800,000","24,400,000","25,100,000","22,400,000","22,900,000","26,900,000","-28,900,000","27,600,000","24,800,000","24,700,000","25,800,000","28,600,000",,,,,,,,,,,,,,,
NormalizedIncome,"-20,336,400","124,597,346","68,997,365.37","111,764,303","-320,203,140","81,543,776","61,695,990","101,077,770","71,230,500","89,881,651","66,371,925.764","97,197,240","91,001,635","81,805,736","88,616,360.685","89,843,190","92,048,013","76,379,817","21,215,000","73,152,326","48,684,488","56,495,592","43,155,800","71,470,013","72,197,430","66,078,304","73,010,273.389","56,094,273","71,888,955","87,646,442","61,830,129.103","75,095,048","63,910,531","53,670,504","59,180,772.807","65,225,330","60,715,480","51,072,676","48,434,100","58,530,385.294","57,400,345.713","53,027,924.001","37,888,950","88,881,524.217","59,911,444.542","58,986,339.191","38,002,750","67,828,252.888","60,670,611.653","51,350,185.981","52,873,607.718","47,789,299.517","40,679,550.87","27,990,132.467","53,974,735.35","61,285,605.096","65,959,198.99","53,258,700","60,779,699.466","75,843,650","44,728,441.948","57,568,968.789","51,496,200","61,850,314.943","51,028,252.639","46,763,967.63","40,465,200","48,868,722.614","46,449,037.107","40,209,280.434","41,760,034.526","41,725,743.232","38,673,857.257","37,992,330.058","32,590,072.803","26,077,750.144","27,529,800","29,853,683.754","36,838,219.224","33,329,410.195","38,824,947.687","34,468,555.405","32,396,229.958","39,034,192.638","21,771,000","31,229,800","35,523,400","40,736,485.34","44,940,832.788","43,781,913.843","49,937,361.282","44,084,322.034","43,096,578.947","40,247,007.299","18,900,650.759","37,724,558.587","20,560,000","45,329,801.325","65,176,819.407","40,975,735.294","45,939,153.439","40,710,979.228","40,417,061.611","39,114,090.909","45,891,849.935","42,777,653.631","41,660,000","39,812,238.806","42,815,533.981","36,889,250.814","35,483,892.617","31,886,792.453","32,432,835.821","27,856,182.213","26,743,190.661","27,449,023.861","30,819,653.179","25,874,663.677","22,140,000","27,557,734.205","29,108,713.693","22,680,000","23,907,070.707","24,980,000","22,040,000","17,140,000","-20,735,416.667","33,745,508.982","26,741,333.333","23,732,658.228","22,989,473.684","25,066,350.711","27,025,110.132",,,,,,,,,,,,,,,
InterestIncome,"5,502,000","1,516,000","733,000","534,000","2,719,000","770,000","818,000","796,000","878,000","484,000","1,219,000","2,530,000","846,000","647,000","973,000","1,487,000","1,090,000","1,440,000","1,323,000","1,094,000","1,031,000","1,027,000","967,000","696,000","548,000","402,000","532,000","653,000","636,000","554,000","871,000","702,000","535,000","641,000","748,000","833,000","729,000","877,000","1,271,000","1,056,000","957,000","845,000","1,007,000","953,000","1,161,000","637,000","701,000","732,000","381,000","493,000","363,000","801,000","538,000","725,000",,,,,,,,,,,,,,,,,,,,,,,,,,,,,,,,,,,,,,,,,,,,,,,,,,,,,,,,,,,,,,,,,,,,,,,,,,,,,,,,,,,,,,,,,,,,,,
InterestExpense,"66,071,000","20,581,000","13,224,000","14,753,000","17,513,000","18,501,000","19,577,000","19,377,000","19,563,000","16,529,000","16,729,000","17,286,000","16,798,000","16,032,000","16,146,000","15,989,000","16,217,000","14,795,000","15,571,000","14,741,000","13,823,000","13,085,000","12,756,000","13,133,000","14,092,000","14,189,000","14,621,000","14,340,000","14,237,000","13,775,000","14,566,000","13,620,000","13,670,000","13,284,000","14,513,000","15,119,000","15,136,000","15,145,000","15,735,000","15,908,000","16,205,000","16,266,000","13,836,000","9,287,000","9,335,000","9,374,000","10,368,000","9,176,000","8,939,000","8,930,000","9,825,000","10,202,000","10,609,000","10,356,000",,,,,,,,,,,,,,,,,,,,,,,,,,,,,,,,,,,,,,,,,,,,,,,,,,,,,,,,,,,,,,,,,,,,,,,,,,,,,,,,,,,,,,,,,,,,,,
NetInterestIncome,"-60,569,000","-19,065,000","-12,491,000","-14,219,000","-14,794,000","-17,731,000","-18,759,000","-18,581,000","-18,685,000","-16,045,000","-15,510,000","-14,756,000","-15,952,000","-15,385,000","-15,173,000","-14,502,000","-15,127,000","-13,355,000","-14,248,000","-13,647,000","-12,792,000","-12,058,000","-11,789,000","-12,437,000","-13,544,000","-13,787,000","-14,089,000","-13,687,000","-13,601,000","-13,221,000","-13,695,000","-12,918,000","-13,135,000","-12,643,000","-13,765,000","-14,286,000","-14,407,000","-14,268,000","-14,464,000","-14,852,000","-15,248,000","-15,421,000","-12,829,000","-8,334,000","-8,174,000","-8,737,000","-9,667,000","-8,444,000","-8,558,000","-8,437,000","-9,462,000","-9,401,000","-10,071,000","-9,631,000",,,,,,,,,,,,,,,,,,,,,,,,,,,,,,,,,,,,,,,,,,,,,,,,,,,,,,,,,,,,,,,,,,,,,,,,,,,,,,,,,,,,,,,,,,,,,,
EBIT,"-41,533,000","169,253,000","99,876,000","126,521,000","-437,183,000","113,795,000","10,538,000","100,087,000","97,005,000","123,008,000","77,185,000","133,868,000","125,064,000","111,494,000","94,325,000","103,085,000","132,439,000","111,829,000","87,797,000","121,176,000","71,801,000","91,000,000","195,002,000","105,539,000","92,672,000","102,234,000","80,527,000","80,134,000","99,620,000","127,695,000","92,961,000","111,951,000","102,146,000","87,202,000","88,305,000","101,117,000","92,767,000","82,293,000","84,552,000","97,399,000","89,549,000","79,688,000","66,886,000","85,721,000","83,400,000","90,231,000","39,327,000","85,617,000","90,755,000","76,168,000","76,323,000","75,614,000","57,847,000","45,429,000","-18,003,000","91,747,000","93,780,000","88,253,000","87,948,000","90,398,000","70,251,000","95,479,000","93,095,000","92,791,000","85,363,000","74,839,000","78,461,000","78,118,000","71,886,000","67,519,000","68,128,000","68,452,000","66,180,000","51,087,000","50,804,000","48,805,000","57,749,000","56,362,000","65,288,000","63,355,000","70,448,000","64,596,000","67,823,000","71,761,000","69,372,000","68,566,000","83,704,000","78,496,000","85,513,000","84,235,000","92,900,000","80,500,000","81,000,000","75,300,000","41,600,000","72,500,000","86,000,000","87,900,000","91,300,000","80,400,000","90,500,000","80,100,000","78,300,000","79,100,000","89,500,000","82,500,000","81,500,000","77,500,000","80,500,000","70,000,000","66,700,000","61,400,000","61,900,000","54,300,000","52,700,000","51,300,000","57,600,000","50,400,000","42,800,000","52,700,000","55,600,000","45,700,000","46,900,000","48,300,000","43,400,000","36,800,000","-26,500,000","46,300,000","50,800,000","44,400,000","40,000,000","47,200,000","51,200,000","433,100,000","-1,008,400,000","408,900,000","410,700,000","376,200,000","-797,000,000","344,400,000","342,700,000","248,200,000","-608,000,000","240,600,000","247,000,000","226,100,000","-544,400,000","225,800,000"
EBITDA,"206,556,000"
ReconciledCostOfRevenue,"4,852,542,000","1,399,417,000","1,175,562,000","1,157,462,000","1,120,101,000","1,075,403,000","1,101,592,000","1,055,304,000","997,502,000","1,036,706,000","1,061,963,000","1,088,446,000","1,084,385,000","1,081,584,000","1,101,308,000","1,105,126,000","1,089,913,000","1,053,585,000","1,056,598,000","1,073,761,000","1,004,799,000","952,102,000","927,410,000","973,351,000","963,667,000","981,023,000","1,027,792,000","1,013,219,000","1,008,274,000","979,817,000","1,068,359,000","1,035,910,000","1,015,643,000","973,323,000","993,687,000","1,003,712,000","1,003,692,000","973,497,000","971,870,000","989,301,000","985,817,000","995,509,000","944,829,000","937,431,000","936,775,000","923,114,000","927,481,000","852,141,000","817,592,000","759,375,000","808,068,000","757,504,000","705,947,000","659,766,000","776,361,000","878,514,000","891,886,000","851,594,000","868,841,000","842,485,000","804,358,000","770,514,000","796,268,000","749,954,000","742,984,000","662,593,000","766,409,000","717,666,000","717,426,000","666,122,000","728,484,000","657,572,000","620,753,000","573,834,000","599,857,000","567,662,000","601,649,000","551,478,000","591,610,000","582,089,000","567,064,000","519,027,000","541,054,000","514,009,000","511,302,000","495,481,000","368,165,000","529,972,000","533,804,000","524,638,000","439,200,000","476,100,000","466,600,000","425,900,000","449,500,000","430,900,000","455,800,000","486,500,000","527,400,000","517,600,000","511,800,000","497,800,000","530,400,000","505,800,000","490,200,000","478,800,000","492,300,000","507,200,000","507,900,000","473,800,000","440,100,000","439,300,000","415,100,000","396,200,000","393,200,000","341,300,000","348,200,000","347,400,000","363,200,000","342,800,000","340,000,000","322,100,000","337,400,000","311,600,000","315,100,000","307,800,000","316,500,000","309,300,000","308,800,000","300,600,000","306,400,000","299,900,000","306,500,000",,,,,,,,,,,,,,,
ReconciledDepreciation,"248,089,000","70,602,000","57,678,000","59,616,000","60,193,000","61,599,000","68,757,000","63,155,000","62,623,000","60,824,000","66,055,000","56,107,000","58,364,000","58,614,000","59,350,000","56,493,000","62,334,000","58,068,000","58,495,000","55,481,000","54,641,000","49,008,000","48,640,000","51,012,000","51,958,000","53,572,000","55,945,000","53,192,000","52,147,000","51,877,000","53,990,000","49,212,000","48,337,000","47,179,000","52,097,000","47,320,000","51,023,000","47,231,000","51,244,000","48,026,000","49,903,000","51,230,000","48,260,000","43,932,000","43,338,000","44,341,000","45,257,000","43,128,000","40,867,000","40,413,000","45,483,000","44,167,000","43,080,000","40,857,000","44,372,000","45,414,000","47,395,000","45,853,000","47,748,000","48,111,000","42,758,000","42,722,000","43,297,000","44,294,000","39,109,000","38,163,000","42,279,000","40,558,000","41,633,000","38,604,000","49,483,000","41,165,000","36,310,000","36,970,000","43,272,000","40,813,000","39,891,000","39,258,000","41,116,000","39,136,000","40,617,000","38,387,000",,,,,,,,,,,,,"43,400,000","36,800,000","33,900,000","31,600,000","40,800,000","38,600,000","36,200,000","37,900,000","37,100,000","39,700,000","32,000,000","34,100,000","32,100,000","29,900,000","32,800,000","31,000,000","30,700,000","27,200,000","27,300,000","27,600,000","29,700,000","20,700,000","23,600,000","21,700,000","22,400,000","20,200,000","19,900,000","20,800,000","18,500,000","18,900,000","20,000,000","19,200,000","19,400,000","18,100,000","17,300,000","17,400,000","16,800,000","15,300,000","17,600,000",,,,,,,,,,,,,,,
NetIncomeFromContinuingOperationNetMinorityInterest,"-42,441,000","115,333,000","65,157,000","111,140,000","-334,070,000","72,297,000","-11,642,000","83,449,000","55,211,000","80,445,000","44,899,000","92,064,000","81,159,000","73,663,000","77,678,000","72,415,000","89,412,000","74,055,000","5,675,000","72,812,000","43,125,000","53,733,000","104,873,000","65,395,000","56,252,000","59,914,000","56,063,000","43,914,000","64,379,000","87,920,000","54,455,000","70,924,000","61,484,000","52,302,000","54,746,000","61,240,000","54,988,000","48,139,000","42,783,000","58,836,000","51,323,000","43,068,000","29,515,000","77,203,000","53,408,000","57,391,000","34,509,000","59,019,000","58,953,000","48,572,000","47,079,000","47,671,000","33,610,000","23,122,000","36,012,000","57,351,000","57,986,000","13,259,000","54,168,000","64,533,000","42,351,000","53,104,000","39,504,000","61,091,000","49,342,000","45,144,000","38,799,000","45,913,000","40,176,000","36,989,000","34,994,000","40,940,000","34,955,000","36,840,000","19,121,000","10,415,000","22,833,000","28,998,000","34,838,000","29,204,000","37,727,000","33,547,000","27,181,000","42,824,000","16,944,000","4,660,000","36,349,000","38,532,000","46,400,000","45,017,000","51,200,000","45,300,000","47,400,000","43,900,000","31,800,000","39,700,000","73,900,000","46,500,000","-126,600,000","41,900,000","46,000,000","41,200,000","41,000,000","39,900,000","46,800,000","43,200,000","42,200,000","40,600,000","44,100,000","37,500,000","36,400,000","32,500,000","32,800,000","28,100,000","31,600,000","28,500,000","31,800,000","26,900,000","1,200,000","27,800,000","29,600,000","22,800,000","24,400,000","25,100,000","22,400,000","22,900,000","26,900,000","-28,900,000","27,600,000","24,800,000","24,700,000","25,800,000","28,600,000",,,,,,,,,,,,,,,
TotalUnusualItemsExcludingGoodwill,"-36,841,000","-12,142,000","-5,321,000","-639,000","-18,739,000","-12,362,000","-100,463,000","-24,149,000","-22,885,000","-12,599,000","-29,238,000","-6,615,000","-13,355,000","-10,672,000","-11,380,000","-22,061,000","-3,567,000","-3,063,000","-25,900,000","-511,000","-7,897,000","-4,111,000","102,862,000","-8,947,000","-23,278,000","-9,228,000","-21,000,000","-19,551,000","-10,445,000","359,000","-11,221,000","-5,908,000","-3,671,000","-1,992,000","-6,253,000","-5,818,000","-8,678,000","-4,289,000","-8,694,000","444,000","-9,396,000","-15,212,000","-12,883,000","-12,048,000","-9,578,000","-2,317,000","-5,375,000","-12,166,000","-2,511,000","-3,947,000","-9,047,000","-158,000","-10,386,000","-7,210,000","-22,223,000","-5,530,000","-10,770,000","-61,538,000","-8,695,000","-17,401,000","-3,289,000","-6,806,000","-19,987,000","-1,064,000","-2,564,000","-2,355,000","-2,777,000","-4,275,000","-9,143,000","-5,042,000","-10,738,000","-1,148,000","-5,768,000","-1,328,000","-16,921,000","-24,170,000","-7,828,000","-1,337,000","-3,047,000","-6,446,000","-1,715,000","-1,439,000","-8,331,000","6,121,000","-8,045,000","-44,283,000","1,376,000","-3,485,000","2,308,000","1,960,000","2,000,000","1,900,000","6,900,000","5,700,000","18,700,000","3,100,000","88,900,000","1,900,000","-224,800,000","1,500,000","100,000","800,000","900,000","1,300,000","1,500,000","700,000","900,000","1,300,000","2,100,000","1,000,000","1,500,000","1,000,000","600,000","400,000","7,900,000","1,700,000","1,600,000","1,700,000","-34,900,000","400,000","800,000","200,000","800,000","200,000","600,000","9,600,000","76,500,000","-72,400,000","1,400,000","1,700,000","2,500,000","1,200,000","2,500,000",,,,,,,,,,,,,,,
TotalUnusualItems,"-36,841,000","-12,142,000","-5,321,000","-639,000","-18,739,000","-12,362,000","-100,463,000","-24,149,000","-22,885,000","-12,599,000","-29,238,000","-6,615,000","-13,355,000","-10,672,000","-11,380,000","-22,061,000","-3,567,000","-3,063,000","-25,900,000","-511,000","-7,897,000","-4,111,000","102,862,000","-8,947,000","-23,278,000","-9,228,000","-21,000,000","-19,551,000","-10,445,000","359,000","-11,221,000","-5,908,000","-3,671,000","-1,992,000","-6,253,000","-5,818,000","-8,678,000","-4,289,000","-8,694,000","444,000","-9,396,000","-15,212,000","-12,883,000","-12,048,000","-9,578,000","-2,317,000","-5,375,000","-12,166,000","-2,511,000","-3,947,000","-9,047,000","-158,000","-10,386,000","-7,210,000","-22,223,000","-5,530,000","-10,770,000","-61,538,000","-8,695,000","-17,401,000","-3,289,000","-6,806,000","-19,987,000","-1,064,000","-2,564,000","-2,355,000","-2,777,000","-4,275,000","-9,143,000","-5,042,000","-10,738,000","-1,148,000","-5,768,000","-1,328,000","-16,921,000","-24,170,000","-7,828,000","-1,337,000","-3,047,000","-6,446,000","-1,715,000","-1,439,000","-8,331,000","6,121,000","-8,045,000","-44,283,000","1,376,000","-3,485,000","2,308,000","1,960,000","2,000,000","1,900,000","6,900,000","5,700,000","18,700,000","3,100,000","88,900,000","1,900,000","-224,800,000","1,500,000","100,000","800,000","900,000","1,300,000","1,500,000","700,000","900,000","1,300,000","2,100,000","1,000,000","1,500,000","1,000,000","600,000","400,000","7,900,000","1,700,000","1,600,000","1,700,000","-34,900,000","400,000","800,000","200,000","800,000","200,000","600,000","9,600,000","76,500,000","-72,400,000","1,400,000","1,700,000","2,500,000","1,200,000","2,500,000",,,,,,,,,,,,,,,
NormalizedEBITDA,"243,397,000","251,997,000","162,875,000","186,776,000","-358,251,000","187,756,000","179,758,000","187,391,000","182,513,000","196,431,000","172,478,000","196,590,000","196,783,000","180,780,000","165,055,000","181,639,000","198,340,000","172,960,000","172,192,000","177,168,000","134,339,000","144,119,000","140,780,000","165,498,000","167,908,000","165,034,000","157,472,000","152,877,000","162,212,000","179,213,000","158,172,000","167,071,000","154,154,000","136,373,000","146,655,000","154,255,000","152,468,000","133,813,000","144,490,000","144,981,000","148,848,000","146,130,000","128,029,000","141,701,000","136,316,000","136,889,000","89,959,000","140,911,000","134,133,000","120,528,000","130,853,000","119,939,000","111,313,000","93,496,000","48,592,000","142,691,000","151,945,000","195,644,000","144,391,000","155,910,000","116,298,000","145,007,000","156,379,000","138,149,000","127,036,000","115,357,000","123,517,000","122,951,000","122,662,000","111,165,000","128,349,000","110,765,000","108,258,000","89,385,000","110,997,000","113,788,000","105,468,000","96,957,000","109,451,000","108,937,000","112,780,000","104,422,000","76,154,000","65,640,000","77,417,000","112,849,000","82,328,000","81,981,000","83,205,000","82,275,000","90,900,000","78,600,000","74,100,000","69,600,000","66,300,000","106,200,000","31,000,000","117,600,000","356,900,000","117,500,000","126,600,000","117,200,000","114,500,000","117,500,000","120,000,000","115,900,000","112,700,000","107,400,000","111,200,000","100,000,000","95,900,000","87,800,000","88,700,000","81,500,000","74,500,000","71,600,000","79,600,000","70,400,000","100,100,000","72,600,000","75,200,000","66,300,000","64,600,000","77,100,000","62,800,000","46,400,000","-83,600,000","136,800,000","66,700,000","60,100,000","54,300,000","62,800,000","66,300,000","433,100,000","-1,008,400,000","408,900,000","410,700,000","376,200,000","-797,000,000","344,400,000","342,700,000","248,200,000","-608,000,000","240,600,000","247,000,000","226,100,000","-544,400,000","225,800,000"
TaxRateForCalcs,"0.4","0.237","0.278","0.023","0.26","0.252","0.27","0.27","0.3","0.251","0.266","0.224","0.263","0.237","0.039","0.21","0.261","0.241","0.4","0.334","0.296","0.328","0.4","0.321","0.315","0.332","0.193","0.377","0.281","0.238","0.343","0.294","0.339","0.313","0.291","0.315","0.34","0.316","0.35","0.312","0.353","0.345","0.35","0.031","0.321","0.311","0.35","0.276","0.316","0.296","0.36","0.251","0.319","0.325","0.192","0.288","0.26","0.35","0.24","0.35","0.277","0.344","0.4","0.286","0.342","0.312","0.4","0.309","0.314","0.361","0.37","0.316","0.355","0.132","0.204","0.352","0.4","0.36","0.344","0.36","0.36","0.36","0.374","0.381","0.4","0.4","0.4","0.367","0.368","0.37","0.369","0.36","0.376","0.359","0.31","0.363","0.4","0.384","0.147","0.384","0.392","0.389","0.352","0.395","0.395","0.397","0.4","0.394","0.388","0.389","0.389","0.387","0.388","0.39","0.385","0.382","0.387","0.397","0.4","0.394","0.386","0.4","0.384","0.4","0.4","0.4","0.377","0.135","0.387","0.372","0.316","0.389","0.37",,,,,,,,,,,,,,,
TaxEffectOfUnusualItems,"-14,736,400","-2,877,654","-1,480,634.63","-14,697","-4,872,140","-3,115,224","-27,125,010","-6,520,230","-6,865,500","-3,162,349","-7,765,074.236","-1,481,760","-3,512,365","-2,529,264","-441,639.315","-4,632,810","-930,987","-738,183","-10,360,000","-170,674","-2,337,512","-1,348,408","41,144,800","-2,871,987","-7,332,570","-3,063,696","-4,052,726.611","-7,370,727","-2,935,045","85,442","-3,845,870.897","-1,736,952","-1,244,469","-623,496","-1,818,227.193","-1,832,670","-2,950,520","-1,355,324","-3,042,900","138,385.294","-3,318,654.287","-5,252,075.999","-4,509,050","-369,475.783","-3,074,555.458","-721,660.809","-1,881,250","-3,356,747.112","-793,388.347","-1,168,814.019","-3,252,392.282","-39,700.483","-3,316,449.13","-2,341,867.533","-4,260,264.65","-1,595,394.904","-2,796,801.01","-21,538,300","-2,083,300.534","-6,090,350","-911,558.052","-2,341,031.211","-7,994,800","-304,685.057","-877,747.361","-735,032.37","-1,110,800","-1,319,277.386","-2,869,962.893","-1,821,719.566","-3,971,965.474","-362,256.768","-2,049,142.743","-175,669.942","-3,451,927.197","-8,507,249.856","-3,131,200","-481,316.246","-1,046,780.776","-2,320,589.805","-617,052.313","-517,444.595","-3,115,770.042","2,331,192.638","-3,218,000","-17,713,200","550,400","-1,280,514.66","848,832.788","724,913.843","737,361.282","684,322.034","2,596,578.947","2,047,007.299","5,800,650.759","1,124,558.587","35,560,000","729,801.325","-33,023,180.593","575,735.294","39,153.439","310,979.228","317,061.611","514,090.909","591,849.935","277,653.631","360,000","512,238.806","815,533.981","389,250.814","583,892.617","386,792.453","232,835.821","156,182.213","3,043,190.661","649,023.861","619,653.179","674,663.677","-13,960,000","157,734.205","308,713.693","80,000","307,070.707","80,000","240,000","3,840,000","28,864,583.333","-9,754,491.018","541,333.333","632,658.228","789,473.684","466,350.711","925,110.132",,,,,,,,,,,,,,,