name,ttm,03/31/2022,12/31/2021,09/30/2021,06/30/2021,03/31/2021,12/31/2020,09/30/2020,06/30/2020,03/31/2020,12/31/2019,09/30/2019,06/30/2019,03/31/2019,12/31/2018,09/30/2018,06/30/2018,03/31/2018,12/31/2017,09/30/2017,06/30/2017,03/31/2017,12/31/2016,09/30/2016,06/30/2016,03/31/2016,12/31/2015,09/30/2015,06/30/2015,03/31/2015,12/31/2014,09/30/2014,06/30/2014,03/31/2014,12/31/2013,09/30/2013,06/30/2013,03/31/2013,12/31/2012,09/30/2012,06/30/2012,03/31/2012,12/31/2011,09/30/2011,06/30/2011,03/31/2011,12/31/2010,09/30/2010,06/30/2010,03/31/2010,12/31/2009,09/30/2009,06/30/2009,03/31/2009,12/31/2008,09/30/2008,06/30/2008,03/31/2008,12/31/2007,09/30/2007,06/30/2007,03/31/2007,12/31/2006,09/30/2006,06/30/2006,03/31/2006,12/31/2005,09/30/2005,06/30/2005,03/31/2005,12/31/2004,09/30/2004,06/30/2004,03/31/2004,12/31/2003,09/30/2003,06/30/2003,03/31/2003,12/31/2002,09/30/2002,06/30/2002,03/31/2002,12/31/2001,09/30/2001,06/30/2001,03/31/2001,12/31/2000,09/30/2000,06/30/2000,03/31/2000,12/31/1999,09/30/1999,06/30/1999,03/31/1999,12/31/1998,09/30/1998,06/30/1998,03/31/1998,12/31/1997,09/30/1997,06/30/1997,03/31/1997,12/31/1996,09/30/1996,06/30/1996,03/31/1996,12/31/1995,09/30/1995,06/30/1995,03/31/1995,12/31/1994,09/30/1994,06/30/1994,03/31/1994,12/31/1993,09/30/1993,06/30/1993,03/31/1993,12/31/1992,09/30/1992,06/30/1992,03/31/1992,12/31/1991,09/30/1991,06/30/1991,03/31/1991,12/31/1990,09/30/1990,06/30/1990,03/31/1990,12/31/1989,09/30/1989,06/30/1989,03/31/1989,12/31/1988,09/30/1988,06/30/1988,03/31/1988,12/31/1987,09/30/1987,06/30/1987,03/31/1987,12/31/1986,09/30/1986,06/30/1986,03/31/1986,12/31/1985,09/30/1985
TotalRevenue,"3,066,600,000","807,800,000","757,200,000","-459,400,000","1,162,800,000","1,149,800,000","1,145,000,000","1,170,600,000","984,300,000","937,800,000","871,500,000","992,900,000","1,022,200,000","906,700,000","874,600,000","787,800,000","945,500,000","766,100,000","646,500,000","1,321,800,000","1,304,000,000","1,216,100,000","1,189,600,000","1,265,300,000","1,447,100,000","1,269,500,000","1,226,200,000","1,452,500,000","1,553,500,000","1,371,500,000","1,438,400,000","1,512,400,000","1,599,400,000","1,341,200,000","1,510,000,000","1,498,600,000","1,410,600,000","1,411,900,000","1,222,300,000","1,196,853,000","1,012,160,000","1,105,654,000","1,166,049,000","888,541,000","1,034,290,000","693,885,000","0","0","0","0","0","0","0","0",,,,,,,,,,"52,089,000","33,338,000","28,303,000","27,137,000","31,418,000","86,518,000","82,443,000","83,255,000","97,672,000","92,314,000","94,287,000","96,885,000","32,151,000","27,292,000","25,101,000","31,300,000","34,992,000","27,237,000","23,479,000","23,899,000","36,838,000","19,053,000","19,046,000","26,015,000","17,864,000","20,873,000","19,388,000","29,600,000","23,700,000","18,200,000","22,200,000","25,800,000","42,600,000","31,500,000","30,000,000","29,500,000","38,000,000","31,000,000","23,700,000","26,000,000","35,400,000","21,500,000","14,800,000","23,900,000","-23,500,000","36,700,000","38,100,000","46,000,000","-700,000","86,500,000","75,200,000","80,200,000","64,000,000","58,200,000","71,900,000","70,900,000","33,900,000","23,600,000","23,300,000","25,500,000","31,000,000","20,400,000","19,600,000","22,500,000","-29,800,000","39,200,000","39,700,000","42,700,000","51,800,000","51,700,000","38,600,000","45,200,000","61,500,000","47,700,000","44,300,000","40,300,000","55,700,000","27,500,000","28,200,000","35,900,000","60,900,000","51,600,000","47,300,000","60,000,000","54,600,000"
	OperatingRevenue,"3,066,600,000","807,800,000","757,200,000","-459,400,000","1,162,800,000","1,149,800,000","1,145,000,000","1,170,600,000","984,300,000","937,800,000","871,500,000","992,900,000","1,022,200,000","906,700,000","874,600,000","787,800,000","945,500,000","766,100,000","646,500,000","1,321,800,000","1,304,000,000","1,216,100,000","1,189,600,000","1,265,300,000","1,447,100,000","1,269,500,000","1,226,200,000","1,452,500,000","1,553,500,000","1,371,500,000","1,438,400,000","1,512,400,000","1,599,400,000","1,341,200,000","1,510,000,000","1,498,600,000","1,410,600,000","1,411,900,000","1,222,300,000","1,451,469,000","1,025,066,000","1,105,654,000","1,166,049,000","888,541,000","1,034,290,000","693,885,000","0","0","0","0","0","0","0","0",,,,,,,,,,"52,089,000","33,338,000","28,303,000","27,137,000","31,418,000","86,518,000","82,443,000","83,255,000","97,672,000","92,314,000","94,287,000","96,885,000","32,151,000","27,292,000","25,101,000","31,300,000","34,992,000","27,237,000","23,479,000","23,899,000","36,838,000","19,053,000","19,046,000","26,015,000","17,864,000","20,873,000","19,388,000","29,600,000","23,700,000","18,200,000","22,200,000","25,800,000","42,600,000","31,500,000","30,000,000","29,500,000","38,000,000","31,000,000","23,700,000","26,000,000","35,400,000","21,500,000","14,800,000","23,900,000","-23,500,000","36,700,000","38,100,000","46,000,000","-700,000","86,500,000","75,200,000","80,200,000","64,000,000","58,200,000","71,900,000","70,900,000","33,900,000","23,600,000","23,300,000","25,500,000","31,000,000","20,400,000","19,600,000","22,500,000","-29,800,000","39,200,000","39,700,000","42,700,000","51,800,000","51,700,000","38,600,000","45,200,000","61,500,000","47,700,000","44,300,000","40,300,000","55,700,000","27,500,000","28,200,000","35,900,000","60,900,000","51,600,000","47,300,000","60,000,000","54,600,000"
CostOfRevenue,"2,070,900,000","552,200,000","537,900,000","-260,300,000","755,400,000","745,800,000","722,700,000","747,600,000","635,400,000","608,900,000","602,400,000","658,400,000","661,200,000","601,200,000","569,300,000","497,900,000","590,900,000","494,800,000","403,800,000","825,500,000","830,600,000","714,700,000","761,800,000","728,600,000","840,000,000","756,000,000","795,200,000","860,400,000","813,600,000","730,300,000","732,500,000","797,900,000","732,600,000","679,200,000","735,500,000","758,400,000","725,100,000","673,700,000","582,100,000","552,651,000","533,107,000","486,254,000","564,745,000","546,834,000","510,941,000","438,446,000","0","0","0","0","0","0","0","0",,,,,,,,,,"44,748,000","28,002,000","21,311,000","23,485,000","24,032,000","74,953,000","70,975,000","75,216,000","83,803,000","76,123,000","79,136,000","86,207,000","28,553,000","21,114,000","18,679,000","24,791,000","27,259,000","20,331,000","16,924,000","17,520,000","32,072,000","17,077,000","15,848,000","29,448,000","30,774,000","18,413,000","16,029,000","25,600,000","23,600,000","14,500,000","14,700,000","16,500,000","33,200,000","17,100,000","16,100,000","17,600,000","30,900,000","21,900,000","17,600,000","20,100,000","25,600,000","15,400,000","10,700,000","19,200,000","-25,600,000","19,700,000","33,100,000","39,200,000","-7,000,000","68,400,000","64,900,000","70,100,000","62,300,000","49,600,000","64,900,000","61,800,000","28,600,000","12,900,000","13,000,000","16,300,000","25,900,000","13,200,000","12,300,000","14,700,000","-17,900,000","30,400,000","26,000,000","26,800,000","25,000,000","36,100,000",,,,,,,,,,,,,,,
GrossProfit,"995,700,000","255,600,000","219,300,000","-199,100,000","407,400,000","404,000,000","422,300,000","423,000,000","348,900,000","328,900,000","269,100,000","334,500,000","361,000,000","305,500,000","305,300,000","289,900,000","354,600,000","271,300,000","242,700,000","496,300,000","473,400,000","501,400,000","427,800,000","536,700,000","607,100,000","513,500,000","431,000,000","592,100,000","739,900,000","641,200,000","705,900,000","714,500,000","866,800,000","662,000,000","774,500,000","740,200,000","685,500,000","738,200,000","640,200,000","644,202,000","479,053,000","619,400,000","601,304,000","341,707,000","523,349,000","255,439,000","0","0","0","0","0","0","0","0",,,,,,,,,,"7,341,000","5,336,000","6,992,000","3,652,000","7,386,000","11,565,000","11,468,000","8,039,000","13,869,000","16,191,000","15,151,000","10,678,000","3,598,000","6,178,000","6,422,000","6,509,000","7,733,000","6,906,000","6,555,000","6,379,000","4,766,000","1,976,000","3,198,000","-3,433,000","-12,910,000","2,460,000","3,359,000","4,000,000","100,000","3,700,000","7,500,000","9,300,000","9,400,000","14,400,000","13,900,000","11,900,000","7,100,000","9,100,000","6,100,000","5,900,000","9,800,000","6,100,000","4,100,000","4,700,000","2,100,000","17,000,000","5,000,000","6,800,000","6,300,000","18,100,000","10,300,000","10,100,000","1,700,000","8,600,000","7,000,000","9,100,000","5,300,000","10,700,000","10,300,000","9,200,000","5,100,000","7,200,000","7,300,000","7,800,000","-11,900,000","8,800,000","13,700,000","15,900,000","26,800,000","15,600,000",,,,,,,,,,,,,,,
OperatingExpense,"878,800,000","228,300,000","211,100,000","10,500,000","288,500,000","274,700,000","269,200,000","281,300,000","234,600,000","242,000,000","236,400,000","243,200,000","243,200,000","246,200,000","270,700,000","232,700,000","205,500,000","242,400,000","216,100,000","393,100,000","325,200,000","357,900,000","310,100,000","347,900,000","382,700,000","370,100,000","332,500,000","475,500,000","551,500,000","565,900,000","638,700,000","569,600,000","637,700,000","564,800,000","595,200,000","480,500,000","502,900,000","604,200,000","424,800,000","498,916,000","377,640,000","504,552,000","427,675,000","341,865,000","374,238,000","233,010,000","3,970,000","7,803,000","3,335,000","3,738,000","2,515,000","1,401,000","1,173,000","1,200,000","828,000","856,000","688,000","865,000","852,000","866,000","711,000","959,000","-22,336,000","16,100,000","5,871,000","5,094,000","7,565,000","17,921,000","9,385,000","9,288,000","8,606,000","10,227,000","9,262,000","9,587,000","10,161,000","3,512,000","2,738,000","3,676,000","3,253,000","2,089,000","3,436,000","3,128,000","4,300,000","2,617,000","2,968,000","2,577,000","6,398,000","5,674,000","6,451,000","7,203,000","15,200,000","4,200,000","6,600,000","4,800,000","4,200,000","5,400,000","5,200,000","4,700,000","3,700,000","4,700,000","4,100,000","3,200,000","2,600,000","8,600,000","2,700,000","2,700,000","2,400,000","-100,000","15,600,000","5,400,000","5,300,000","42,700,000","15,400,000","9,100,000","7,900,000","400,000","9,200,000","7,200,000","6,600,000","6,700,000","6,200,000","5,800,000","6,000,000","5,700,000","5,700,000","6,200,000","6,700,000","-17,100,000","16,800,000","17,900,000","16,700,000","32,400,000","17,100,000",,,,,,,,,,,,,,,
	SellingGeneralAndAdministration,"847,600,000","220,100,000","203,500,000","16,800,000","275,400,000","262,200,000","258,700,000","269,200,000","224,900,000","231,900,000","226,500,000","232,400,000","232,700,000","235,000,000","259,600,000","225,500,000","198,600,000","242,400,000","216,100,000","393,100,000","325,200,000","324,900,000","321,700,000","295,800,000","328,700,000","311,000,000","308,100,000","363,000,000","395,600,000","352,500,000","365,400,000","355,500,000","331,900,000","330,900,000","317,100,000","340,900,000","310,700,000","314,300,000","254,600,000","-327,133,000","350,760,000","461,535,000","385,593,000","374,320,000","352,898,000","233,010,000","3,970,000","7,803,000","3,335,000","3,738,000","2,515,000","1,401,000","1,173,000","1,200,000","828,000","856,000","688,000","865,000","852,000","866,000","711,000","959,000","-9,903,000","4,100,000","5,678,000","4,854,000","5,005,000","4,738,000","9,385,000","9,288,000","8,606,000","10,227,000","9,262,000","9,587,000","10,161,000","3,512,000","2,738,000","3,676,000","3,253,000","2,089,000","3,436,000","3,128,000","3,897,000","2,617,000","2,968,000","2,980,000","5,508,000","3,125,000","2,888,000","4,219,000","9,100,000","2,900,000","4,000,000","2,800,000","2,200,000","4,300,000","3,200,000","3,400,000","2,000,000","3,800,000","3,200,000","2,200,000","1,600,000","2,000,000","1,800,000","1,900,000","1,600,000","1,100,000","2,200,000","2,500,000","2,500,000","30,700,000","5,100,000","5,100,000","4,400,000","3,600,000","3,800,000","3,700,000","2,900,000","3,200,000","2,400,000","2,500,000","2,100,000","2,700,000","2,000,000","2,100,000","2,100,000","-1,000,000","4,200,000","5,100,000","4,000,000","4,500,000","4,500,000",,,,,,,,,,,,,,,
		GeneralAndAdministrativeExpense,"297,000,000","76,000,000","67,500,000","39,500,000","85,600,000","89,000,000","91,900,000","92,100,000","83,600,000","81,900,000","80,400,000","91,000,000","80,600,000","83,600,000","104,000,000","97,000,000","74,700,000",,,,,,,,,,,,,,,,,,,,,,,,"350,760,000","461,535,000","385,593,000","374,320,000","352,898,000",,,,,,,,,,,,,,,,,,,,,,,,,,,,,,,,,,,,,,,,,,,,,,,,,,,,,,,,,,,,,,,,,,,,,,,,,,,,,,,,,,,,,,,,,,,,,,,,,,,,,,,
			SalariesAndWages,,,,,,,,,,,,,,,,,,,,,,,,,,,,,,,,,,,,,,,,,"140,990,000","241,838,000","176,874,000","117,673,000","129,959,000",,,,,,,,,,,,,,,,,,,,,,,,,,,,,,,,,,,,,,,,,,,,,,,,,,,,,,,,,,,,,,,,,,,,,,,,,,,,,,,,,,,,,,,,,,,,,,,,,,,,,,,
			OtherGandA,"297,000,000","76,000,000","67,500,000","39,500,000","85,600,000","89,000,000","91,900,000","92,100,000","83,600,000","81,900,000","80,400,000","91,000,000","80,600,000","83,600,000","104,000,000","97,000,000","74,700,000",,,,,,,,,,,,,,,,,,,,,,,,"209,770,000","219,697,000","208,719,000","256,647,000","222,939,000",,,,,,,,,,,,,,,,,,,,,,,,,,,,,,,,,,,,,,,,,,,,,,,,,,,,,,,,,,,,,,,,,,,,,,,,,,,,,,,,,,,,,,,,,,,,,,,,,,,,,,,
		SellingAndMarketingExpense,"550,600,000","144,100,000","136,000,000","-22,700,000","189,800,000","173,200,000","166,800,000","177,100,000","141,300,000","150,000,000","146,100,000","141,400,000","152,100,000","151,400,000","155,600,000","128,500,000","123,900,000",,,,,,,,,,,,,,,,,,,,,,,,,,,,,,,,,,,,,,,,,,,,,,,,,,,,,,,,,,,,,,,,,,,,,,,,,,,,,,,,,,,,,,,,,,,,,,,,,,,,,,,,,,,,,,,,,,,,,,,,,,,,,,,,,,,
	ResearchAndDevelopment,"31,200,000","8,200,000","7,600,000","-6,300,000","13,100,000","12,500,000","10,500,000","12,100,000","9,700,000","10,100,000","9,900,000","10,800,000","10,500,000","11,200,000","11,100,000","7,200,000","6,900,000",,,,,,,,,,,,,,,,,,,,,,,,,,,,,,,,,,,,,,,,,,,,,,,,,,,,,,,,,,,,,,,,,,,,,,"-810,000","805,000","971,000","523,000",,,,,,,,,,,,,,,,,,,,,,,,,,,,,,,,,,,,,,,,,,,,,,,,,,,,,,,,,,
	DepreciationAmortizationDepletionIncomeStatement,,,,,,,,,,,,,,,,,,,,,,,,"23,400,000","23,500,000","23,400,000","23,600,000","-20,000,000","99,600,000","18,200,000","31,800,000","57,700,000","40,700,000","37,400,000","43,400,000","39,500,000","85,000,000","49,000,000","86,600,000","48,677,000","26,880,000","43,017,000","42,082,000","-10,225,000","21,340,000",,,,,,,,,,,,,,,,,,,,,,,,,,,,,,,,,,,,,,,,,"2,165,000","1,700,000","1,744,000","2,592,000","2,461,000","3,200,000","1,300,000","2,600,000","2,000,000","2,000,000","1,100,000","2,000,000","1,300,000","1,700,000","900,000","900,000","1,000,000","1,000,000","6,600,000","900,000","800,000","800,000","-1,200,000","13,400,000","2,900,000","2,800,000","12,000,000","10,300,000","4,000,000","3,500,000","-3,200,000","5,400,000","3,500,000","3,700,000","3,500,000","3,800,000","3,300,000","3,900,000","3,000,000","3,700,000","4,100,000","4,600,000","-16,100,000","12,600,000","12,800,000","12,700,000","27,900,000","12,600,000",,,,,,,,,,,,,,,
		DepreciationAndAmortizationInIncomeStatement,,,,,,,,,,,,,,,,,,,,,,,,"23,400,000","23,500,000","23,400,000","23,600,000","-20,000,000","99,600,000","18,200,000","31,800,000","57,700,000","40,700,000","37,400,000","43,400,000","39,500,000","85,000,000","49,000,000","86,600,000","48,677,000","26,880,000","43,017,000","42,082,000","-10,225,000","21,340,000",,,,,,,,,,,,,,,,,,,,,,,,,,,,,,,,,,,,,,,,,"2,165,000","1,700,000","1,744,000","2,592,000","2,461,000","3,200,000","1,300,000","2,600,000","2,000,000","2,000,000","1,100,000","2,000,000","1,300,000","1,700,000","900,000","900,000","1,000,000","1,000,000","6,600,000","900,000","800,000","800,000","-1,200,000","13,400,000","2,900,000","2,800,000","12,000,000","10,300,000","4,000,000","3,500,000","-3,200,000","5,400,000","3,500,000","3,700,000","3,500,000","3,800,000","3,300,000","3,900,000","3,000,000","3,700,000","4,100,000","4,600,000","-16,100,000","12,600,000","12,800,000","12,700,000","27,900,000","12,600,000",,,,,,,,,,,,,,,
			Amortization,,,,,,,,,,,,,,,,,,,,,,,,"23,400,000","23,500,000","23,400,000","23,600,000","-20,000,000","99,600,000","18,200,000","31,800,000","57,700,000","40,700,000","37,400,000","43,400,000","39,500,000","85,000,000","49,000,000","86,600,000","48,677,000","26,880,000","43,017,000","42,082,000","-10,225,000","21,340,000",,,,,,,,,,,,,,,,,,,,,,,,,,,,,,,,,,,,,,,,,,,,,,,,,,,,,,,,,,,,,,,,,,,,,,,,,,,,,,,,,,,,,,,,,,,,,,,,,,,,,,,
				AmortizationOfIntangiblesIncomeStatement,,,,,,,,,,,,,,,,,,,,,,,,"23,400,000","23,500,000","23,400,000","23,600,000","-20,000,000","99,600,000","18,200,000","31,800,000","57,700,000","40,700,000","37,400,000","43,400,000","39,500,000","85,000,000","49,000,000","86,600,000","48,677,000","26,880,000","43,017,000","42,082,000","-10,225,000","21,340,000",,,,,,,,,,,,,,,,,,,,,,,,,,,,,,,,,,,,,,,,,,,,,,,,,,,,,,,,,,,,,,,,,,,,,,,,,,,,,,,,,,,,,,,,,,,,,,,,,,,,,,,
	OtherOperatingExpenses,,,,,,,,,,,,,,,,,,,,,,"33,000,000","-11,600,000","28,700,000","30,500,000","35,700,000","800,000","132,500,000","56,300,000","195,200,000","241,500,000","156,400,000","265,100,000","196,500,000","234,700,000","100,100,000","107,200,000","240,900,000","83,600,000",,,,,,,,,,,,,,,,,,,,,,,,,"12,000,000","193,000","240,000","2,560,000","13,183,000",,,,,,,,,,,,,,,,,,"-2,568,000",,,,,,,,,,,,,,,,,,,,,,,,,,,,,,,,,,,,,,,,,,,,,,,,,,,,,,,,,,,,,,
OperatingIncome,"116,900,000","27,300,000","8,200,000","-209,600,000","118,900,000","129,300,000","153,100,000","141,700,000","114,300,000","86,900,000","32,700,000","91,300,000","117,800,000","59,300,000","34,600,000","57,200,000","149,100,000","28,900,000","26,600,000","103,200,000","148,200,000","143,500,000","117,700,000","188,800,000","224,400,000","143,400,000","98,500,000","116,600,000","188,400,000","75,300,000","67,200,000","144,900,000","229,100,000","97,200,000","179,300,000","259,700,000","182,600,000","134,000,000","215,400,000","145,286,000","101,413,000","114,848,000","173,629,000","-158,000","149,111,000","22,429,000","-3,970,000","-7,803,000","-3,335,000","-3,738,000","-2,515,000","-1,401,000","-1,173,000","-1,200,000","-828,000","-856,000","-688,000","-865,000","-852,000","-866,000","-711,000","-959,000","2,667,000","-8,759,000","-535,000","1,898,000","-3,913,000","-10,535,000","2,180,000","2,180,000","-567,000","3,642,000","6,929,000","5,564,000","517,000","86,000","3,440,000","2,746,000","3,256,000","5,644,000","3,470,000","3,427,000","2,079,000","2,149,000","-992,000","621,000","-9,831,000","-18,584,000","-3,991,000","-3,844,000","-11,200,000","-4,100,000","-2,900,000","2,700,000","5,100,000","4,000,000","9,200,000","9,200,000","8,200,000","2,400,000","5,000,000","2,900,000","3,300,000","1,200,000","3,400,000","1,400,000","2,300,000","2,200,000","1,400,000","-400,000","1,500,000","-36,400,000","2,700,000","1,200,000","2,200,000","1,300,000","-600,000","-200,000","2,500,000","-1,400,000","4,500,000","4,500,000","3,200,000","-600,000","1,500,000","1,100,000","1,100,000","5,200,000","-8,000,000","-4,200,000","-800,000","-5,600,000","-1,500,000","38,600,000","45,200,000","-146,800,000","47,700,000","44,300,000","40,300,000","-146,900,000","27,500,000","28,200,000","35,900,000","-320,400,000","51,600,000","47,300,000","60,000,000","-313,900,000"
NetNonOperatingInterestIncomeExpense,"-86,900,000","-24,700,000","-21,800,000","17,200,000","-31,400,000","-65,500,000","-36,700,000","-38,000,000","-36,100,000","-35,500,000","-34,800,000","-37,000,000","-33,900,000","-94,200,000","-57,000,000","-58,000,000","-63,500,000","-67,600,000","-75,500,000","-90,500,000","-89,300,000","-88,300,000","-91,700,000","-105,400,000","-98,400,000","-95,800,000","-97,500,000","-109,600,000","-154,000,000","-85,500,000","-80,600,000","-82,800,000","-77,900,000","-77,200,000","-84,000,000","-209,200,000","-83,900,000","-75,700,000","-143,100,000","-56,615,000","-54,447,000","-84,065,000","-55,905,000","-56,610,000","-51,904,000","-82,690,000","-4,899,000","60,000","60,000","36,000","32,000","55,000","74,000","67,000",,,,,,,,,,,,,,,,,,,,,,,,,,,,,,,,,,,,,,,,,,,,,,,,,,,,,,,,,,,,,,,,,,,,,,,,,,,,,,,,,,,,,,,,,,,,,,
	InterestIncomeNonOperating,,,,,,,,,,,,,,,,,,,,,,,,,,,,,,,,,,,,,,,,,,,,,,,"64,000","60,000","60,000","36,000","32,000","55,000","74,000","67,000",,,,,,,,,,,,,,,,,,,,,,,,,,,,,,,,,,,,,,,,,,,,,,,,,,,,,,,,,,,,,,,,,,,,,,,,,,,,,,,,,,,,,,,,,,,,,,
	InterestExpenseNonOperating,"86,900,000","24,700,000","21,800,000","-17,200,000","31,400,000","65,500,000","36,700,000","38,000,000","36,100,000","35,500,000","34,800,000","37,000,000","33,900,000","94,200,000","57,000,000","58,000,000","63,500,000","67,600,000","75,500,000","90,500,000","89,300,000","88,300,000","91,700,000","105,400,000","98,400,000","95,800,000","97,500,000","109,600,000","154,000,000","85,500,000","80,600,000","82,800,000","77,900,000","77,200,000","84,000,000","209,200,000","83,900,000","75,700,000","143,100,000","56,615,000","54,447,000","84,065,000","55,905,000","56,610,000","51,904,000","82,690,000",,,,,,,,,,,,,,,,,,,,,,,,,,,,,,,,,,,,,,,,,,,,,,,,,,,,,,,,,,,,,,,,,,,,,,,,,,,,,,,,,,,,,,,,,,,,,,,,,,,,,,
OtherIncomeExpense,"-125,500,000","-34,500,000","-32,600,000","-27,900,000","-23,900,000","-11,300,000","-23,400,000","-24,400,000","113,000,000","-129,600,000","-34,900,000","-158,700,000","-64,400,000","-41,800,000","-10,500,000","-134,300,000","-20,500,000","200,000","1,000,000","-2,700,000","-2,000,000","-2,000,000","1,400,000","-23,500,000","-19,000,000","-27,100,000","43,500,000","-77,000,000","-74,100,000","-231,300,000","-76,200,000","-11,700,000","44,000,000","-89,100,000","-58,600,000","-235,700,000","56,800,000","-42,800,000","60,200,000","-49,038,000","-162,996,000","-14,071,000","-32,653,000","-49,268,000","113,159,000","616,000","172,000","4,000","115,000","232,000","34,000","831,000","383,000","32,000","38,000","3,000","4,000","68,000","484,000","52,000","32,000","2,000","12,933,000","-11,988,000","-107,000","-258,000","-2,510,000","-13,242,000","280,000","-365,000","1,186,000","326,000","49,000","-276,000","1,053,000","-12,000","-51,000","21,000","-61,000","-65,000","-44,000","-52,000","-256,000","-994,000","-10,250,000","-492,000","-13,262,000","-847,000","115,000","-2,254,000","-2,900,000","-15,000,000","-100,000","-1,700,000","-9,500,000","-500,000","85,300,000","1,300,000","-600,000","-1,500,000","100,000","2,000,000","900,000","-8,100,000","-600,000","-300,000","400,000","-3,000,000","-12,400,000","5,700,000","800,000","17,700,000","-15,400,000","4,400,000","28,400,000","3,400,000","19,700,000","1,200,000","2,400,000","4,400,000","2,300,000","-1,500,000","3,400,000","6,400,000","3,400,000","2,700,000","1,900,000","-4,600,000","100,000","-700,000","1,500,000","100,000","-17,700,000",,,,,,,,,,,,,,,
	GainOnSaleOfSecurity,,,,,,,,,,,,,,,,,,,,,,,,,,,,,,,,"0","38,000,000","-3,500,000","-47,200,000","-183,500,000","52,600,000","-39,600,000","68,900,000",,,,,,,,,,,,,,,,,,,,,,,,,,,,,,,,,,,,,,,,,,,,,,,,,,,,,,,,,,,,,,,,,,,,,,,,,,,,,,,,,,,,,,,,,,,,,,,,,,,,,,,,,,,,,
	EarningsFromEquityInterest,,,,,,,,,,,,,,,,,,,,,,,,,"0","0","0",,,,,,,,,,,,,,,,,,,,,,,,,,,,,,,,,,,,,,,,,,,,,,,,,,,,,,,,,,,,,,,,,,,,,,,,,,,,,,,,,,,,,,,,,,,,,,,,,,,,,,,,,,,,,,,,,,,,,,,,,
	SpecialIncomeCharges,"-123,000,000","-35,400,000","-32,000,000","-31,600,000","-20,900,000","-12,500,000","-29,600,000","-14,900,000","56,500,000","-19,200,000","-78,600,000","-179,000,000","-25,000,000","-17,700,000","-9,800,000","-136,000,000","-22,800,000",,,,,,,"-26,200,000","-15,700,000","-27,600,000","42,400,000","109,300,000","-110,900,000","-243,800,000","-250,200,000","0","0","-81,000,000","500,000","-54,300,000","0","0",,"125,035,000","-162,996,000","-14,071,000","-32,653,000","-49,268,000","113,159,000","616,000","172,000","4,000","115,000","232,000","34,000","831,000","383,000","32,000","38,000","3,000","4,000","68,000","484,000","52,000","32,000","2,000","12,933,000","-11,988,000","-107,000","-258,000","-2,510,000","-13,242,000","280,000","-365,000","1,186,000","326,000","49,000","-276,000","1,053,000","-12,000","-51,000","21,000","-61,000","-65,000","-44,000","-52,000","-256,000","-994,000","-10,250,000","-492,000","-13,262,000","-847,000","115,000","-2,254,000","-2,900,000","-15,000,000","-100,000","-1,700,000","-9,500,000","-500,000","85,300,000","1,300,000","-600,000","-1,500,000","100,000","2,000,000","900,000","-8,100,000","-600,000","-300,000","400,000","-3,000,000","-12,400,000","5,700,000","800,000","17,700,000","-15,400,000","4,400,000","28,400,000","3,400,000","19,700,000","1,200,000","2,400,000","4,400,000","2,300,000","-1,500,000","3,400,000","6,400,000","3,400,000","2,700,000","1,900,000","-4,600,000","100,000","-700,000","1,500,000","100,000","-17,700,000",,,,,,,,,,,,,,,
		RestructuringAndMergernAcquisition,"99,300,000","34,200,000","27,700,000","24,100,000","17,700,000","9,600,000","29,600,000","14,900,000","18,600,000","26,200,000","21,600,000","27,600,000","25,000,000","17,700,000","9,800,000","23,200,000","22,800,000",,,,,,,,,,,,,,,,,,,,,,,,,,,,,,,,,,,,,,,,,,,,,,,,,,,,,,,,,,,,,,,,,,,,,,,,,,,,,,,,,,,,,,,,,,,,,,,,,,,,,,,,,,,,,,,,,,,,,,,,,,,,,,,,,,,
		ImpairmentOfCapitalAssets,,,,"0","0","0","0","0","0","0","24,200,000","151,400,000",,,,"112,800,000",,,,,,,,,,,,"-132,700,000","-3,000,000","-5,500,000","0","0","0","81,000,000","-500,000","54,300,000","0","0",,,,,,,,,,,,,,,,,,,,,,,,,,,,,,,,,,,,,,,,,,,,,,,,,,,,,,,,,,,,,,,,,,,,,,,,,,,,,,,,,,,,,,,,,,,,,,,,,,,,,,,,,,,,,,
		WriteOff,,,,,,,,,,,,,,,,,,,,,,,,"-79,400,000","15,700,000","27,600,000","63,200,000","61,900,000","113,900,000","249,300,000","250,200,000",,,,,,,,,,,,,,,,,,,,,,,,,,,,,,,,,,,,,,,,,,,,,,,,,,,,,,,,,,,,,,,,,,,,,,,,,,,,,,,,,,,,,,,,,,,,,,,,,,,,,,,,,,,,,,,,,,,,,
		OtherSpecialCharges,,,,"-800,000","1,100,000","4,700,000",,"0","-76,200,000",,,,,,,,,,,,,,,,,,,,,,,,,,,,,,,,"162,996,000",,,,"21,509,000",,,,,,,,,,,,,,,,,,,,,,,,,,,,,,,,,,,,,,,,,,,,,,,,,,,,,,,,,,,,,,,,,,,,,,,,,,,,,,,,,,,,,,,,,,,,,,,,,,,,,,,
		GainOnSaleOfBusiness,"-23,700,000","-1,200,000","-4,300,000","-7,500,000","-3,200,000","-2,900,000",,,,,,,,,,,,,,,,,,"0","0",,,,,,,,,,,,,,,,"0",,,,"134,668,000",,,,,,,,,,,,,,,,,,,,,,,,,,,,,,,,,,,,,,,,,,,,,,,,,,,,,,,,,,,,,,,,,,,,,,,,,,,,,,,,,,,,,,,,,,,,,,,,,,,,,,,
		GainOnSaleOfPPE,,,,,"0","0","0","0","-1,100,000","7,000,000","-32,800,000",,,,,,,,,,,,,,"0","0","105,600,000",,,,,,,,,,,,,,,,,,,,,,,,,,,,,,,,,,,,,,,,,,,,,,,,,,,,,,,,,,,,,,,,,,,,,,,,,,,,,,,,,,,,,,,,,,,,,,,,,,,,,,,,,,,,,,,,,,,,,,,,,
	OtherNonOperatingIncomeExpenses,"-2,500,000","900,000","-600,000","3,700,000","-3,000,000","1,200,000","6,200,000","-9,500,000","56,500,000","-110,400,000","43,700,000","20,300,000","-39,400,000","-24,100,000","-700,000","1,700,000","2,300,000","200,000","1,000,000","-2,700,000","-2,000,000","-2,000,000","1,400,000","2,700,000","-3,300,000","500,000","1,100,000","-186,300,000","36,800,000","12,500,000","174,000,000","-11,700,000","6,000,000","-4,600,000","-11,900,000","2,100,000","4,200,000","-3,200,000","-8,700,000",,,,,,,,,,,,,,,,,,,,,,,,,,,,,,,,,,,,,,,,,,,,,,,,,,,,,,,,,,,,,,,,,,,,,,,,,,,,,,,,,,,,,,,,,,,,,,,,,,,,,,,,,,,,,
PretaxIncome,"-95,500,000","-31,900,000","-46,200,000","-220,300,000","63,600,000","52,500,000","93,000,000","79,300,000","191,200,000","-78,200,000","-37,000,000","-104,400,000","19,500,000","-76,700,000","-32,900,000","-135,100,000","65,100,000","-38,500,000","-47,900,000","10,000,000","56,900,000","53,200,000","27,400,000","59,900,000","107,000,000","20,500,000","44,500,000","-70,000,000","-39,700,000","-241,500,000","-89,600,000","50,400,000","195,200,000","-69,100,000","36,700,000","-185,200,000","155,500,000","15,500,000","132,500,000","39,633,000","-116,030,000","16,712,000","85,071,000","-106,036,000","210,366,000","-59,645,000","-8,697,000","-7,739,000","-3,160,000","-3,470,000","-2,449,000","-515,000","-716,000","-1,101,000","-613,000","-363,000","180,000","685,000","1,447,000","1,152,000","1,277,000","987,000","5,526,000","8,153,000","115,000","2,423,000","-3,397,000","-10,597,000","2,462,000","1,699,000","343,000","3,964,000","6,653,000","4,975,000","3,340,000","-222,000","2,513,000","2,888,000","3,428,000","5,804,000","3,593,000","2,494,000","2,499,000","2,705,000","-10,542,000","-1,306,000","-20,067,000","-13,252,000","-872,000","-4,323,000","-11,200,000","-13,200,000","-1,500,000","-300,000","-6,300,000","2,500,000","89,800,000","10,200,000","7,300,000","400,000","4,600,000","4,200,000","3,100,000","-7,600,000","1,900,000","300,000","1,800,000","-1,200,000","-11,700,000","3,800,000","700,000","-17,300,000","-14,500,000","3,900,000","26,700,000","-1,100,000","15,900,000","-2,700,000",,"-900,000","2,700,000","-1,000,000","2,500,000","1,700,000","700,000","-300,000",,"10,400,000",,"-16,800,000","-11,400,000","-17,800,000","-30,800,000",,,,,,,,,,,,,,,
TaxProvision,"-44,400,000","-6,800,000","-16,000,000","-89,700,000","27,700,000","15,700,000","19,800,000","35,600,000","53,600,000","-19,000,000","700,000","-25,300,000","44,200,000","-22,700,000","-3,400,000","4,200,000","-337,800,000","-1,200,000","-126,000,000","-39,100,000","24,800,000","50,200,000","25,400,000","56,500,000","-8,400,000","8,900,000","1,900,000","57,100,000","1,700,000","-4,000,000","16,800,000","32,800,000","53,700,000","-13,300,000","38,300,000","20,100,000","36,800,000","66,000,000","64,400,000","-135,887,000","-5,855,000","16,902,000","39,558,000","-13,351,000","3,720,000","25,140,000","3,000","6,000","0","-767,000","9,363,000","-169,000","-253,000","-374,000","-157,000","-175,000","-131,000","365,000","538,000","663,000","592,000","521,000","2,174,000","-3,074,000","209,000","874,000","-3,038,000","-4,285,000","1,297,000","1,157,000","185,000","2,045,000","4,280,000","2,330,000","400,000","2,095,000","149,000","1,089,000","635,000","1,990,000","1,225,000","1,270,000","852,000","-12,543,000","-929,000","-149,000","-4,605,000","-5,844,000","-462,000","-1,650,000","-300,000","-5,300,000","-600,000","300,000","-1,900,000","1,700,000","31,700,000","3,700,000","2,700,000","100,000","1,700,000","1,500,000","1,200,000","-2,600,000","700,000","200,000","700,000","-600,000","-4,000,000","1,400,000","300,000","-6,600,000","-4,900,000","1,600,000","9,400,000","-500,000","5,400,000","-1,200,000",,"-800,000","600,000","800,000","300,000","-1,200,000","-200,000","-200,000",,"2,600,000",,"-2,100,000","-3,900,000","-5,600,000","-4,700,000",,,,,,,,,,,,,,,
NetIncomeCommonStockholders,"105,000,000","15,900,000","8,200,000","50,200,000","30,700,000","37,700,000","72,400,000","45,400,000","145,100,000","-57,000,000","-35,800,000","-118,400,000","-25,900,000","728,600,000","-112,500,000","-79,400,000","377,300,000","-37,100,000","507,400,000","-26,200,000","2,100,000","-82,100,000","212,200,000","-7,300,000","-132,900,000","-34,800,000","-33,900,000","-143,100,000","-75,600,000","-228,300,000","-109,800,000","-6,300,000","49,000,000","-87,600,000","-39,000,000","-202,300,000","91,600,000","-45,500,000","62,000,000","159,091,000","-149,080,000","-3,855,000","23,759,000","-90,686,000","187,668,000","-61,950,000","-8,700,000","-7,744,000","-3,159,000","-2,702,000","-11,811,000","-345,000","-462,000","-727,000","-456,000","-188,000","312,000","320,000","909,000","490,000","686,000","466,000","1,053,000","-5,841,000","-359,000","486,000","3,433,000","-13,151,000","464,000","78,000","315,000","784,000","837,000","1,798,000","93,000","-2,317,000","2,364,000","750,000","1,639,000","2,392,000","1,218,000","1,224,000","919,000","14,312,000","-9,640,000","-1,157,000","-15,462,000","-7,408,000","-410,000","-3,318,000","-10,900,000","-7,900,000","-900,000","-600,000","-4,400,000","800,000","58,100,000","6,500,000","4,600,000","6,000,000","4,800,000","2,700,000","1,900,000","-4,500,000","1,200,000","-4,000,000","14,300,000","-1,300,000","1,700,000","2,400,000","300,000","-18,400,000","-9,600,000","2,200,000","17,200,000","-700,000","10,200,000","-1,600,000","900,000","-200,000","2,000,000","-1,900,000","2,200,000","2,800,000","800,000","-200,000","-1,600,000","-63,200,000","-20,100,000","-14,800,000","-7,600,000","-12,300,000","-26,200,000",,,,,,,,,,,,,,,
	NetIncome,"105,000,000","15,900,000","8,200,000","50,200,000","30,700,000","36,600,000","72,100,000","45,400,000","145,100,000","-57,000,000","-35,800,000","-118,400,000","-25,900,000","728,600,000","-112,500,000","-79,400,000","377,300,000","-37,100,000","507,400,000","-26,200,000","2,100,000","-82,100,000","212,200,000","-7,300,000","-132,900,000","-34,800,000","-33,900,000","-143,100,000","-75,600,000","-228,300,000","-109,800,000","-6,300,000","98,300,000","-75,500,000","-26,800,000","-190,200,000","103,600,000","-33,300,000","74,100,000","173,173,000","-135,100,000","12,020,000","39,463,000","-76,816,000","193,631,000","-61,950,000","-8,700,000","-7,744,000","-3,159,000","-2,702,000","-11,811,000","-345,000","-462,000","-727,000","-456,000","-188,000","312,000","320,000","909,000","490,000","686,000","466,000","1,053,000","-5,841,000","-359,000","486,000","3,433,000","-13,151,000","464,000","78,000","315,000","784,000","837,000","1,798,000","93,000","-2,317,000","2,364,000","750,000","1,639,000","2,392,000","1,218,000","1,224,000","919,000","14,312,000","-9,640,000","-1,157,000","-15,462,000","-7,408,000","-410,000","-3,318,000","-10,900,000","-7,900,000","-900,000","-600,000","-4,400,000","800,000","58,100,000","6,500,000","4,600,000","6,000,000","4,800,000","2,700,000","1,900,000","-4,500,000","1,200,000","-4,000,000","14,300,000","-1,300,000","1,700,000","2,400,000","400,000","-18,300,000","-9,600,000","2,300,000","17,300,000","-600,000","10,500,000","-1,500,000","1,000,000","-100,000","2,100,000","-1,800,000","2,200,000","2,900,000","900,000","-100,000","-1,500,000","-63,100,000","-20,000,000","-14,700,000","-7,500,000","-12,200,000","-26,100,000",,,,,,,,,,,,,,,
		NetIncomeIncludingNoncontrollingInterests,"105,600,000","16,000,000","8,600,000","50,300,000","30,700,000","35,700,000","72,900,000","45,500,000","145,600,000","-57,800,000","-34,900,000","-118,300,000","-25,900,000","729,600,000","-112,300,000","-69,600,000","399,300,000","-36,600,000","578,900,000","24,000,000","39,800,000","-51,400,000","260,800,000","36,200,000","-93,000,000","-1,500,000","7,000,000","-127,100,000","-41,400,000","-237,500,000","-106,400,000","17,600,000","141,500,000","-55,800,000","-1,600,000","-205,300,000","118,700,000","-50,500,000","68,100,000","175,520,000","-110,175,000","-190,000","45,513,000","-92,685,000","206,646,000","-84,785,000","-8,700,000","-7,745,000","-3,160,000","-2,703,000","-11,812,000","-346,000","-463,000","-727,000","-458,000","-188,000","313,000","320,000","907,000","491,000","687,000","466,000","-1,038,000","-5,079,000","-94,000","1,549,000","2,670,000","-15,734,000","1,165,000","542,000","158,000","1,919,000","2,373,000","2,645,000","647,000","-2,023,000","3,315,000","1,799,000","2,793,000","3,814,000","2,368,000","2,302,000","1,647,000","15,248,000","-9,613,000","-1,320,000","-17,212,000","-11,444,000","-839,000","-3,735,000","-13,400,000","-12,200,000","-1,100,000","600,000","-2,700,000","1,500,000","62,400,000","6,500,000","4,600,000","6,000,000","4,800,000","2,700,000","1,900,000","-4,500,000","1,200,000","-4,000,000","14,300,000","-1,300,000","1,700,000","2,400,000","400,000","-18,300,000","-9,600,000","2,300,000","17,300,000","-600,000","10,500,000","-1,500,000","1,000,000","-100,000","2,100,000","-1,800,000","2,200,000","2,900,000","900,000","-100,000","-1,500,000","-63,100,000","-20,000,000","-14,700,000","-7,500,000","-12,200,000","-26,100,000","-12,900,000","-6,700,000","19,400,000","-15,900,000","-16,000,000","-24,200,000","-69,000,000","-34,900,000","-31,700,000","-20,300,000","-159,800,000","-51,400,000","-34,100,000","-5,600,000","-69,700,000"
			NetIncomeContinuousOperations,"-51,100,000","-25,100,000","-30,200,000","-130,600,000","35,900,000","36,800,000","73,200,000","43,700,000","137,600,000","-59,200,000","-37,700,000","-79,100,000","-24,700,000","-54,000,000","-29,500,000","-139,300,000","402,900,000","-37,300,000","78,100,000","49,100,000","32,100,000","3,000,000","2,000,000","3,400,000","115,400,000","11,600,000","42,600,000","-127,100,000","-41,400,000","-237,500,000","-106,400,000","17,600,000","141,500,000","-55,800,000","-1,600,000","-205,300,000","118,700,000","-50,500,000","68,100,000","175,520,000","-110,175,000","-190,000","45,513,000","-92,685,000","206,646,000","-84,785,000","-8,700,000","-7,745,000","-3,160,000","-2,703,000","-11,812,000","-346,000","-463,000","-727,000","-456,000","-188,000","312,000","320,000","909,000","490,000","686,000","466,000","5,443,000","-5,841,000","-359,000","486,000","404,000","-3,729,000","464,000","78,000","315,000","784,000","837,000","1,798,000","93,000","-2,317,000","2,364,000","750,000","1,639,000","2,392,000","1,218,000","1,224,000","919,000","14,312,000","-9,640,000","-1,157,000","-15,462,000","-7,408,000","-410,000","-2,673,000","-10,900,000","-7,900,000","-900,000","-600,000","-4,400,000","800,000","58,100,000","6,500,000","4,600,000","300,000","2,900,000","2,700,000","1,900,000","-5,000,000","1,200,000","100,000","1,100,000","-600,000","-7,700,000","2,400,000","400,000","-10,700,000","-9,600,000","2,300,000","17,300,000","-600,000","10,500,000","-1,500,000","1,000,000","-100,000","2,100,000","-1,800,000","2,200,000","2,900,000","900,000","-100,000","-1,500,000","7,800,000","-20,000,000","-14,700,000","-7,500,000","-12,200,000","-26,100,000","-12,900,000","-6,700,000","19,400,000","-15,900,000","-16,000,000","-24,200,000","-69,000,000","-34,900,000","-31,700,000","-20,300,000","-159,800,000","-51,400,000","-34,100,000","-5,600,000","-62,400,000"
			NetIncomeDiscontinuousOperations,"156,700,000","41,100,000","38,800,000","180,900,000","-5,200,000","-1,100,000","-300,000","1,800,000","8,000,000","1,400,000","2,800,000","-39,200,000","-1,200,000","783,600,000","-82,800,000","69,700,000","-3,600,000","700,000","500,800,000","-25,100,000","7,700,000","-54,400,000","258,800,000","32,800,000","-208,400,000","-13,100,000","-35,600,000",,,,,,,,,,,,,,,,,"0","0","0",,,,,,,,,,,,,,,,,,,,,"3,029,000","-9,422,000",,,,,,,,,,,,,,,,,,,,,,,,,,,,,,,,"5,700,000","1,900,000",,,"0",,"-4,100,000","13,200,000","-700,000","9,400,000",,,,,,,,,,,,,,,,,,,,,,,,,,,,,,,,,,,,,,,
			NetIncomeFromTaxLossCarryforward,,,,,,,,,,,,,,,,,,,,,,,,,,,,,,,,,,,,,,,,,,,,,,,,,,,,,,,,,,,,,,,,,,,,,,,,,,,,,,,,,,,,,,,,,,"-645,000",,,,,,,,,,,,,,,,,,,,,,,,,,,,,,,,,,,,,,,,,,,,,,,,,,,,,,,,,,
		MinorityInterests,"-100,000","0","-400,000","-100,000","0","900,000","-800,000","-100,000","-500,000","800,000","-900,000","-100,000",,"-1,000,000","200,000","-9,800,000","-22,000,000","-500,000","-71,500,000","-50,200,000","-37,700,000","-30,700,000","-48,600,000","-43,500,000","-39,900,000","-33,300,000","-40,900,000","-16,000,000","-34,200,000","9,200,000","-3,400,000","-23,900,000","-43,200,000","-19,700,000","-25,200,000","15,100,000","-15,100,000","17,200,000","6,000,000","-2,347,000","-24,925,000","12,210,000","-6,050,000","15,869,000","-13,015,000","22,835,000","0","1,000","1,000","1,000","1,000","1,000","1,000","0","2,000",,"-1,000",,"2,000","-1,000","-1,000",,"2,091,000","-762,000","-265,000","-1,063,000","763,000","2,583,000","-701,000","-464,000","157,000","-1,135,000","-1,536,000","-847,000","-554,000","-294,000","-951,000","-1,049,000","-1,154,000","-1,422,000","-1,150,000","-1,078,000","-728,000","-936,000","-27,000","163,000","1,750,000","4,036,000","429,000","417,000","2,500,000","4,300,000","200,000","-1,200,000","-1,700,000","-700,000","-4,300,000",,,,,,,,,,,,,,,,,,,,,,,,,,,,,,,,,,,,,,,,,,,,,,,,,,,
	PreferredStockDividends,,,,,,"-1,100,000","-300,000",,,,,,,,,,,,,,,,,,,,,,,,,"0","49,300,000","12,100,000","12,200,000","12,100,000","12,000,000","12,200,000","12,100,000","14,082,000","13,980,000","15,875,000","15,704,000","13,870,000","5,963,000",,,,,,,,,,,,,,,,,,,,,,,,,,,,,,,,,,,,,,,,,,,,,,,,,,,,,,,,,,,,,,,"0",,,"100,000","100,000",,"100,000","100,000","100,000","300,000","100,000","100,000","100,000","100,000","100,000",,"100,000","100,000","100,000","100,000","100,000","100,000","100,000","100,000","100,000","100,000",,,,,,,,,,,,,,,
DilutedNIAvailtoComStockholders,"105,000,000","15,900,000","8,200,000","50,200,000","30,700,000","37,700,000","72,400,000","45,400,000","145,100,000","-57,000,000","-35,800,000","-118,400,000","-25,900,000","728,600,000","-112,500,000","-79,400,000","377,300,000","-37,100,000","507,400,000","-26,200,000","2,100,000","-82,100,000","212,200,000","-7,300,000","-132,900,000","-34,800,000","-33,900,000","-143,100,000","-75,600,000","-228,300,000","-109,800,000","-6,300,000","49,000,000","-87,600,000","-39,000,000","-202,300,000","91,600,000","-45,500,000","62,000,000","159,091,000","-149,080,000","-3,855,000","23,759,000","-90,686,000","187,668,000","-61,950,000","-8,700,000","-7,744,000","-3,159,000","-2,702,000","-11,811,000","-345,000","-462,000","-727,000","-456,000","-188,000","312,000","320,000","909,000","490,000","686,000","466,000","1,053,000","-5,841,000","-359,000","486,000","3,433,000","-13,151,000","464,000","78,000","315,000","784,000","837,000","1,798,000","93,000","-2,317,000","2,364,000","750,000","1,639,000","2,392,000","1,218,000","1,224,000","919,000","14,312,000","-9,640,000","-1,157,000","-15,462,000","-7,408,000","-410,000","-3,318,000","-10,900,000","-7,900,000","-900,000","-600,000","-4,400,000","800,000","58,100,000","6,500,000","4,600,000","6,000,000","4,800,000","2,700,000","1,900,000","-4,500,000","1,200,000","-4,000,000","14,300,000","-1,300,000","1,700,000","2,400,000","300,000","-18,400,000","-9,600,000","2,200,000","17,200,000","-700,000","10,200,000","-1,600,000","900,000","-200,000","2,000,000","-1,900,000","2,200,000","2,800,000","800,000","-200,000","-1,600,000","-63,200,000","-20,100,000","-14,800,000","-7,600,000","-12,300,000","-26,200,000",,,,,,,,,,,,,,,
BasicEPS,,"0.39","0.2","1.18","0.72","0.86","1.68","1.05","3.37","-1.26","-0.75","-2.51","-0.53","14.07","-2.11","-2.31","11.52","-1.123","15.783","-0.811","0.062","-2.558","6.613","-0.25","-4.18","-1.123","-1.061",,"-2.371","-7.236","-3.493",,"1.747","-3.93","-1.747","-9.046","2.807","-2.059","1.934",,"-6.675","-0.125","0.749",,"6.425","-2.807",,"-2.495","-0.998","-0.873",,"-0.125","-0.125","-0.25",,"-0.062","0.125","0.125",,"0.187","0.25","0.125",,"-1.871","-0.125","0.187",,"-4.304","0.125","0",,"0.257","0.273","0.585",,"-0.756","0.772","0.242",,"0.78","0.398","0.398",,"4.671","-3.143","-0.374",,"-2.417","-0.156","-0.858",,"-2.573","-0.312","-0.234","-1.482",,"19.651","2.183","1.56",,"1.404","0.702","0.546",,"0.312","-1.014","3.743",,"0.585","0.78","0.097",,"-2.417","0.546","4.289",,"2.729","-0.39","0.39",,"0.78","-0.78","0.78",,"0.246","-0.062","-2.437",,"-24.563","-17.935","-9.357",,"-31.971","-15.596","-8.188",,"-28.462","-28.852","-45.618",,"-65.502","-59.654","-38.21",,"-97.084","-65.112","-10.917",
DilutedEPS,,"0.39","0.2","1.16","0.72","0.85","1.68","1.05","3.36","-1.26","-0.75","-2.51","-0.53","14.07","-2.11","-2.31","11.51","-1.123","15.658","-0.811","0.062","-2.558","6.613","-0.25","-4.18","-1.123","-1.061",,"-2.371","-7.236","-3.493",,"1.747","-3.93","-1.747","-9.046","1.56","-2.059","0.187",,"-6.675","-0.125","0.374",,"6.425","-2.807",,"-2.495","-0.998","-0.873",,"-0.125","-0.125","-0.25",,"-0.062","0.125","0.125",,"0.187","0.25","0.125",,"-1.871","-0.125","0.187",,"-4.304","0.125","0",,"0.25","0.273","0.582",,"-0.756","0.764","0.242",,"0.779","0.396","0.398",,"4.671","-3.143","-0.377",,"-2.417","-0.156","-0.858",,"-2.573","-0.312","-0.234","-1.482",,"18.715","2.105","1.482",,"1.404","0.702","0.546",,"0.312","-1.014","3.743",,"0.585","0.78","0.097",,"-2.417","0.546","4.289",,"2.729","-0.39","0.39",,"0.78","-0.78","0.78",,"0.246","-0.062","-2.437",,"-24.563","-17.935","-9.357",,"-31.971","-15.596","-8.188",,"-28.462","-28.852","-45.618",,"-65.502","-59.654","-38.21",,"-97.084","-65.112","-10.917",
BasicAverageShares,,"40,800,000","41,300,000","42,400,000","42,600,000","42,600,000","42,900,000","43,100,000","43,100,000","45,100,000","47,700,000","48,800,000","48,800,000","51,800,000","53,400,000","50,000,000","32,699,999","32,323,853","32,152,332","32,306,615","32,120,272","32,056,954","31,929,355","29,254,750","31,833,816","31,822,916","31,660,372",,"31,559,543","31,556,658","31,578,619",,"28,052,500","22,424,206","22,309,431","22,364,614","23,087,712","22,397,757","22,359,124",,"22,337,644","22,337,324","22,337,163",,"22,314,882","22,314,080",,"3,091,545","3,091,385","3,091,385",,"3,090,744","3,089,942","3,089,942",,"3,089,942","3,089,942","3,089,942",,"3,089,942","3,079,202","3,075,195",,"3,074,874","3,074,874","3,073,111",,"3,067,500","3,067,340","3,067,019",,"3,066,218","3,066,218","3,066,218",,"3,066,218","3,066,218","3,066,218",,"3,066,218","3,066,218","3,066,218",,"3,066,218","3,066,218","3,091,118",,"3,063,268","3,063,268","3,063,268",,"3,069,988","2,885,400","2,564,800","2,969,768",,"2,956,644","2,977,000","2,949,520",,"3,419,733","3,847,200","3,480,800",,"3,847,200","3,790,774","3,820,483",,"2,906,773","3,077,760","3,077,760",,"3,971,303","4,030,400","4,010,415",,"3,737,280","4,103,680","3,310,515",,"2,564,800","2,436,560","2,821,280",,"3,252,038","3,252,038","3,252,166",,"818,293","825,197","812,187",,"819,485","817,017","817,017",,"555,920","555,920","530,913",,"531,298","531,426","531,426",,"529,887","526,425","526,425",
DilutedAverageShares,,"40,800,000","41,300,000","43,100,000","42,900,000","42,900,000","43,000,000","43,400,000","43,200,000","45,100,000","47,700,000","48,800,000","48,800,000","51,800,000","53,400,000","50,000,000","32,800,000","32,323,853","32,433,178","32,306,615","32,120,272","32,056,954","31,929,355","29,254,750","32,320,647","31,822,916","32,321,609",,"31,559,543","31,556,658","31,578,619",,"28,052,500","22,424,206","22,309,431","22,364,614","23,087,712","22,397,757","32,732,779",,"22,337,644","22,337,324","32,163,874",,"22,326,584","22,314,080",,"3,091,545","3,091,385","3,091,385",,"3,090,744","3,089,942","3,089,942",,"3,089,942","3,109,659","3,109,980",,"3,109,018","3,098,278","3,118,796",,"3,107,094","3,074,874","3,102,446",,"3,067,500","3,101,003","3,111,583",,"3,102,125","3,102,125","3,091,866",,"3,066,218","3,080,324","3,079,042",,"3,071,348","3,072,630","3,072,630",,"3,066,218","3,066,218","3,091,118",,"3,063,268","3,063,268","3,063,268",,"3,069,988","2,885,400","2,564,800","2,969,768",,"3,104,477","3,087,259","3,104,758",,"3,419,733","3,847,200","3,480,800",,"3,847,200","3,790,774","3,820,483",,"2,906,773","3,077,760","3,077,760",,"3,971,303","4,030,400","4,010,415",,"3,737,280","4,103,680","3,310,515",,"2,564,800","2,436,560","2,821,280",,"3,252,038","3,252,038","3,252,166",,"818,293","825,197","812,187",,"819,485","817,017","817,017",,"555,920","555,920","530,913",,"531,298","531,426","531,426",,"529,887","526,425","526,425",
TotalOperatingIncomeAsReported,"-6,100,000","-8,100,000","-23,800,000","-241,200,000","98,000,000","116,800,000","123,500,000","126,800,000","94,600,000","67,700,000","-45,900,000","-87,700,000","92,800,000","41,600,000","24,800,000","-78,800,000","126,300,000","28,900,000","26,600,000","103,200,000","148,200,000","143,500,000","117,700,000","268,200,000","208,700,000","115,800,000","35,300,000","54,700,000","74,500,000","-174,000,000","-183,000,000","144,900,000","229,100,000","16,200,000","179,300,000","205,400,000","182,600,000","134,000,000","215,400,000","120,364,000","81,403,000","95,893,000","111,831,000","-43,953,000","120,516,000","22,429,000","-3,970,000","-7,803,000","-3,335,000","-3,738,000","-2,515,000","-1,401,000","-1,173,000","-1,200,000","-828,000","-856,000","-688,000","-865,000","-852,000","-866,000","-711,000","-959,000","2,667,000","-8,759,000","-535,000","1,898,000","-3,913,000","-10,535,000","2,180,000","2,180,000","-567,000","3,642,000","6,929,000","5,564,000","517,000","86,000","3,440,000","2,746,000","3,256,000","5,644,000","3,470,000","3,427,000","2,079,000","2,149,000","-992,000","-1,544,000","-9,831,000","-18,584,000","-3,991,000","-3,844,000","-11,200,000","-4,100,000","-2,900,000","2,700,000","5,100,000","4,000,000","9,200,000","9,200,000","8,200,000","2,400,000","5,000,000","2,900,000","3,300,000","1,200,000","3,400,000","1,400,000","2,300,000","2,200,000","1,400,000","-400,000","1,500,000","-36,400,000","2,700,000","1,200,000","2,200,000","1,300,000","-600,000","-200,000","2,500,000","-1,400,000","4,500,000","4,500,000","3,200,000","-600,000","1,500,000","1,100,000","1,100,000","5,200,000","-8,000,000","-4,200,000","-800,000","-5,600,000","-1,500,000",,,,,,,,,,,,,,,
TotalExpenses,"2,949,700,000","780,500,000","749,000,000","-249,800,000","1,043,900,000","1,020,500,000","991,900,000","1,028,900,000","870,000,000","850,900,000","838,800,000","901,600,000","904,400,000","847,400,000","840,000,000","730,600,000","796,400,000","737,200,000","619,900,000","1,218,600,000","1,155,800,000","1,072,600,000","1,071,900,000","1,076,500,000","1,222,700,000","1,126,100,000","1,127,700,000","1,335,900,000","1,365,100,000","1,296,200,000","1,371,200,000","1,367,500,000","1,370,300,000","1,244,000,000","1,330,700,000","1,238,900,000","1,228,000,000","1,277,900,000","1,006,900,000","1,051,567,000","910,747,000","990,806,000","992,420,000","888,699,000","885,179,000","671,456,000","3,970,000","7,803,000","3,335,000","3,738,000","2,515,000","1,401,000","1,173,000","1,200,000","828,000","856,000","688,000","865,000","852,000","866,000","711,000","959,000","-116,397,000","60,848,000","33,873,000","26,405,000","31,050,000","41,953,000","84,338,000","80,263,000","83,822,000","94,030,000","85,385,000","88,723,000","96,368,000","32,065,000","23,852,000","22,355,000","28,044,000","29,348,000","23,767,000","20,052,000","21,820,000","34,689,000","20,045,000","18,425,000","35,846,000","36,448,000","24,864,000","23,232,000","40,800,000","27,800,000","21,100,000","19,500,000","20,700,000","38,600,000","22,300,000","20,800,000","21,300,000","35,600,000","26,000,000","20,800,000","22,700,000","34,200,000","18,100,000","13,400,000","21,600,000","-25,700,000","35,300,000","38,500,000","44,500,000","35,700,000","83,800,000","74,000,000","78,000,000","62,700,000","58,800,000","72,100,000","68,400,000","35,300,000","19,100,000","18,800,000","22,300,000","31,600,000","18,900,000","18,500,000","21,400,000","-35,000,000","47,200,000","43,900,000","43,500,000","57,400,000","53,200,000",,,,,,,,,,,,,,,
NetIncomeFromContinuingAndDiscontinuedOperation,"105,000,000","15,900,000","8,200,000","50,200,000","30,700,000","36,600,000","72,100,000","45,400,000","145,100,000","-57,000,000","-35,800,000","-118,400,000","-25,900,000","728,600,000","-112,500,000","-79,400,000","377,300,000","-37,100,000","507,400,000","-26,200,000","2,100,000","-82,100,000","212,200,000","-7,300,000","-132,900,000","-34,800,000","-33,900,000","-143,100,000","-75,600,000","-228,300,000","-109,800,000","-6,300,000","98,300,000","-75,500,000","-26,800,000","-190,200,000","103,600,000","-33,300,000","74,100,000","173,173,000","-135,100,000","12,020,000","39,463,000","-76,816,000","193,631,000","-61,950,000","-8,700,000","-7,744,000","-3,159,000","-2,702,000","-11,811,000","-345,000","-462,000","-727,000","-456,000","-188,000","312,000","320,000","909,000","490,000","686,000","466,000","1,053,000","-5,841,000","-359,000","486,000","3,433,000","-13,151,000","464,000","78,000","315,000","784,000","837,000","1,798,000","93,000","-2,317,000","2,364,000","750,000","1,639,000","2,392,000","1,218,000","1,224,000","919,000","14,312,000","-9,640,000","-1,157,000","-15,462,000","-7,408,000","-410,000","-2,673,000","-10,900,000","-7,900,000","-900,000","-600,000","-4,400,000","800,000","58,100,000","6,500,000","4,600,000","6,000,000","4,800,000","2,700,000","1,900,000","-5,000,000","1,200,000","-4,000,000","14,300,000","-1,300,000","1,700,000","2,400,000","400,000","-18,300,000","-9,600,000","2,300,000","17,300,000","-600,000","10,500,000","-1,500,000","1,000,000","-100,000","2,100,000","-1,800,000","2,200,000","2,900,000","900,000","-100,000","-1,500,000","-63,100,000","-20,000,000","-14,700,000","-7,500,000","-12,200,000","-26,100,000",,,,,,,,,,,,,,,
NormalizedIncome,"22,100,000","2,659,800","-9,704,000","-107,632,000","51,157,000","46,462,500","95,695,200","54,477,000","96,420,000","-43,865,600","38,506,600","56,421,647.51","-6,450,000","-42,539,200","-20,909,400","-49,820,000","397,544,000","-37,800,000","6,600,000","-1,100,000","-5,600,000","-27,700,000","-46,600,000","-24,380,000","84,920,000","-5,140,000","-38,876,800","-208,680,000","-9,060,000","11,355,400","52,830,000","-6,300,000","70,750,000","-7,224,000","3,555,000","-35,630,000","63,466,200","-7,560,000","29,315,000","193,690,250","19,671,044.557","21,166,150","60,687,450","-33,751,337.244","82,473,043.324","-62,350,400","-8,811,800","-7,746,600","-3,274,000","-2,882,719.308","-11,833,100","-903,302.913","-709,666.201","-748,129.882","-484,267.537","-189,950","309,400","275,800","604,953.006","456,200","665,200","464,700","-2,401,990.228","1,351,800","-294,800","650,936.855","1,910,000","4,216,200","296,000","297,000","-396,600","588,400","807,600","1,963,600","-833,892.216","-2,309,800","2,411,976.124","736,918.629","1,688,700.408","2,434,713.646","1,246,998.608","1,255,200","1,087,720.288","14,908,400","-293,267.881","-721,131.7","-5,243,380.176","-6,899,800","-479,000","-1,279,305.344","-8,077,678.571","1,100,000","-840,000","420,000","2,234,920.635","1,100,000","2,911,469.933","5,671,568.627","4,978,082.192","1,425,000","2,836,956.522","1,414,285.714","1,348,387.097","328,947.368","1,578,947.368","280,000","855,555.556","1,200,000","460,683.761","-1,200,000","-80,000","-21,647,398.844","595,862.069","-340,000","-1,101,498.127","-2,640,000","-2,509,433.962","-2,220,000","-440,000","-2,740,000","311,111.111","-900,000","-792,000","-940,000","-1,140,000","-1,720,000","-2,640,000","11,250,000","-20,060,000","-14,087,500","-8,486,842.105","-12,268,539.326","-11,100,974.026",,,,,,,,,,,,,,,
InterestIncome,,,,,,,,,,,,,,,,,,,,,,,,,,,,,,,,,,,,,,,,,,,,,,,"64,000","60,000","60,000","36,000","32,000","55,000","74,000","67,000",,,,,,,,,,,,,,,,,,,,,,,,,,,,,,,,,,,,,,,,,,,,,,,,,,,,,,,,,,,,,,,,,,,,,,,,,,,,,,,,,,,,,,,,,,,,,,
InterestExpense,"86,900,000","24,700,000","21,800,000","-17,200,000","31,400,000","65,500,000","36,700,000","38,000,000","36,100,000","35,500,000","34,800,000","37,000,000","33,900,000","94,200,000","57,000,000","58,000,000","63,500,000","67,600,000","75,500,000","90,500,000","89,300,000","88,300,000","91,700,000","105,400,000","98,400,000","95,800,000","97,500,000","109,600,000","154,000,000","85,500,000","80,600,000","82,800,000","77,900,000","77,200,000","84,000,000","209,200,000","83,900,000","75,700,000","143,100,000","56,615,000","54,447,000","84,065,000","55,905,000","56,610,000","51,904,000","82,690,000",,,,,,,,,,,,,,,,,,,,,,,,,,,,,,,,,,,,,,,,,,,,,,,,,,,,,,,,,,,,,,,,,,,,,,,,,,,,,,,,,,,,,,,,,,,,,,,,,,,,,,
NetInterestIncome,"-86,900,000","-24,700,000","-21,800,000","17,200,000","-31,400,000","-65,500,000","-36,700,000","-38,000,000","-36,100,000","-35,500,000","-34,800,000","-37,000,000","-33,900,000","-94,200,000","-57,000,000","-58,000,000","-63,500,000","-67,600,000","-75,500,000","-90,500,000","-89,300,000","-88,300,000","-91,700,000","-105,400,000","-98,400,000","-95,800,000","-97,500,000","-109,600,000","-154,000,000","-85,500,000","-80,600,000","-82,800,000","-77,900,000","-77,200,000","-84,000,000","-209,200,000","-83,900,000","-75,700,000","-143,100,000","-56,615,000","-54,447,000","-84,065,000","-55,905,000","-56,610,000","-51,904,000","-82,690,000","-4,899,000","60,000","60,000","36,000","32,000","55,000","74,000","67,000",,,,,,,,,,,,,,,,,,,,,,,,,,,,,,,,,,,,,,,,,,,,,,,,,,,,,,,,,,,,,,,,,,,,,,,,,,,,,,,,,,,,,,,,,,,,,,
EBIT,"-8,600,000","-7,200,000","-24,400,000","-237,500,000","95,000,000","118,000,000","129,700,000","117,300,000","227,300,000","-42,700,000","-2,200,000","-67,400,000","53,400,000","17,500,000","24,100,000","-77,100,000","128,600,000","29,100,000","27,600,000","100,500,000","146,200,000","141,500,000","119,100,000","165,300,000","205,400,000","116,300,000","142,000,000","39,600,000","114,300,000","-156,000,000","-9,000,000","133,200,000","273,100,000","8,100,000","120,700,000","24,000,000","239,400,000","91,200,000","275,600,000","96,248,000","-61,583,000","100,777,000","140,976,000","-49,426,000","262,270,000","23,045,000","-3,227,000","-7,803,000","-3,335,000","-3,738,000","-2,515,000","-1,401,000","-1,173,000","-1,200,000","-828,000","-856,000","-688,000","-865,000","-852,000","-866,000","-711,000","-959,000","2,667,000","-8,759,000","-535,000","1,898,000","-3,913,000","-10,535,000","2,180,000","2,180,000","-567,000","3,642,000","6,929,000","5,564,000","517,000","86,000","3,440,000","2,746,000","3,256,000","5,644,000","3,470,000","3,427,000","2,079,000","2,149,000","-992,000","621,000","-9,831,000","-18,584,000","-3,991,000","-3,844,000","-11,200,000","-4,100,000","-2,900,000","2,700,000","5,100,000","4,000,000","9,200,000","9,200,000","8,200,000","2,400,000","5,000,000","2,900,000","3,300,000","1,200,000","3,400,000","1,400,000","2,300,000","2,200,000","1,400,000","-400,000","1,500,000","-36,400,000","2,700,000","1,200,000","2,200,000","1,300,000","-600,000","-200,000","2,500,000","-1,400,000","4,500,000","4,500,000","3,200,000","-600,000","1,500,000","1,100,000","1,100,000","5,200,000","-8,000,000","-4,200,000","-800,000","-5,600,000","-1,500,000","38,600,000","45,200,000","-146,800,000","47,700,000","44,300,000","40,300,000","-146,900,000","27,500,000","28,200,000","35,900,000","-320,400,000","51,600,000","47,300,000","60,000,000","-313,900,000"
EBITDA,"102,300,000"
ReconciledCostOfRevenue,"2,070,900,000","552,200,000","537,900,000","-260,300,000","755,400,000","745,800,000","722,700,000","747,600,000","635,400,000","608,900,000","602,400,000","658,400,000","661,200,000","601,200,000","569,300,000","497,900,000","590,900,000","494,800,000","403,800,000","825,500,000","830,600,000","714,700,000","761,800,000","720,000,000","814,500,000","730,700,000","764,800,000","826,900,000","780,500,000","696,900,000","698,400,000","766,600,000","702,700,000","647,300,000","705,200,000","724,800,000","694,500,000","650,900,000","570,500,000","520,363,000","507,160,000","460,750,000","540,834,000","542,071,000","485,073,000","438,446,000","0","0","0","0","0","0","0","0",,,,,,,,,,"44,748,000","28,002,000","21,311,000","23,485,000","24,032,000","74,953,000","70,975,000","75,216,000","83,803,000","76,123,000","79,136,000","86,207,000","28,553,000","21,114,000","18,679,000","24,791,000","27,259,000","20,331,000","16,924,000","17,520,000","32,072,000","17,077,000","15,848,000","29,448,000","30,774,000","18,413,000","16,029,000","25,600,000","23,700,000","14,400,000","14,700,000","16,500,000","33,200,000","17,300,000","15,600,000","17,600,000","30,900,000","22,000,000","17,600,000","20,100,000","25,600,000","15,500,000","10,700,000","19,200,000","-25,600,000","19,700,000","33,100,000","39,200,000","-7,000,000","55,400,000","64,900,000","70,100,000","62,300,000","46,100,000","64,800,000","61,800,000","28,600,000","12,500,000","13,000,000","16,300,000","25,900,000","13,900,000","12,800,000","14,700,000","-17,900,000","30,800,000","25,900,000","26,800,000","25,000,000","36,100,000",,,,,,,,,,,,,,,
ReconciledDepreciation,"110,900,000","25,700,000","25,400,000","4,000,000","38,600,000","38,700,000","35,700,000","35,400,000","35,100,000","36,300,000","41,700,000","42,400,000","35,800,000","36,600,000","66,000,000","32,300,000","32,200,000","34,100,000","33,100,000","55,700,000","49,500,000","47,800,000","46,300,000","32,000,000","49,000,000","48,700,000","54,000,000","13,500,000","132,700,000","51,600,000","65,900,000","89,000,000","70,600,000","69,300,000","73,700,000","73,100,000","115,600,000","71,800,000","98,200,000","80,965,000","52,827,000","68,521,000","65,993,000","-5,462,000","47,208,000",,"18,000","18,000","4,000","4,000","3,000",,,,,,,,"0","0",,,"-9,743,000","3,399,000","2,955,000","3,407,000","3,438,000","-2,023,000","5,892,000","6,032,000","5,957,000","5,976,000","6,149,000","6,097,000","8,744,000","4,235,000","2,989,000","2,978,000","3,315,000","2,702,000","2,529,000","2,528,000","2,456,000","2,371,000","2,832,000","2,165,000","1,700,000","1,744,000","2,592,000","2,461,000","3,200,000","1,200,000","2,700,000","2,000,000","2,000,000","1,100,000","1,800,000","1,800,000","1,700,000","900,000","800,000","1,000,000","1,000,000","6,600,000","800,000","800,000","800,000","-1,200,000","13,400,000","2,900,000","2,800,000","12,000,000","23,300,000","4,000,000","3,500,000","-3,200,000","8,900,000","3,600,000","3,700,000","3,500,000","4,200,000","3,300,000","3,900,000","3,000,000","3,000,000","3,600,000","4,600,000","-16,100,000","12,200,000","12,900,000","12,700,000","27,900,000","12,600,000",,,,,,,,,,,,,,,
NetIncomeFromContinuingOperationNetMinorityInterest,"-51,700,000","-25,200,000","-30,600,000","-130,700,000","35,900,000","37,700,000","72,400,000","43,600,000","137,100,000","-58,400,000","-38,600,000","-79,200,000","-24,700,000","-55,000,000","-29,700,000","-149,100,000","380,900,000","-37,800,000","6,600,000","-1,100,000","-5,600,000","-27,700,000","-46,600,000","-40,100,000","75,500,000","-21,700,000","1,700,000","-143,100,000","-75,600,000","-228,300,000","-109,800,000","-6,300,000","98,300,000","-75,500,000","-26,800,000","-190,200,000","103,600,000","-33,300,000","74,100,000","173,173,000","-135,100,000","12,020,000","39,463,000","-76,816,000","193,631,000","-61,950,000","-8,700,000","-7,744,000","-3,159,000","-2,702,000","-11,811,000","-345,000","-462,000","-727,000","-456,000","-188,000","312,000","320,000","909,000","490,000","686,000","466,000","5,443,000","-5,841,000","-359,000","486,000","404,000","-3,729,000","464,000","78,000","315,000","784,000","837,000","1,798,000","93,000","-2,317,000","2,364,000","750,000","1,639,000","2,392,000","1,218,000","1,224,000","919,000","14,312,000","-9,640,000","-1,157,000","-15,462,000","-7,408,000","-410,000","-2,673,000","-10,900,000","-7,900,000","-900,000","-600,000","-4,400,000","800,000","58,100,000","6,500,000","4,600,000","300,000","2,900,000","2,700,000","1,900,000","-5,000,000","1,200,000","100,000","1,100,000","-600,000","-7,700,000","2,400,000","400,000","-10,700,000","-9,600,000","2,300,000","17,300,000","-600,000","10,500,000","-1,500,000","1,000,000","-100,000","2,100,000","-1,800,000","2,200,000","2,900,000","900,000","-100,000","-1,500,000","7,800,000","-20,000,000","-14,700,000","-7,500,000","-12,200,000","-26,100,000",,,,,,,,,,,,,,,
TotalUnusualItemsExcludingGoodwill,"-123,000,000","-35,400,000","-32,000,000","-31,600,000","-20,900,000","-12,500,000","-29,600,000","-14,900,000","56,500,000","-19,200,000","-78,600,000","-179,000,000","-25,000,000","-17,700,000","-9,800,000","-136,000,000","-22,800,000",,,,,,,"-26,200,000","-15,700,000","-27,600,000","42,400,000","109,300,000","-110,900,000","-243,800,000","-250,200,000","0","38,000,000","-84,500,000","-46,700,000","-237,800,000","52,600,000","-39,600,000","68,900,000","-31,565,000","-162,996,000","-14,071,000","-32,653,000","-49,268,000","113,159,000","616,000","172,000","4,000","115,000","232,000","34,000","831,000","383,000","32,000","38,000","3,000","4,000","68,000","484,000","52,000","32,000","2,000","12,933,000","-11,988,000","-107,000","-258,000","-2,510,000","-13,242,000","280,000","-365,000","1,186,000","326,000","49,000","-276,000","1,053,000","-12,000","-51,000","21,000","-61,000","-65,000","-44,000","-52,000","-256,000","-994,000","-10,250,000","-492,000","-13,262,000","-847,000","115,000","-2,254,000","-2,900,000","-15,000,000","-100,000","-1,700,000","-9,500,000","-500,000","85,300,000","1,300,000","-600,000","-1,500,000","100,000","2,000,000","900,000","-8,100,000","-600,000","-300,000","400,000","-3,000,000","-12,400,000","5,700,000","800,000","17,700,000","-15,400,000","4,400,000","28,400,000","3,400,000","19,700,000","1,200,000","2,400,000","4,400,000","2,300,000","-1,500,000","3,400,000","6,400,000","3,400,000","2,700,000","1,900,000","-4,600,000","100,000","-700,000","1,500,000","100,000","-17,700,000",,,,,,,,,,,,,,,
TotalUnusualItems,"-123,000,000","-35,400,000","-32,000,000","-31,600,000","-20,900,000","-12,500,000","-29,600,000","-14,900,000","56,500,000","-19,200,000","-78,600,000","-179,000,000","-25,000,000","-17,700,000","-9,800,000","-136,000,000","-22,800,000",,,,,,,"-26,200,000","-15,700,000","-27,600,000","42,400,000","109,300,000","-110,900,000","-243,800,000","-250,200,000","0","38,000,000","-84,500,000","-46,700,000","-237,800,000","52,600,000","-39,600,000","68,900,000","-31,565,000","-162,996,000","-14,071,000","-32,653,000","-49,268,000","113,159,000","616,000","172,000","4,000","115,000","232,000","34,000","831,000","383,000","32,000","38,000","3,000","4,000","68,000","484,000","52,000","32,000","2,000","12,933,000","-11,988,000","-107,000","-258,000","-2,510,000","-13,242,000","280,000","-365,000","1,186,000","326,000","49,000","-276,000","1,053,000","-12,000","-51,000","21,000","-61,000","-65,000","-44,000","-52,000","-256,000","-994,000","-10,250,000","-492,000","-13,262,000","-847,000","115,000","-2,254,000","-2,900,000","-15,000,000","-100,000","-1,700,000","-9,500,000","-500,000","85,300,000","1,300,000","-600,000","-1,500,000","100,000","2,000,000","900,000","-8,100,000","-600,000","-300,000","400,000","-3,000,000","-12,400,000","5,700,000","800,000","17,700,000","-15,400,000","4,400,000","28,400,000","3,400,000","19,700,000","1,200,000","2,400,000","4,400,000","2,300,000","-1,500,000","3,400,000","6,400,000","3,400,000","2,700,000","1,900,000","-4,600,000","100,000","-700,000","1,500,000","100,000","-17,700,000",,,,,,,,,,,,,,,
NormalizedEBITDA,"225,300,000","53,900,000","33,000,000","-201,900,000","154,500,000","169,200,000","195,000,000","167,600,000","205,900,000","12,800,000","118,100,000","154,000,000","114,200,000","71,800,000","99,900,000","91,200,000","183,600,000","63,200,000","60,700,000","156,200,000","195,700,000","189,300,000","165,400,000","223,500,000","270,100,000","192,600,000","153,600,000","-56,200,000","357,900,000","139,400,000","307,100,000","222,200,000","305,700,000","161,900,000","241,100,000","334,900,000","302,400,000","202,600,000","304,900,000","208,778,000","154,240,000","183,369,000","239,622,000","-5,620,000","196,319,000","22,429,000","-3,381,000","-7,789,000","-3,446,000","-3,966,000","-2,546,000","-2,232,000","-1,556,000","-1,232,000","-866,000","-859,000","-692,000","-933,000","-1,336,000","-918,000","-743,000","-961,000","-10,266,000","6,628,000","2,527,000","5,563,000","2,035,000","2,707,000","7,792,000","8,577,000","4,204,000","9,292,000","13,029,000","11,937,000","8,208,000","4,333,000","6,480,000","5,703,000","6,632,000","8,411,000","6,043,000","6,007,000","4,791,000","5,514,000","12,090,000","3,278,000","5,131,000","-15,993,000","-1,514,000","871,000","-5,100,000","12,200,000","-100,000","6,400,000","16,600,000","5,600,000","-74,100,000","9,700,000","10,500,000","4,800,000","5,800,000","1,900,000","3,400,000","15,900,000","4,900,000","2,500,000","2,700,000","4,000,000","27,200,000","-3,200,000","3,500,000","-42,100,000","41,400,000","800,000","-22,700,000","-5,300,000","-11,400,000","2,200,000","3,800,000","-2,300,000","6,400,000","9,300,000","3,700,000","-4,000,000","1,800,000","2,500,000","3,800,000","-6,300,000","4,500,000","9,400,000","10,400,000","22,200,000","28,800,000","38,600,000","45,200,000","-146,800,000","47,700,000","44,300,000","40,300,000","-146,900,000","27,500,000","28,200,000","35,900,000","-320,400,000","51,600,000","47,300,000","60,000,000","-313,900,000"
TaxRateForCalcs,"0.4","0.213","0.347","0.27","0.27","0.299","0.213","0.27","0.28","0.243","0.019","0.242","0.27","0.296","0.103","0.27","0.27","0.031","0.4","0.4","0.4","0.4","0.4","0.4","0.4","0.4","0.043","0.4","0.4","0.017","0.35","0.35","0.275","0.192","0.35","0.35","0.237","0.35","0.35","0.35","0.05","0.35","0.35","0.126","0.018","0.35","0.35","0.35","0","0.221","0.35","0.328","0.353","0.34","0.256","0.35","0.35","0.35","0.372","0.35","0.35","0.35","0.393","0.4","0.4","0.361","0.4","0.4","0.4","0.4","0.4","0.4","0.4","0.4","0.12","0.4","0.059","0.377","0.185","0.343","0.341","0.4","0.341","0.4","0.088","0.114","0.229","0.4","0.4","0.382","0.027","0.4","0.4","0.4","0.302","0.4","0.353","0.363","0.37","0.25","0.37","0.357","0.387","0.342","0.368","0.4","0.389","0.4","0.342","0.368","0.4","0.382","0.338","0.4","0.352","0.4","0.34","0.4","0.4","0.4","0.222","0.4","0.12","0.4","0.4","0.4","0.4","0.25","0.4","0.125","0.342","0.315","0.153",,,,,,,,,,,,,,,
TaxEffectOfUnusualItems,"-49,200,000","-7,540,200","-11,104,000","-8,532,000","-5,643,000","-3,737,500","-6,304,800","-4,023,000","15,820,000","-4,665,600","-1,493,400","-43,378,352.49","-6,750,000","-5,239,200","-1,009,400","-36,720,000","-6,156,000","0","0","0","0","0","0","-10,480,000","-6,280,000","-11,040,000","1,823,200","43,720,000","-44,360,000","-4,144,600","-87,570,000","0","10,450,000","-16,224,000","-16,345,000","-83,230,000","12,466,200","-13,860,000","24,115,000","-11,047,750","-8,224,955.443","-4,924,850","-11,428,550","-6,203,337.244","2,001,043.324","215,600","60,200","1,400","0","51,280.692","11,900","272,697.087","135,333.799","10,870.118","9,732.463","1,050","1,400","23,800","179,953.006","18,200","11,200","700","5,088,009.772","-4,795,200","-42,800","-93,063.145","-1,004,000","-5,296,800","112,000","-146,000","474,400","130,400","19,600","-110,400","126,107.784","-4,800","-3,023.876","7,918.629","-11,299.592","-22,286.354","-15,001.392","-20,800","-87,279.712","-397,600","-903,267.881","-56,131.7","-3,043,380.176","-338,800","46,000","-860,305.344","-77,678.571","-6,000,000","-40,000","-680,000","-2,865,079.365","-200,000","30,111,469.933","471,568.627","-221,917.808","-375,000","36,956.522","714,285.714","348,387.097","-2,771,052.632","-221,052.632","-120,000","155,555.556","-1,200,000","-4,239,316.239","2,100,000","320,000","6,752,601.156","-5,204,137.931","1,760,000","9,998,501.873","1,360,000","6,690,566.038","480,000","960,000","1,760,000","511,111.111","-600,000","408,000","2,560,000","1,360,000","1,080,000","760,000","-1,150,000","40,000","-87,500","513,157.895","31,460.674","-2,700,974.026",,,,,,,,,,,,,,,