name,ttm,03/31/2022,12/31/2021,09/30/2021,06/30/2021,03/31/2021,12/31/2020,09/30/2020,06/30/2020,03/31/2020,12/31/2019,09/30/2019,06/30/2019,03/31/2019,12/31/2018,09/30/2018,06/30/2018,03/31/2018,12/31/2017,09/30/2017,06/30/2017,03/31/2017,12/31/2016,09/30/2016,06/30/2016,03/31/2016,12/31/2015,09/30/2015,06/30/2015,03/31/2015,12/31/2014,09/30/2014,06/30/2014,03/31/2014,12/31/2013,09/30/2013,06/30/2013,03/31/2013,12/31/2012,09/30/2012,06/30/2012,03/31/2012,12/31/2011,09/30/2011,06/30/2011,03/31/2011,12/31/2010,09/30/2010,06/30/2010,03/31/2010,12/31/2009,09/30/2009,06/30/2009,03/31/2009,12/31/2008,09/30/2008,06/30/2008,03/31/2008,12/31/2007,09/30/2007,06/30/2007,03/31/2007,12/31/2006,09/30/2006,06/30/2006,03/31/2006,12/31/2005,09/30/2005,06/30/2005,03/31/2005,12/31/2004,09/30/2004,06/30/2004,03/31/2004,12/31/2003,09/30/2003,06/30/2003,03/31/2003,12/31/2002,09/30/2002,06/30/2002,03/31/2002,12/31/2001,09/30/2001,06/30/2001,03/31/2001,12/31/2000,09/30/2000,06/30/2000,03/31/2000,12/31/1999,09/30/1999,06/30/1999,03/31/1999,12/31/1998,09/30/1998,06/30/1998,03/31/1998,12/31/1997,09/30/1997,06/30/1997,03/31/1997,12/31/1996,09/30/1996,06/30/1996,03/31/1996,12/31/1995,09/30/1995,06/30/1995,03/31/1995,12/31/1994,09/30/1994,06/30/1994,03/31/1994,12/31/1993,09/30/1993,06/30/1993,03/31/1993,12/31/1992,09/30/1992,06/30/1992,03/31/1992,12/31/1991,09/30/1991,06/30/1991,03/31/1991,12/31/1990,09/30/1990,06/30/1990,03/31/1990,12/31/1989,09/30/1989,06/30/1989,03/31/1989,12/31/1988,09/30/1988,06/30/1988,03/31/1988,12/31/1987,09/30/1987,06/30/1987,03/31/1987,12/31/1986,09/30/1986,06/30/1986,03/31/1986,12/31/1985,09/30/1985
TotalRevenue,"2,054,300,000","880,900,000","555,400,000","290,200,000","327,800,000","1,104,900,000","512,600,000","251,900,000","321,100,000","715,500,000","566,900,000","225,600,000","321,300,000","803,500,000","602,000,000","239,200,000","350,600,000","813,400,000","561,800,000","258,700,000","323,500,000","663,400,000","495,100,000","279,300,000","249,300,000","609,300,000","399,400,000","204,200,000","275,200,000","877,400,000","619,600,000","222,300,000","241,800,000","694,504,000","468,610,000","147,114,000","165,289,000","397,613,000","307,003,000","169,538,000","186,849,000","358,175,000","410,913,000","271,046,000","344,281,000","543,778,000","444,202,000","284,031,000","324,507,000","635,325,000","491,166,000","251,930,000","309,944,000","659,068,000","674,256,000","451,789,000","505,488,000","747,706,000","541,351,000","323,272,000","457,927,000","700,834,000","539,561,000","268,994,000","330,542,000","708,780,000","689,235,000","266,665,000","311,327,000","576,555,000","442,485,000","197,668,000","245,060,000","474,955,000","332,637,000","161,385,000","186,595,000","422,179,000","280,171,000","125,851,000","147,281,000","257,398,000","194,644,000","91,441,000","122,901,000","442,742,000","345,025,000","81,046,000","95,314,000","238,334,000","151,400,000","56,700,000","70,400,000","207,000,000","149,700,000","56,500,000","77,200,000","213,800,000","199,700,000","60,700,000","84,200,000","264,000,000","193,900,000","57,200,000","86,000,000","246,600,000","155,000,000","50,500,000","67,600,000","191,600,000","122,200,000","49,100,000","74,600,000","233,000,000","167,200,000","53,800,000","76,000,000","214,100,000","160,000,000","48,100,000","61,300,000","162,500,000","146,300,000","31,700,000","62,900,000","196,500,000","146,900,000","44,500,000","85,500,000","198,100,000","142,700,000","55,000,000","88,600,000","220,900,000","127,800,000","50,000,000","77,700,000","230,200,000","125,200,000","50,200,000","76,900,000","192,400,000","127,000,000","59,100,000","85,400,000","249,700,000","154,800,000","66,700,000"
	OperatingRevenue,"2,054,300,000","880,900,000","555,400,000","290,200,000","327,800,000","1,104,900,000","512,600,000","251,900,000","321,100,000","715,500,000","566,900,000","225,600,000","321,300,000","803,500,000","602,000,000","239,200,000","350,600,000","813,400,000","561,800,000","258,700,000","323,500,000","663,400,000","495,100,000","279,300,000","249,300,000","609,300,000","399,400,000","204,200,000","275,200,000","877,400,000","619,600,000","222,300,000","241,800,000","694,253,000","468,419,000","146,707,000","164,950,000","395,352,000","305,360,000","165,655,000","186,849,000","358,175,000","410,913,000","271,046,000","344,281,000","543,778,000","444,202,000","284,031,000","324,507,000","635,325,000","491,166,000","251,930,000","309,944,000","659,068,000","674,256,000","451,789,000","505,488,000","747,706,000","541,351,000","323,272,000","457,927,000","700,834,000","539,561,000","268,994,000","330,542,000","708,780,000","689,235,000","266,665,000","311,327,000","576,555,000","442,485,000","197,668,000","245,060,000","474,955,000","332,637,000","161,385,000","186,595,000","422,179,000","280,171,000","125,851,000","147,281,000","257,398,000","194,644,000","91,441,000","122,901,000","442,742,000","345,025,000","81,046,000","95,314,000","238,334,000","151,400,000","56,700,000","70,400,000","207,000,000","149,700,000","56,500,000","77,200,000","213,800,000","199,700,000","60,700,000","84,200,000","264,000,000","193,900,000","57,200,000","86,000,000","246,600,000","155,000,000","50,500,000","67,600,000","191,600,000","122,200,000","49,100,000","74,600,000","233,000,000","167,200,000","53,800,000","76,000,000","214,100,000","160,000,000","48,100,000","61,300,000","162,500,000","146,300,000","31,700,000","62,900,000","196,500,000","146,900,000","44,500,000","85,500,000","198,100,000","142,700,000","55,000,000","88,600,000","220,900,000","127,800,000","50,000,000","77,700,000","230,200,000","125,200,000","50,200,000","76,900,000","192,400,000","127,000,000","59,100,000","85,400,000","249,700,000","154,800,000","66,700,000"
CostOfRevenue,"1,252,000,000","505,200,000","365,600,000","172,300,000","208,900,000","738,100,000","292,800,000","168,600,000","199,500,000","406,300,000","380,300,000","179,600,000","233,200,000","492,200,000","414,000,000","189,400,000","224,200,000","572,500,000","379,700,000","191,700,000","204,300,000","396,800,000","334,900,000","225,900,000","152,400,000","363,900,000","250,700,000","157,300,000","180,500,000","631,800,000","462,300,000","187,400,000","176,500,000","542,389,000","355,891,000","122,945,000","126,220,000","272,359,000","199,628,000","129,158,000","112,061,000","232,969,000","299,310,000","207,576,000","245,212,000","413,008,000","173,365,000","225,918,000","249,545,000","504,399,000","376,730,000","193,196,000","229,353,000","517,993,000","254,897,000","1,104,996,000","112,896,000","377,526,000","222,841,000","-480,162,000","334,438,000","373,576,000","251,523,000","47,989,000","90,305,000","371,388,000","312,039,000","46,284,000","102,995,000","321,228,000","206,424,000","43,277,000","68,855,000","288,284,000","175,275,000","41,688,000","60,293,000","247,918,000","133,843,000","26,771,000","41,565,000","156,115,000","115,594,000","38,868,000","62,737,000","310,824,000","233,332,000","31,603,000","40,274,000","141,790,000","81,600,000","14,100,000","24,600,000","121,100,000","86,600,000","20,900,000","34,500,000","130,100,000","126,300,000","23,400,000","38,000,000","172,100,000","120,200,000","22,700,000","43,200,000","153,800,000","88,700,000","17,500,000","28,500,000","109,900,000",,"17,700,000","37,500,000",,,,,,,,,,,,,,,,,,,,,,,,,,,,,,,,,,,
GrossProfit,"802,300,000","375,700,000","189,800,000","117,900,000","118,900,000","366,800,000","219,800,000","83,300,000","121,600,000","309,200,000","186,600,000","46,000,000","88,100,000","311,300,000","188,000,000","49,800,000","126,400,000","240,900,000","182,100,000","67,000,000","119,200,000","266,600,000","160,200,000","53,400,000","96,900,000","245,400,000","148,700,000","46,900,000","94,700,000","245,600,000","157,300,000","34,900,000","65,300,000","152,115,000","112,719,000","24,169,000","39,069,000","125,254,000","107,375,000","40,380,000","74,788,000","125,206,000","111,603,000","63,470,000","99,069,000","130,770,000","270,837,000","58,113,000","74,962,000","130,926,000","114,436,000","58,734,000","80,591,000","141,075,000","419,359,000","-653,207,000","392,592,000","370,180,000","318,510,000","803,434,000","123,489,000","327,258,000","288,038,000","221,005,000","240,237,000","337,392,000","377,196,000","220,381,000","208,332,000","255,327,000","236,061,000","154,391,000","176,205,000","186,671,000","157,362,000","119,697,000","126,302,000","174,261,000","146,328,000","99,080,000","105,716,000","101,283,000","79,050,000","52,573,000","60,164,000","131,918,000","111,693,000","49,443,000","55,040,000","96,544,000","69,800,000","42,600,000","45,800,000","85,900,000","63,100,000","35,600,000","42,700,000","83,700,000","73,400,000","37,300,000","46,200,000","91,900,000","73,700,000","34,500,000","42,800,000","92,800,000","66,300,000","33,000,000","39,100,000","81,700,000",,"31,400,000","37,100,000",,,,,,,,,,,,,,,,,,,,,,,,,,,,,,,,,,,
OperatingExpense,"401,900,000","130,500,000","94,500,000","91,200,000","85,700,000","109,400,000","86,900,000","83,200,000","79,500,000","98,700,000","84,300,000","71,600,000","74,800,000","101,800,000","82,900,000","69,400,000","74,000,000","99,100,000","77,000,000","65,100,000","68,900,000","86,200,000","71,100,000","61,100,000","61,600,000","77,700,000","61,700,000","55,400,000","58,700,000","87,900,000","70,000,000","43,300,000","40,600,000","64,936,000","49,814,000","33,891,000","26,788,000","73,405,000","65,290,000","40,295,000","59,379,000","74,072,000","67,629,000","61,100,000","65,050,000","80,366,000","229,741,000","57,048,000","62,095,000","80,656,000","73,772,000","61,801,000","64,388,000","85,835,000","362,671,000","-657,838,000","373,333,000","318,297,000","278,464,000","796,642,000","102,149,000","286,522,000","251,640,000","216,359,000","228,956,000","296,181,000","331,059,000","220,987,000","192,836,000","212,353,000","204,096,000","157,238,000","162,650,000","148,212,000","126,088,000","121,299,000","117,179,000","131,373,000","117,095,000","101,077,000","101,732,000","58,217,000","61,734,000","56,217,000","60,914,000","90,946,000","55,381,000","15,959,000","49,408,000","58,090,000","43,300,000","35,800,000","37,800,000","48,600,000","44,500,000","36,700,000","40,200,000","50,100,000","46,900,000","43,100,000","41,200,000","53,300,000","43,700,000","39,700,000","40,500,000","54,100,000","38,300,000","36,200,000","38,900,000","48,600,000",,"35,900,000","38,000,000",,,,,,,,,,,,,,,,,,,,,,,,,,,,,,,,,,,
	SellingGeneralAndAdministration,,,,,,,,,,,,,,,,,,,,,,,,,,,,,,,,,,,,,,,,,,,"152,559,000","168,332,000",,,"163,353,000",,,,,,,,,,,,,,,"170,881,000",,,,,,,,,,,,,,,,,,,,,,,,,,,,,,,,,,,,,,,,,,,,,,,,,,,,,,,,,,,,,,,,,,,,,,,,,,,,,,,,,,,,,,
		SellingAndMarketingExpense,,,,,,,,,,,,,,,,,,,,,,,,,,,,,,,,,,,,,,,,,,,"152,559,000","168,332,000",,,"163,353,000",,,,,,,,,,,,,,,,,,,,,,,,,,,,,,,,,,,,,,,,,,,,,,,,,,,,,,,,,,,,,,,,,,,,,,,,,,,,,,,,,,,,,,,,,,,,,,,,,,,,,
	DepreciationAmortizationDepletionIncomeStatement,"226,600,000","58,900,000","56,900,000","57,700,000","53,100,000","51,500,000","50,800,000","56,100,000","47,800,000","47,000,000","46,400,000","46,200,000","45,100,000","44,400,000","43,700,000","45,100,000","40,500,000","41,100,000","40,300,000","39,500,000","38,400,000","37,900,000","37,700,000","35,400,000","34,200,000","33,800,000","33,500,000","33,200,000","32,500,000","32,200,000","32,000,000","23,900,000","18,400,000","20,118,000","20,026,000","14,541,000","11,519,000","11,258,000","10,965,000","10,289,000","10,186,000","10,175,000","10,089,000","9,981,000","9,856,000","9,739,000","9,638,000","9,428,000","9,396,000","9,385,000","9,363,000","9,262,000","9,190,000","9,180,000","9,119,000","9,008,000","8,819,000","8,763,000","8,713,000","8,450,000","8,565,000","8,568,000","8,497,000","8,368,000","8,275,000","8,178,000","6,083,000","6,117,000","5,947,000","5,667,000","5,305,000","5,270,000","5,746,000","5,711,000","5,658,000","5,561,000","5,579,000","5,596,000","5,493,000","5,474,000","6,106,000","6,053,000","6,582,000","6,627,000","6,597,000","6,595,000","6,518,000","6,434,000","6,390,000","6,455,000","5,500,000","5,500,000","5,400,000","5,300,000","5,300,000","5,300,000","6,800,000","6,700,000","6,600,000","6,500,000","6,400,000","6,500,000","6,500,000","6,600,000","6,200,000","6,100,000","6,100,000","6,000,000","6,000,000","5,900,000",,"4,900,000","4,800,000",,,,,,,,,,,,,,,,,,,,,,,,,,,,,,,,,,,
		DepreciationAndAmortizationInIncomeStatement,"226,600,000","58,900,000","56,900,000","57,700,000","53,100,000","51,500,000","50,800,000","56,100,000","47,800,000","47,000,000","46,400,000","46,200,000","45,100,000","44,400,000","43,700,000","45,100,000","40,500,000","41,100,000","40,300,000","39,500,000","38,400,000","37,900,000","37,700,000","35,400,000","34,200,000","33,800,000","33,500,000","33,200,000","32,500,000","32,200,000","32,000,000","23,900,000","18,400,000","20,118,000","20,026,000","14,541,000","11,519,000","11,258,000","10,965,000","10,289,000","10,186,000","10,175,000","10,089,000","9,981,000","9,856,000","9,739,000","9,638,000","9,428,000","9,396,000","9,385,000","9,363,000","9,262,000","9,190,000","9,180,000",,,,,,,,,,,,,,,,,,,,,,,,,,,,,,,,,,,,,,,,,,,,,,,,,,,,,,,,,,,,,,,,,,,,,,,,,,,,,,,,,,,,,,,,,,,,,,
	OtherTaxes,"175,300,000","71,600,000","37,600,000","33,500,000","32,600,000","57,900,000","36,100,000","27,100,000","31,700,000","51,700,000","37,900,000","25,400,000","29,700,000","57,400,000","39,200,000","24,300,000","33,500,000","58,000,000","36,700,000","25,600,000","30,500,000","48,300,000","33,400,000","25,700,000","27,400,000","43,900,000","28,200,000","22,200,000","26,200,000","55,700,000","38,000,000","19,400,000","22,200,000","41,739,000","28,589,000","10,554,000","12,968,000","21,751,000","14,806,000","8,070,000","10,842,000","20,093,000","14,667,000","7,986,000","12,332,000","24,686,000","15,748,000","7,117,000","12,016,000","26,050,000","16,224,000","8,244,000","13,821,000","28,216,000","18,358,000","8,538,000","14,549,000","29,255,000","16,681,000","7,894,000","13,360,000","28,348,000","18,759,000","8,127,000","14,014,000","29,258,000","19,639,000","7,361,000","13,198,000","26,477,000","15,823,000","8,330,000","12,018,000","24,897,000","14,832,000","7,842,000","11,553,000","22,579,000","14,128,000","7,254,000","9,752,000","18,437,000","12,899,000","8,232,000","11,553,000","27,996,000","17,296,000","7,517,000","8,786,000","16,124,000","10,400,000","6,400,000","8,600,000","16,300,000","10,500,000","6,700,000","8,600,000","15,800,000","12,700,000","6,800,000","9,000,000","19,300,000","11,400,000","7,500,000","9,600,000","18,400,000","9,500,000","6,500,000","9,400,000","15,300,000",,"6,300,000","8,600,000",,,,,,,,,,,,,,,,,,,,,,,,,,,,,,,,,,,
	OtherOperatingExpenses,,,,,,,,,,,,,,,,,,,,,,,,,,,,,,,,,,"3,079,000","1,199,000","8,796,000","2,301,000","40,396,000","39,519,000","38,717,000","32,639,000","38,043,000","37,565,000","36,597,000","36,930,000","39,500,000","34,862,000","33,850,000","33,485,000","38,002,000","42,011,000","36,931,000","34,718,000","41,178,000","328,660,000","-682,619,000","343,422,000","274,465,000","246,835,000","773,480,000","74,394,000","72,665,000","218,786,000","194,401,000","201,187,000","253,478,000","300,349,000","76,973,000","168,531,000","175,529,000","178,754,000","17,006,000","140,287,000","112,963,000","101,169,000","103,114,000","95,464,000","98,248,000","93,030,000","83,715,000","81,327,000","29,409,000","37,939,000","36,445,000","37,915,000","51,319,000","27,038,000","-2,689,000","29,936,000","30,568,000","22,700,000","18,900,000","19,000,000","22,300,000","23,600,000","-47,300,000","20,200,000","23,100,000","22,700,000","25,200,000","21,200,000","23,000,000","21,300,000","21,300,000","20,300,000","24,600,000","18,300,000","19,600,000","19,200,000","22,900,000",,"19,900,000","20,400,000",,,,,,,,,,,,,,,,,,,,,,,,,,,,,,,,,,,
OperatingIncome,"400,400,000","245,200,000","95,300,000","26,700,000","33,200,000","257,400,000","132,900,000","100,000","42,100,000","210,500,000","102,300,000","-25,600,000","13,300,000","209,500,000","105,100,000","-19,600,000","52,400,000","141,800,000","105,100,000","1,900,000","50,300,000","180,400,000","89,100,000","-7,700,000","35,300,000","167,700,000","87,000,000","-8,500,000","36,000,000","157,700,000","87,300,000","-8,400,000","24,700,000","87,179,000","62,905,000","-9,722,000","12,281,000","51,849,000","42,085,000","85,000","15,409,000","51,134,000","43,974,000","2,370,000","34,019,000","50,404,000","41,096,000","1,065,000","12,867,000","50,270,000","40,664,000","-3,067,000","16,203,000","55,240,000","56,688,000","4,631,000","19,259,000","51,883,000","40,046,000","6,792,000","21,340,000","40,736,000","36,398,000","4,646,000","11,281,000","41,211,000","46,137,000","-606,000","15,496,000","42,974,000","31,965,000","-2,847,000","13,555,000","38,459,000","31,274,000","-1,602,000","9,123,000","42,888,000","29,233,000","-1,997,000","3,984,000","43,066,000","17,316,000","-3,644,000","-750,000","40,972,000","56,312,000","33,484,000","5,632,000","38,454,000","26,500,000","6,800,000","8,000,000","37,300,000","18,600,000","-1,100,000","2,500,000","33,600,000","26,500,000","-5,800,000","5,000,000","38,600,000","30,000,000","-5,200,000","2,300,000","38,700,000","28,000,000","-3,200,000","200,000","33,100,000","122,200,000","-4,500,000","-900,000","233,000,000","167,200,000","53,800,000","76,000,000","214,100,000","160,000,000","48,100,000","61,300,000","162,500,000","146,300,000","31,700,000","62,900,000","196,500,000","146,900,000","44,500,000","85,500,000","198,100,000","142,700,000","55,000,000","88,600,000","220,900,000","127,800,000","50,000,000","77,700,000","230,200,000","125,200,000","50,200,000","76,900,000","192,400,000","127,000,000","59,100,000","85,400,000","249,700,000","154,800,000","66,700,000"
NetNonOperatingInterestIncomeExpense,"-111,200,000","-27,500,000","-28,600,000","-28,200,000","-26,900,000","-25,800,000","-25,700,000","-25,200,000","-26,400,000","-27,200,000","-26,700,000","-25,300,000","-25,600,000","-27,600,000","-25,900,000","-24,400,000","-24,200,000","-25,400,000","-24,400,000","-22,900,000","-21,400,000","-22,700,000","-22,100,000","-19,500,000","-19,400,000","-19,300,000","-19,000,000","-18,500,000","-17,800,000","-19,100,000","-19,200,000","-15,000,000","-11,400,000","-9,230,000","-10,212,000","-8,751,000","-6,696,000","-6,448,000","-5,620,000","-4,877,000","-6,166,000","-6,279,000","-5,966,000","-6,295,000","-6,147,000","-6,022,000","-6,238,000","-7,993,000","-6,375,000","-6,310,000","-6,174,000","-6,219,000","-6,252,000","-6,650,000",,,,,,,,,,,,,,,,,,,,,,,,,,,,,,,,,,,,,,,,,,,,,,,,,,,,,,,,,,,,,,,,,,,,,,,,,,,,,,,,,,,,,,,,,,,,,,
	InterestIncomeNonOperating,,,,,,,,,,,,,,,,,,,,,,,,,,,,,,,,,,"142,000","249,000","261,000","164,000","257,000","406,000",,,,"348,000",,,"267,000","448,000",,"402,000","361,000","535,000","539,000","631,000","663,000",,,,,,,,,,,,,,,,,,,,,,,,,,,,,,,,,,,,,,,,,,,,,,,,,,,,,,,,,,,,,,,,,,,,,,,,,,,,,,,,,,,,,,,,,,,,,,
	InterestExpenseNonOperating,"111,200,000","27,500,000","28,600,000","28,200,000","26,900,000","25,800,000","25,700,000","25,200,000","26,400,000","27,200,000","26,700,000","25,300,000","25,600,000","27,600,000","25,900,000","24,400,000","24,200,000","25,400,000","24,400,000","22,900,000","21,400,000","22,700,000","22,100,000","19,500,000","19,400,000","19,300,000","19,000,000","18,500,000","17,800,000","19,100,000","19,200,000","15,000,000","11,400,000","9,372,000","10,461,000","9,012,000","6,860,000","6,705,000","6,026,000","6,186,000","6,166,000","6,279,000","6,314,000","6,295,000","6,147,000","6,289,000","6,686,000","6,695,000","6,777,000","6,671,000","6,709,000","6,758,000","6,883,000","7,313,000",,,,,,,,,,,,,,,,,,,,,,,,,,,,,,,,,,,,,,,,,,,,,,,,,,,,,,,,,,,,,,,,,,,,,,,,,,,,,,,,,,,,,,,,,,,,,,
	TotalOtherFinanceCost,,,,,,,,,,,"26,700,000","25,300,000",,,,,,,,,,,,,,,,,,,,,,,,,,,,,,,,,,,,,,,,,,,,,,,,,,,,,,,,,,,,,,,,,,,,,,,,,,,,,,,,,,,,,,,,,,,,,,,,,,,,,,,,,,,,,,,,,,,,,,,,,,,,,,,,,,,,,,,,
OtherIncomeExpense,"-5,500,000","-3,400,000","7,400,000","-8,500,000","-1,000,000","1,800,000","4,300,000","900,000","-135,600,000","-19,500,000","5,700,000","5,900,000","6,400,000","6,100,000","2,800,000","100,000","3,400,000","700,000","2,200,000","1,000,000","1,500,000","3,600,000","500,000","4,800,000","1,600,000","800,000","1,400,000","-1,400,000","500,000","700,000","1,400,000","-2,300,000","-2,400,000","-390,000","1,398,000","159,000","-562,000","1,083,000","678,000","-24,000","87,000","830,000","722,000","-2,863,000","-8,108,000","-261,000","1,052,000","2,704,000","-593,000","-43,000","1,052,000","-1,403,000","700,000","-416,000","739,000","-2,053,000","-1,574,000","45,000","886,000","-4,295,000","1,031,000","1,071,000","3,303,000","1,659,000","1,385,000","1,179,000","1,285,000","-696,000","822,000","-94,000","1,574,000","179,000","65,000","1,905,000","1,552,000","74,000","12,000","-591,000","1,048,000","5,000","-76,000","-208,000","924,000","-39,000","-100,000","564,000","-19,573,000","-34,243,000","-5,000","-35,000","-5,800,000","-8,900,000","-3,900,000","600,000","1,500,000","300,000","600,000","700,000","900,000","300,000","600,000","300,000","500,000","-700,000","600,000","3,600,000","800,000","200,000","200,000","600,000",,"200,000",,,,,,,,,,,,,,,,,,,,,,,,,,,,,,,,,,,,
	GainOnSaleOfSecurity,,,,,,,,,,,,,,,,,,,,,,,,,,,,,,,,,,"-612,000","746,000","1,730,000","24,000","1,174,000","-70,000",,,,"1,030,000",,,"390,000",,,,,,,,,,,,,,,,,,,,,,,,,,,,,,,,,,,,,,,,,,,,,,,,,,,,,,,,,,,,,,,,,,,,,,,,,,,,,,,,,,,,,,,,,,,,,,,,,,,,,,
	SpecialIncomeCharges,,,,"0","0",,,"0","-148,600,000",,,,,,,,,,,,,,,,,,,,,,,,,,,,,,,,"87,000","830,000","-308,000","-2,863,000","-8,108,000","-651,000","1,052,000","2,704,000","-593,000","-43,000","1,052,000","-1,403,000","700,000","-416,000","739,000","-2,053,000","-1,574,000","45,000","886,000","-4,295,000","1,031,000","1,071,000","3,303,000","1,659,000","1,385,000","1,179,000","1,285,000","-696,000","822,000","-94,000","1,574,000","179,000","65,000","1,905,000","1,552,000","74,000","12,000","-591,000","1,048,000","5,000","-76,000","-208,000","924,000","-39,000","-100,000","564,000","-19,573,000","-34,243,000","-5,000","-35,000","-5,800,000","-8,900,000","-3,900,000","600,000","1,500,000","300,000","600,000","700,000","900,000","300,000","600,000","300,000","500,000","-700,000","600,000","3,600,000","800,000","200,000","200,000","600,000",,"200,000",,,,,,,,,,,,,,,,,,,,,,,,,,,,,,,,,,,,
		WriteOff,,,,"0","0",,,"0","148,600,000",,,,,,,,,,,,,,,,,,,,,,,,,,,,,,,,,,,,,,,,,,,,,,,,,,,,,,,,,,,,,,,,,,,,,,,,,,,,,,,,,,,,,,,,,,,,,,,,,,,,,,,,,,,,,,,,,,,,,,,,,,,,,,,,,,,,,,,,,,,
		OtherSpecialCharges,,,,,,,,,,,,,,,,,,,,,,,,,,,,,,,,,,,,,,,,,,,"308,000",,,"651,000",,,,,,,,,,,,,,,,,,,,,,,,,,,,,,,,,,,,,,,,,,,,,,,,,,,,,,,,,,,,,,,,,,,,,,,,,,,,,,,,,,,,,,,,,,,,,,,,,,,,,,
	OtherNonOperatingIncomeExpenses,"-5,500,000","-3,400,000","7,400,000","-8,500,000","-1,000,000","1,800,000","4,300,000","900,000","13,000,000","-19,500,000","5,700,000","5,900,000","6,400,000","6,100,000","2,800,000","100,000","3,400,000","700,000","2,200,000","1,000,000","1,500,000","3,600,000","500,000","4,800,000","1,600,000","800,000","1,400,000","-1,400,000","500,000","700,000","1,400,000","-2,300,000","-2,400,000","222,000","652,000","-1,571,000","-586,000","-91,000","748,000",,,,,,,,,,,,,,,,,,,,,,,,,,,,,,,,,,,,,,,,,,,,,,,,,,,,,,,,,,,,,,,,,,,,,,,,,,,,,,,,,,,,,,,,,,,,,,,,,,,,,,,,,,,,,
PretaxIncome,"283,700,000","214,300,000","74,100,000","-10,000,000","5,300,000","233,400,000","111,500,000","-24,200,000","-119,900,000","163,800,000","81,300,000","-45,000,000","-5,900,000","188,000,000","82,000,000","-43,900,000","31,600,000","117,100,000","82,900,000","-20,000,000","30,400,000","161,300,000","67,500,000","-22,400,000","17,500,000","149,200,000","69,400,000","-28,400,000","18,700,000","139,300,000","69,500,000","-25,700,000","10,900,000","77,559,000","54,091,000","-18,314,000","5,023,000","46,484,000","37,143,000","-4,816,000","9,330,000","45,685,000","38,730,000","-6,788,000","19,764,000","44,121,000","35,910,000","-4,224,000","5,899,000","43,917,000","35,542,000","-10,689,000","10,651,000","48,174,000","48,635,000","-7,686,000","12,011,000","45,949,000","32,504,000","-1,315,000","14,024,000","32,349,000","29,748,000","-2,738,000","3,766,000","32,813,000","38,763,000","-8,807,000","8,899,000","35,026,000","25,768,000","-10,317,000","5,955,000","33,683,000","26,061,000","-8,070,000","2,514,000","35,257,000","23,567,000","-8,318,000","-2,426,000","36,450,000","11,655,000","-9,874,000","-7,625,000","33,655,000","29,147,000","-7,049,000","-35,000","32,336,000","14,800,000","-6,800,000","-700,000","32,400,000","14,800,000","-5,800,000","-2,000,000","28,800,000","21,800,000","-10,000,000","1,000,000","34,000,000","25,500,000","-10,300,000","-1,200,000","37,500,000","24,000,000","-7,400,000","-3,800,000","28,700,000",,"-8,900,000","-4,900,000",,,,,,,,,,,,,,,,,,,,,,,,,,,,,,,,,,,
TaxProvision,"59,000,000","40,700,000","18,400,000","-100,000","0","46,000,000","22,600,000","-4,500,000","-27,600,000","30,200,000","14,300,000","-10,700,000","-2,900,000","33,400,000","14,700,000","-18,000,000","5,700,000","18,900,000","-33,100,000","-6,700,000","8,700,000","53,300,000","22,300,000","-8,200,000","6,800,000","48,400,000","22,500,000","-9,700,000","4,600,000","44,900,000","22,400,000","-10,800,000","-800,000","25,340,000","18,499,000","-8,678,000","-1,562,000","16,242,000","11,575,000","-4,165,000","897,000","16,001,000","13,556,000","-3,961,000","4,374,000","16,228,000","12,541,000","-2,627,000","1,168,000","15,897,000","12,656,000","-5,942,000","3,774,000","17,356,000","17,321,000","-4,523,000","2,902,000","15,889,000","11,601,000","-1,885,000","4,752,000","11,519,000","10,649,000","-1,913,000","1,026,000","11,871,000","12,583,000","-3,731,000","2,788,000","12,568,000","9,136,000","-4,510,000","2,192,000","12,128,000","9,454,000","-3,983,000","476,000","13,687,000","8,472,000","-3,103,000","-1,532,000","13,869,000","3,936,000","-4,795,000","-3,952,000","12,948,000","10,630,000","-3,657,000","-357,000","12,882,000","5,200,000","-2,900,000","-900,000","12,300,000","5,100,000","-2,600,000","-1,100,000","10,400,000","8,200,000","-4,100,000","200,000","12,500,000","9,400,000","-3,700,000","-800,000","13,500,000","8,300,000","-3,000,000","-1,800,000","10,600,000",,"-3,300,000","-2,200,000",,,,,,,,,,,,,,,,,,,,,,,,,,,,,,,,,,,
NetIncomeCommonStockholders,"209,600,000","169,700,000","51,900,000","-13,500,000","1,500,000","183,400,000","85,100,000","-23,300,000","-95,900,000","129,700,000","63,200,000","-37,900,000","-4,600,000","154,300,000","67,200,000","-25,400,000","25,800,000","98,200,000","116,000,000","-13,300,000","21,700,000","108,000,000","45,200,000","-14,200,000","10,700,000","100,800,000","46,900,000","-18,700,000","14,100,000","94,400,000","47,100,000","-14,900,000","11,700,000","52,219,000","35,592,000","-9,636,000","6,585,000","30,242,000","25,568,000","-651,000","8,433,000","29,684,000","25,174,000","-2,827,000","15,390,000","27,893,000","23,369,000","-1,597,000","4,731,000","28,020,000","22,886,000","-4,747,000","6,877,000","30,804,000","31,306,000","-3,594,000","9,259,000","51,354,000","20,903,000","560,000","9,262,000","20,819,000","19,087,000","-836,000","2,728,000","20,929,000","26,168,000","-5,088,000","6,098,000","22,443,000","16,617,000","-5,822,000","3,747,000","21,540,000","16,591,000","-4,102,000","2,022,000","21,570,000","15,095,000","-5,231,000","-910,000","22,566,000","7,719,000","-5,100,000","-3,695,000","20,685,000","18,495,000","-3,415,000","300,000","19,430,000","9,600,000","-3,900,000","200,000","20,100,000","9,700,000","-3,200,000","-900,000","18,400,000","13,600,000","-5,900,000","800,000","21,500,000","16,100,000","-6,600,000","-400,000","24,000,000","15,700,000","-4,500,000","-2,000,000","18,100,000","9,200,000","-5,600,000","-2,700,000","18,600,000","11,900,000","-6,600,000","-2,100,000","20,300,000","13,500,000","-4,700,000","-2,400,000","13,300,000","12,100,000","-3,700,000","-3,000,000","15,700,000","10,900,000","-2,400,000","-3,700,000","15,200,000","7,700,000","-5,000,000","600,000",,,,,,,,,,,,,,,
	NetIncome,"224,700,000","173,600,000","55,700,000","-9,900,000","5,300,000","187,400,000","88,900,000","-19,700,000","-92,300,000","133,600,000","67,000,000","-34,300,000","-3,000,000","154,600,000","67,300,000","-25,900,000","25,900,000","98,200,000","116,000,000","-13,300,000","21,700,000","108,000,000","45,200,000","-14,200,000","10,700,000","100,800,000","46,900,000","-18,700,000","14,100,000","94,400,000","47,100,000","-14,900,000","11,700,000","52,219,000","35,592,000","-9,636,000","6,585,000","30,242,000","25,568,000","-651,000","8,433,000","29,684,000","25,174,000","-2,827,000","15,390,000","27,893,000","23,369,000","-1,597,000","4,731,000","28,020,000","22,886,000","-4,747,000","6,877,000","30,811,000","31,314,000","-3,586,000","9,267,000","51,354,000","20,903,000","570,000","9,272,000","20,830,000","19,099,000","-825,000","2,740,000","20,942,000","26,180,000","-5,076,000","6,111,000","22,458,000","16,632,000","-5,807,000","3,763,000","21,555,000","16,607,000","-4,087,000","2,038,000","21,570,000","15,095,000","-5,215,000","-894,000","22,581,000","7,719,000","-5,079,000","-3,673,000","20,707,000","18,517,000","-3,392,000","322,000","19,454,000","9,600,000","-3,900,000","200,000","20,100,000","9,700,000","-3,200,000","-900,000","18,400,000","13,600,000","-5,900,000","800,000","21,500,000","16,100,000","-6,600,000","-400,000","24,000,000","15,700,000","-4,400,000","-2,000,000","18,100,000","9,200,000","-5,600,000","-2,700,000","18,600,000","11,900,000","-6,500,000","-2,100,000","20,300,000","13,500,000","-4,700,000","-2,400,000","13,300,000","12,100,000","-3,600,000","-3,000,000","15,700,000","10,900,000","-2,300,000","-3,700,000","15,200,000","7,700,000","-5,000,000","600,000",,,,,,,,,,,,,,,
		NetIncomeIncludingNoncontrollingInterests,"224,700,000","173,600,000","55,700,000","-9,900,000","5,300,000","187,400,000","88,900,000","-19,700,000","-92,300,000","133,600,000","67,000,000","-34,300,000","-3,000,000","154,600,000","67,300,000","-25,900,000","25,900,000","98,200,000","116,000,000","-13,300,000","21,700,000","108,000,000","45,200,000","-14,200,000","10,700,000","100,800,000","46,900,000","-18,700,000","14,100,000","94,400,000","47,100,000","-14,900,000","11,700,000","52,219,000","35,592,000","-9,636,000","6,585,000","30,242,000","25,568,000","-651,000","8,433,000","29,684,000","25,174,000","-2,827,000","15,390,000","27,893,000","23,369,000","-1,597,000","4,731,000","28,020,000","22,886,000","-4,747,000","6,877,000","30,811,000","31,314,000","-3,586,000","9,267,000","51,354,000","20,903,000","570,000","9,272,000","20,830,000","19,099,000","-825,000","2,740,000","20,942,000","26,180,000","-5,076,000","6,111,000","22,458,000","16,632,000","-5,807,000","3,763,000","21,555,000","16,607,000","-5,964,000","2,904,000","21,585,000","15,111,000","-5,215,000","-894,000","22,581,000","7,740,000","-5,079,000","-3,673,000","20,707,000","18,517,000","-3,392,000","322,000","19,454,000","9,600,000","-3,900,000","200,000","20,100,000","9,700,000","-3,200,000","-900,000","18,400,000","13,600,000","-5,900,000","800,000","21,500,000","16,100,000","-6,600,000","-400,000","24,000,000","15,700,000","-4,400,000","-2,000,000","18,100,000","9,200,000","-5,600,000","-2,700,000","18,600,000","11,900,000","-6,500,000","-2,100,000","20,300,000","13,500,000","-4,700,000","-2,400,000","13,300,000","12,100,000","-3,600,000","-3,000,000","15,700,000","10,900,000","-2,300,000","-3,700,000","15,200,000","7,700,000","-5,000,000","600,000","19,800,000","7,300,000","-3,600,000","300,000","20,600,000","2,300,000","-2,900,000","1,400,000","16,700,000","7,700,000","-2,500,000","400,000","17,800,000","14,100,000","-700,000"
			NetIncomeContinuousOperations,"224,700,000","173,600,000","55,700,000","-9,900,000","5,300,000","187,400,000","88,900,000","-19,700,000","-92,300,000","133,600,000","67,000,000","-34,300,000","-3,000,000","154,600,000","67,300,000","-25,900,000","25,900,000","98,200,000","116,000,000","-13,300,000","21,700,000","108,000,000","45,200,000","-14,200,000","10,700,000","100,800,000","46,900,000","-18,700,000","14,100,000","94,400,000","47,100,000","-14,900,000","11,700,000","52,219,000","35,592,000","-9,636,000","6,585,000","30,242,000","25,568,000","-651,000","8,433,000","29,684,000","25,174,000","-2,827,000","15,390,000","27,893,000","23,369,000","-1,597,000","4,731,000","28,020,000","22,886,000","-4,747,000","6,877,000","30,811,000","31,314,000","-3,163,000","9,109,000","30,060,000","20,903,000","570,000","9,272,000","20,830,000","19,099,000","-825,000","2,740,000","20,942,000","26,180,000","-5,076,000","6,111,000","22,458,000","16,632,000","-5,807,000","3,763,000","21,555,000","16,607,000","-4,087,000","2,038,000","21,570,000","15,095,000","-5,215,000","-894,000","22,581,000","7,719,000","-5,079,000","-3,673,000","20,707,000","18,517,000","-3,392,000","322,000","19,454,000","9,600,000","-3,900,000","200,000","20,100,000","9,700,000","-3,200,000","-900,000","18,400,000","13,600,000","-5,900,000","800,000","21,500,000","16,100,000","-6,600,000","-400,000","24,000,000","15,700,000","-4,400,000","-2,000,000","18,100,000","9,200,000","-5,600,000","-2,700,000","18,600,000","11,900,000","-6,500,000","-2,100,000","20,300,000","13,500,000","-4,700,000","-2,400,000","13,300,000","12,100,000","-3,600,000","-3,000,000","15,700,000","10,900,000","-2,300,000","-3,700,000","15,200,000","7,700,000","-5,000,000","600,000","19,800,000","7,300,000","-3,600,000","300,000","20,600,000","2,300,000","-2,900,000","1,400,000","16,700,000","7,700,000","-2,500,000","400,000","17,800,000","14,100,000","-700,000"
			NetIncomeDiscontinuousOperations,,,,,,,,,,,,,,,,,,,,,,,,,,,,,,,,,,,,,,,,,,,,,,,,,,,,"0","0","0",,"-423,000","158,000","21,294,000",,,,,,,,,,,,,,,,,,,,,,,,,,,,,,,,,,,,,,,,,,,,,,,,,,,,,,,,,,,,,,,,,,,,,,,,,,,,,,,,,,,,,,,,,,
		MinorityInterests,,,,,,,,,,,,,,,,,,,,,,,,,,,,,,,,,,,,,,,,,,,,,,,,,,,,,,,,,,,,,,,,,,,,,,,,,,,,,"-866,000","-15,000","-16,000",,,,"-21,000",,,,,,,,,,,,,,,,,,,,,,,,,,,,,,,,,,,,,,,,,,,,,,,,,,,,,,,,,,,,,,,,,
	PreferredStockDividends,"14,800,000","3,700,000","3,700,000","3,700,000","3,700,000","3,700,000","3,700,000","3,700,000",,,,,,,,,,,,,,,,,,,,,,,,,,,,,,,,,,,,,,,,,,,,"0",,"7,000","8,000","8,000","8,000",,,"10,000","10,000","11,000","12,000","11,000","12,000","13,000","12,000","12,000","13,000","15,000","15,000","15,000","16,000","15,000","16,000","15,000","16,000",,,"16,000","16,000","15,000",,"21,000","22,000","22,000","22,000","23,000","22,000","24,000",,"0",,,,"0",,,,"0",,,,"0",,,,,,,,,,,,,,,,,,,,,,,,,,,,,,,,,,,,,,,,,,,,
	OtherunderPreferredStockDividend,"14,900,000",,,,,,,,"3,600,000","3,900,000","3,800,000","3,600,000","1,600,000","300,000","100,000",,"100,000",,,,,,,,,,,,,,,,,,,,,,,,,,,,,,,,,,,,,,,,,,,,,,,,,,,,,,,,,,,,,,,,,,,,,,,,,,,,,,,,,,,,,,,,,,,,,,,,,,,,,,,"0",,,,,,,,,,,,"0",,,,,,,,,,,,,,,,
DilutedNIAvailtoComStockholders,"209,600,000","169,700,000","51,900,000","-13,500,000","1,500,000","183,400,000","85,100,000","-23,300,000","-95,900,000","129,700,000","63,200,000","-37,900,000","-4,600,000","154,300,000","67,200,000","-25,400,000","25,800,000","98,200,000","116,000,000","-13,300,000","21,700,000","108,000,000","45,200,000","-14,200,000","10,700,000","100,800,000","46,900,000","-18,700,000","14,100,000","94,400,000","47,100,000","-14,900,000","11,700,000","52,219,000","35,592,000","-9,636,000","6,585,000","30,242,000","25,568,000","-651,000","8,433,000","29,684,000","25,174,000","-2,827,000","15,390,000","27,893,000","23,369,000","-1,597,000","4,731,000","28,020,000","22,886,000","-4,747,000","6,877,000","30,804,000","31,306,000","-3,594,000","9,259,000","51,354,000","20,903,000","560,000","9,262,000","20,819,000","19,087,000","-836,000","2,728,000","20,929,000","26,168,000","-5,088,000","6,098,000","22,443,000","16,617,000","-5,822,000","3,747,000","21,540,000","16,591,000","-4,102,000","2,022,000","21,570,000","15,095,000","-5,231,000","-910,000","22,566,000","7,719,000","-5,100,000","-3,695,000","20,685,000","18,495,000","-3,415,000","300,000","19,430,000","9,600,000","-3,900,000","200,000","20,100,000","9,700,000","-3,200,000","-900,000","18,400,000","13,600,000","-5,900,000","800,000","21,500,000","16,100,000","-6,600,000","-400,000","24,000,000","15,700,000","-4,500,000","-2,000,000","18,100,000","9,200,000","-5,600,000","-2,700,000","18,600,000","11,900,000","-6,600,000","-2,100,000","20,300,000","13,500,000","-4,700,000","-2,400,000","13,300,000","12,100,000","-3,700,000","-3,000,000","15,700,000","10,900,000","-2,400,000","-3,700,000","15,200,000","7,700,000","-5,000,000","600,000",,,,,,,,,,,,,,,
BasicEPS,,"3.27","1.01","-0.26","0.03","3.56","1.65","-0.45","-1.87","2.55","1.24","-0.75","-0.09","3.05","1.33","-0.51","0.52","2.03","2.4","-0.28","0.45","2.36","0.99","-0.31","0.24","2.32","1.08",,"0.32","2.18","1.09",,"0.34","1.59","1.09",,"0.25","1.34","1.14",,"0.38","1.33","1.13","-0.13","0.69","1.25","1.05",,"0.21","1.26","1.03",,"0.31","1.41","1.43",,"0.43","2.38","0.97",,"0.43","0.97","0.89",,"0.13","0.99","1.23",,"0.29","1.07","0.79",,"0.19","1.12","0.87",,"0.11","1.14","0.8",,"-0.05","1.1","0.41",,"-0.2","1.1","0.98",,"0.02","1.03","0.51",,"0.01","1.14","0.55",,"-0.05","1.04","0.78",,"0.04","1.22","0.92",,"-0.02","1.37","0.9",,"-0.12","1.15","0.58",,"-0.18","1.19","0.77",,"-0.14","1.3","0.87",,"-0.16","0.85","0.77",,"-0.2","1.01","0.7",,"-0.24","0.98","0.5",,"0.04","1.27","0.47",,"0.02","1.31","0.48",,"0.09","1.06","0.49",,"0.02","1.13","0.88",
DilutedEPS,,"3.27","1.01","-0.26","0.03","3.55","1.65","-0.45","-1.87","2.54","1.24","-0.75","-0.09","3.04","1.32","-0.51","0.52","2.03","2.39","-0.28","0.45","2.36","0.99","-0.31","0.24","2.31","1.08",,"0.32","2.18","1.09",,"0.33","1.59","1.09",,"0.25","1.34","1.14",,"0.38","1.32","1.12","-0.13","0.69","1.25","1.05",,"0.21","1.26","1.03",,"0.31","1.4","1.42",,"0.42","2.37","0.97",,"0.43","0.97","0.89",,"0.13","0.98","1.23",,"0.29","1.06","0.79",,"0.19","1.12","0.87",,"0.11","1.14","0.8",,"-0.05","1.1","0.41",,"-0.2","1.1","0.98",,"0.02","1.03","0.51",,"0.01","1.14","0.55",,"-0.05","1.04","0.78",,"0.04","1.22","0.92",,"-0.02","1.37","0.9",,"-0.12","1.15","0.58",,"-0.18","1.19","0.77",,"-0.14","1.3","0.87",,"-0.16","0.85","0.77",,"-0.2","1.01","0.7",,"-0.24","0.98","0.5",,"0.04","1.27","0.47",,"0.02","1.31","0.48",,"0.09","1.06","0.49",,"0.02","1.13","0.88",
BasicAverageShares,,"51,800,000","51,600,000","51,600,000","51,600,000","51,600,000","51,500,000","51,500,000","51,200,000","51,000,000","50,900,000","50,800,000","50,700,000","50,600,000","50,600,000","50,600,000","49,600,000","48,200,000","48,200,000","48,100,000","48,100,000","45,600,000","45,500,000","45,500,000","44,400,000","43,300,000","43,200,000",,"43,200,000","43,100,000","43,100,000",,"34,900,000","32,617,000","32,570,000",,"26,110,000","22,421,000","22,372,000",,"22,282,000","22,254,000","22,193,000","22,136,000","22,120,000","22,100,000","22,041,000",,"21,997,000","21,980,000","21,957,000",,"21,904,000","21,891,000","21,857,000",,"21,701,000","21,589,000","21,554,000",,"21,478,000","21,445,000","21,381,000",,"21,269,000","21,231,000","21,191,000",,"21,103,000","21,060,000","21,018,000",,"19,863,000","19,167,000","19,116,000",,"19,044,000","19,002,000","18,961,000",,"18,878,000","18,878,000","18,878,000",,"18,878,000","18,877,987","18,878,000",,"18,878,000","18,878,000","18,823,529",,"20,000,000","17,631,579","17,636,364",,"18,000,000","17,692,308","17,435,897",,"20,000,000","17,622,951","17,500,000",,"20,000,000","17,518,248","17,444,444",,"16,666,667","15,739,130","15,862,069",,"15,000,000","15,630,252","15,454,545",,"15,000,000","15,615,385","15,517,241",,"15,000,000","15,647,059","15,714,286",,"15,000,000","15,544,554","15,571,429",,"15,416,667","15,510,204","15,400,000",,"15,000,000","15,650,000","15,676,000",,"15,680,000","15,680,000","15,736,000",,"15,736,000","15,726,000","15,736,000",,"15,736,000","15,736,000","15,736,000",
DilutedAverageShares,,"51,900,000","51,700,000","51,700,000","51,700,000","51,700,000","51,600,000","51,600,000","51,200,000","51,100,000","51,100,000","50,900,000","50,900,000","50,800,000","50,800,000","50,700,000","49,700,000","48,400,000","48,400,000","48,300,000","48,200,000","45,700,000","45,700,000","45,700,000","44,600,000","43,500,000","43,400,000",,"43,300,000","43,200,000","43,200,000",,"35,000,000","32,656,000","32,648,000",,"26,194,000","22,498,000","22,434,000",,"22,357,000","22,336,000","22,263,000","22,136,000","22,188,000","22,172,000","22,120,000",,"22,048,000","22,027,000","22,001,000",,"22,018,000","22,017,000","22,013,000",,"22,045,238","21,668,354","21,554,000",,"21,478,000","21,445,000","21,381,000",,"21,269,000","21,356,122","21,191,000",,"21,103,000","21,172,642","21,018,000",,"19,863,000","19,167,000","19,116,000",,"19,044,000","19,002,000","18,961,000",,"18,878,000","18,878,000","18,878,000",,"18,878,000","18,877,987","18,878,000",,"18,878,000","18,878,000","18,823,529",,"20,000,000","17,631,579","17,636,364",,"18,000,000","17,692,308","17,435,897",,"20,000,000","17,622,951","17,500,000",,"20,000,000","17,518,248","17,444,444",,"16,666,667","15,739,130","15,862,069",,"15,000,000","15,630,252","15,454,545",,"15,000,000","15,615,385","15,517,241",,"15,000,000","15,647,059","15,714,286",,"15,000,000","15,544,554","15,571,429",,"15,416,667","15,510,204","15,400,000",,"15,000,000","15,650,000","15,676,000",,"15,680,000","15,680,000","15,736,000",,"15,736,000","15,726,000","15,736,000",,"15,736,000","15,736,000","15,736,000",
TotalOperatingIncomeAsReported,"400,400,000","245,200,000","95,300,000","26,700,000","33,200,000","257,400,000","132,900,000","100,000","-106,500,000","210,500,000","102,300,000","-25,600,000","13,300,000","209,500,000","105,100,000","-19,600,000","52,400,000","141,800,000","105,100,000","1,900,000","50,300,000","180,400,000","89,100,000","-7,700,000","35,300,000","167,700,000","87,000,000","-8,500,000","36,000,000","157,700,000","87,300,000","-8,400,000","24,700,000","87,179,000","62,905,000","-9,722,000","12,281,000","51,849,000","42,085,000","1,869,000","15,045,000","50,583,000","43,105,000","1,799,000","25,754,000","49,943,000","40,751,000","1,065,000","12,867,000","50,270,000","40,664,000","-3,067,000","16,203,000","55,240,000","56,688,000","4,631,000","19,259,000","51,883,000","40,046,000","6,792,000","21,340,000","40,736,000","36,398,000","4,646,000","11,281,000","41,211,000","46,137,000","-606,000","15,496,000","42,974,000","31,965,000","-2,847,000","13,555,000","38,459,000","31,274,000","-1,602,000","9,123,000","42,888,000","29,233,000","-1,997,000","3,984,000","43,066,000","17,316,000","-3,644,000","-750,000","40,972,000","56,312,000","33,484,000","5,632,000","38,454,000","26,500,000","6,800,000","8,000,000","37,300,000","18,600,000","-1,100,000","2,500,000","33,600,000","26,500,000","-5,800,000","5,000,000","38,600,000","30,000,000","-5,200,000","2,300,000","38,700,000","28,000,000","-3,200,000","200,000","33,100,000",,"-4,500,000","-900,000",,,,,,,,,,,,,,,,,,,,,,,,,,,,,,,,,,,
TotalExpenses,"1,653,900,000","635,700,000","460,100,000","263,500,000","294,600,000","847,500,000","379,700,000","251,800,000","279,000,000","505,000,000","464,600,000","251,200,000","308,000,000","594,000,000","496,900,000","258,800,000","298,200,000","671,600,000","456,700,000","256,800,000","273,200,000","483,000,000","406,000,000","287,000,000","214,000,000","441,600,000","312,400,000","212,700,000","239,200,000","719,700,000","532,300,000","230,700,000","217,100,000","607,325,000","405,705,000","156,836,000","153,008,000","345,764,000","264,918,000","169,453,000","171,440,000","307,041,000","366,939,000","268,676,000","310,262,000","493,374,000","403,106,000","282,966,000","311,640,000","585,055,000","450,502,000","254,997,000","293,741,000","603,828,000","617,568,000","447,158,000","486,229,000","695,823,000","501,305,000","316,480,000","436,587,000","660,098,000","503,163,000","264,348,000","319,261,000","667,569,000","643,098,000","267,271,000","295,831,000","533,581,000","410,520,000","200,515,000","231,505,000","436,496,000","301,363,000","162,987,000","177,472,000","379,291,000","250,938,000","127,848,000","143,297,000","214,332,000","177,328,000","95,085,000","123,651,000","401,770,000","288,713,000","47,562,000","89,682,000","199,880,000","124,900,000","49,900,000","62,400,000","169,700,000","131,100,000","57,600,000","74,700,000","180,200,000","173,200,000","66,500,000","79,200,000","225,400,000","163,900,000","62,400,000","83,700,000","207,900,000","127,000,000","53,700,000","67,400,000","158,500,000",,"53,600,000","75,500,000",,,,,,,,,,,,,,,,,,,,,,,,,,,,,,,,,,,
NetIncomeFromContinuingAndDiscontinuedOperation,"224,700,000","173,600,000","55,700,000","-9,900,000","5,300,000","187,400,000","88,900,000","-19,700,000","-92,300,000","133,600,000","67,000,000","-34,300,000","-3,000,000","154,600,000","67,300,000","-25,900,000","25,900,000","98,200,000","116,000,000","-13,300,000","21,700,000","108,000,000","45,200,000","-14,200,000","10,700,000","100,800,000","46,900,000","-18,700,000","14,100,000","94,400,000","47,100,000","-14,900,000","11,700,000","52,219,000","35,592,000","-9,636,000","6,585,000","30,242,000","25,568,000","-651,000","8,433,000","29,684,000","25,174,000","-2,827,000","15,390,000","27,893,000","23,369,000","-1,597,000","4,731,000","28,020,000","22,886,000","-4,747,000","6,877,000","30,811,000","31,314,000","-3,586,000","9,267,000","51,354,000","20,903,000","570,000","9,272,000","20,830,000","19,099,000","-825,000","2,740,000","20,942,000","26,180,000","-5,076,000","6,111,000","22,458,000","16,632,000","-5,807,000","3,763,000","21,555,000","16,607,000","-4,087,000","2,038,000","21,570,000","15,095,000","-5,215,000","-894,000","22,581,000","7,719,000","-5,079,000","-3,673,000","20,707,000","18,517,000","-3,392,000","322,000","19,454,000","9,600,000","-3,900,000","200,000","20,100,000","9,700,000","-3,200,000","-900,000","18,400,000","13,600,000","-5,900,000","800,000","21,500,000","16,100,000","-6,600,000","-400,000","24,000,000","15,700,000","-4,400,000","-2,000,000","18,100,000","9,200,000","-5,600,000","-2,700,000","18,600,000","11,900,000","-6,500,000","-2,100,000","20,300,000","13,500,000","-4,700,000","-2,400,000","13,300,000","12,100,000","-3,600,000","-3,000,000","15,700,000","10,900,000","-2,300,000","-3,700,000","15,200,000","7,700,000","-5,000,000","600,000",,,,,,,,,,,,,,,
NormalizedIncome,"224,700,000","173,600,000","55,700,000","-9,900,000","5,300,000","187,400,000","88,900,000","-19,700,000","22,093,494.579","133,600,000","67,000,000","-34,300,000","-3,000,000","154,600,000","67,300,000","-25,900,000","25,900,000","98,200,000","116,000,000","-13,300,000","21,700,000","108,000,000","45,200,000","-14,200,000","10,700,000","100,800,000","46,900,000","-18,700,000","14,100,000","94,400,000","47,100,000","-14,900,000","11,700,000","52,631,047.963","35,101,130.317","-10,760,500","6,569,400","29,478,207.986","25,616,185.661","-1,390,050","8,354,364.309","29,144,704.389","24,704,709.321","-966,050","21,703,606.557","28,058,002.448","22,684,394.375","-3,354,600","5,206,586.201","28,047,434.934","22,208,602.217","-3,835,050","6,425,033.049","31,077,124.632","30,838,189.452","-1,828,550","10,302,702.939","30,030,560.839","20,333,222.188","3,361,750","8,590,351.968","20,140,367.245","16,978,386.95","-1,820,400","1,732,326.075","20,189,535.489","25,312,128.576","-4,658,400","5,546,527.363","22,518,270.999","15,616,058.988","-5,914,400","3,721,926.113","20,335,919.9","15,618,010.168","-4,131,400","2,028,272.076","21,931,569.901","14,423,741.036","-5,218,134.768","-848,400","22,709,857.284","7,107,043.243","-5,055,600","-3,613,000","20,359,986.243","30,951,667.067","17,153,800","325,000","19,475,056.717","13,362,162.162","1,440,000","2,540,000","19,727,777.778","8,716,891.892","-3,380,000","-1,260,000","17,952,777.778","13,038,532.11","-6,080,000","320,000","21,310,294.118","15,784,313.725","-6,151,456.311","-760,000","21,696,000","15,176,666.667","-4,520,000","-2,120,000","17,721,602.787","9,200,000","-5,725,842.697","-2,700,000","18,600,000","11,900,000","-6,500,000","-2,100,000","20,300,000","13,500,000","-4,700,000","-2,400,000","13,300,000","12,100,000","-3,600,000","-3,000,000","15,700,000","10,900,000","-2,300,000","-3,700,000","15,200,000","7,700,000","-5,000,000","600,000",,,,,,,,,,,,,,,
InterestIncome,,,,,,,,,,,,,,,,,,,,,,,,,,,,,,,,,,"142,000","249,000","261,000","164,000","257,000","406,000",,,,"348,000",,,"267,000","448,000",,"402,000","361,000","535,000","539,000","631,000","663,000",,,,,,,,,,,,,,,,,,,,,,,,,,,,,,,,,,,,,,,,,,,,,,,,,,,,,,,,,,,,,,,,,,,,,,,,,,,,,,,,,,,,,,,,,,,,,,
InterestExpense,"111,200,000","27,500,000","28,600,000","28,200,000","26,900,000","25,800,000","25,700,000","25,200,000","26,400,000","27,200,000","26,700,000","25,300,000","25,600,000","27,600,000","25,900,000","24,400,000","24,200,000","25,400,000","24,400,000","22,900,000","21,400,000","22,700,000","22,100,000","19,500,000","19,400,000","19,300,000","19,000,000","18,500,000","17,800,000","19,100,000","19,200,000","15,000,000","11,400,000","9,372,000","10,461,000","9,012,000","6,860,000","6,705,000","6,026,000","6,186,000","6,166,000","6,279,000","6,314,000","6,295,000","6,147,000","6,289,000","6,686,000","6,695,000","6,777,000","6,671,000","6,709,000","6,758,000","6,883,000","7,313,000",,,,,,,,,,,,,,,,,,,,,,,,,,,,,,,,,,,,,,,,,,,,,,,,,,,,,,,,,,,,,,,,,,,,,,,,,,,,,,,,,,,,,,,,,,,,,,
NetInterestIncome,"-111,200,000","-27,500,000","-28,600,000","-28,200,000","-26,900,000","-25,800,000","-25,700,000","-25,200,000","-26,400,000","-27,200,000","-26,700,000","-25,300,000","-25,600,000","-27,600,000","-25,900,000","-24,400,000","-24,200,000","-25,400,000","-24,400,000","-22,900,000","-21,400,000","-22,700,000","-22,100,000","-19,500,000","-19,400,000","-19,300,000","-19,000,000","-18,500,000","-17,800,000","-19,100,000","-19,200,000","-15,000,000","-11,400,000","-9,230,000","-10,212,000","-8,751,000","-6,696,000","-6,448,000","-5,620,000","-4,877,000","-6,166,000","-6,279,000","-5,966,000","-6,295,000","-6,147,000","-6,022,000","-6,238,000","-7,993,000","-6,375,000","-6,310,000","-6,174,000","-6,219,000","-6,252,000","-6,650,000",,,,,,,,,,,,,,,,,,,,,,,,,,,,,,,,,,,,,,,,,,,,,,,,,,,,,,,,,,,,,,,,,,,,,,,,,,,,,,,,,,,,,,,,,,,,,,
EBIT,"394,900,000","241,800,000","102,700,000","18,200,000","32,200,000","259,200,000","137,200,000","1,000,000","-93,500,000","191,000,000","108,000,000","-19,700,000","19,700,000","215,600,000","107,900,000","-19,500,000","55,800,000","142,500,000","107,300,000","2,900,000","51,800,000","184,000,000","89,600,000","-2,900,000","36,900,000","168,500,000","88,400,000","-9,900,000","36,500,000","158,400,000","88,700,000","-10,700,000","22,300,000","86,931,000","64,552,000","-9,302,000","11,883,000","53,189,000","43,169,000","1,370,000","15,496,000","51,964,000","45,044,000","-493,000","25,911,000","50,410,000","42,596,000","2,471,000","12,676,000","50,588,000","42,251,000","-3,931,000","17,534,000","55,487,000","56,688,000","4,631,000","19,259,000","51,883,000","40,046,000","6,792,000","21,340,000","40,736,000","36,398,000","4,646,000","11,281,000","41,211,000","46,137,000","-606,000","15,496,000","42,974,000","31,965,000","-2,847,000","13,555,000","38,459,000","31,274,000","-1,602,000","9,123,000","42,888,000","29,233,000","-1,997,000","3,984,000","43,066,000","17,316,000","-3,644,000","-750,000","40,972,000","56,312,000","33,484,000","5,632,000","38,454,000","26,500,000","6,800,000","8,000,000","37,300,000","18,600,000","-1,100,000","2,500,000","33,600,000","26,500,000","-5,800,000","5,000,000","38,600,000","30,000,000","-5,200,000","2,300,000","38,700,000","28,000,000","-3,200,000","200,000","33,100,000","122,200,000","-4,500,000","-900,000","233,000,000","167,200,000","53,800,000","76,000,000","214,100,000","160,000,000","48,100,000","61,300,000","162,500,000","146,300,000","31,700,000","62,900,000","196,500,000","146,900,000","44,500,000","85,500,000","198,100,000","142,700,000","55,000,000","88,600,000","220,900,000","127,800,000","50,000,000","77,700,000","230,200,000","125,200,000","50,200,000","76,900,000","192,400,000","127,000,000","59,100,000","85,400,000","249,700,000","154,800,000","66,700,000"
EBITDA,"621,500,000"
ReconciledCostOfRevenue,"1,252,000,000","505,200,000","365,600,000","172,300,000","208,900,000","738,100,000","292,800,000","174,200,000","197,200,000","404,100,000","379,200,000","179,000,000","232,500,000","491,700,000","413,500,000","189,000,000","223,700,000","572,100,000","379,600,000","191,500,000","204,100,000","396,700,000","334,800,000","225,800,000","152,200,000","363,800,000","250,500,000","157,100,000","180,300,000","631,600,000","462,000,000","187,100,000","176,301,000","542,218,000","355,705,000","122,924,000","125,931,000","272,018,000","199,279,000","129,008,000","111,912,000","232,818,000","299,160,000","207,417,000","245,079,000","412,878,000","173,237,000","225,796,000","249,474,000","504,327,000","376,659,000","193,126,000","229,280,000","517,920,000","254,823,000","1,104,919,000","112,818,000","377,030,000","221,882,000","-480,162,000","333,382,000","372,492,000","250,414,000","46,864,000","89,314,000","370,402,000","311,102,000","45,358,000","102,024,000","320,305,000","205,635,000","42,809,000","67,941,000","287,376,000","174,378,000","40,535,000","59,759,000","247,083,000","132,979,000","24,901,000","41,945,000","155,597,000","115,594,000","38,865,000","62,687,000","310,815,000","233,306,000","31,569,000","40,243,000","141,790,000","81,600,000","14,100,000","24,600,000","121,100,000","86,600,000","20,900,000","34,500,000","130,100,000","126,300,000","23,400,000","38,000,000","172,100,000","120,200,000","22,700,000","43,200,000","153,800,000","88,700,000","17,500,000","28,500,000","109,900,000",,"17,700,000","37,500,000",,,,,,,,,,,,,,,,,,,,,,,,,,,,,,,,,,,
ReconciledDepreciation,"226,600,000","58,900,000","56,900,000","57,700,000","53,100,000","51,500,000","50,800,000","50,500,000","50,100,000","49,200,000","47,500,000","46,800,000","45,800,000","44,900,000","44,200,000","45,500,000","41,000,000","41,500,000","40,400,000","39,700,000","38,600,000","38,000,000","37,800,000","35,500,000","34,400,000","33,900,000","33,700,000","33,400,000","32,700,000","32,400,000","32,300,000","24,200,000","18,599,000","20,289,000","20,212,000","14,562,000","11,808,000","11,599,000","11,314,000","10,439,000","10,335,000","10,326,000","10,239,000","10,140,000","9,989,000","9,869,000","9,766,000","9,550,000","9,467,000","9,457,000","9,434,000","9,332,000","9,263,000","9,253,000","9,193,000","9,085,000","8,897,000","9,259,000","9,672,000","9,429,000","9,621,000","9,652,000","9,606,000","9,493,000","9,266,000","9,164,000","7,020,000","7,043,000","6,918,000","6,590,000","6,094,000","5,738,000","6,660,000","6,619,000","6,555,000","6,714,000","6,113,000","6,431,000","6,357,000","7,344,000","5,726,000","6,571,000","6,582,000","6,630,000","6,647,000","6,604,000","6,544,000","6,468,000","6,421,000",,,,,,,,,,,,,,,,,,,,,,,,,,,,,,,,,,,,,,,,,,,,,,,,,,,,,,,,,,,
NetIncomeFromContinuingOperationNetMinorityInterest,"224,700,000","173,600,000","55,700,000","-9,900,000","5,300,000","187,400,000","88,900,000","-19,700,000","-92,300,000","133,600,000","67,000,000","-34,300,000","-3,000,000","154,600,000","67,300,000","-25,900,000","25,900,000","98,200,000","116,000,000","-13,300,000","21,700,000","108,000,000","45,200,000","-14,200,000","10,700,000","100,800,000","46,900,000","-18,700,000","14,100,000","94,400,000","47,100,000","-14,900,000","11,700,000","52,219,000","35,592,000","-9,636,000","6,585,000","30,242,000","25,568,000","-651,000","8,433,000","29,684,000","25,174,000","-2,827,000","15,390,000","27,893,000","23,369,000","-1,597,000","4,731,000","28,020,000","22,886,000","-4,747,000","6,877,000","30,811,000","31,314,000","-3,163,000","9,109,000","30,060,000","20,903,000","570,000","9,272,000","20,830,000","19,099,000","-825,000","2,740,000","20,942,000","26,180,000","-5,076,000","6,111,000","22,458,000","16,632,000","-5,807,000","3,763,000","21,555,000","16,607,000","-4,087,000","2,038,000","21,570,000","15,095,000","-5,215,000","-894,000","22,581,000","7,719,000","-5,079,000","-3,673,000","20,707,000","18,517,000","-3,392,000","322,000","19,454,000","9,600,000","-3,900,000","200,000","20,100,000","9,700,000","-3,200,000","-900,000","18,400,000","13,600,000","-5,900,000","800,000","21,500,000","16,100,000","-6,600,000","-400,000","24,000,000","15,700,000","-4,400,000","-2,000,000","18,100,000","9,200,000","-5,600,000","-2,700,000","18,600,000","11,900,000","-6,500,000","-2,100,000","20,300,000","13,500,000","-4,700,000","-2,400,000","13,300,000","12,100,000","-3,600,000","-3,000,000","15,700,000","10,900,000","-2,300,000","-3,700,000","15,200,000","7,700,000","-5,000,000","600,000",,,,,,,,,,,,,,,
TotalUnusualItemsExcludingGoodwill,"0",,,"0","0",,,"0","-148,600,000",,,,,,,,,,,,,,,,,,,,,,,,,"-612,000","746,000","1,730,000","24,000","1,174,000","-70,000","1,137,000","87,000","830,000","722,000","-2,863,000","-8,108,000","-261,000","1,052,000","2,704,000","-593,000","-43,000","1,052,000","-1,403,000","700,000","-416,000","739,000","-2,053,000","-1,574,000","45,000","886,000","-4,295,000","1,031,000","1,071,000","3,303,000","1,659,000","1,385,000","1,179,000","1,285,000","-696,000","822,000","-94,000","1,574,000","179,000","65,000","1,905,000","1,552,000","74,000","12,000","-591,000","1,048,000","5,000","-76,000","-208,000","924,000","-39,000","-100,000","564,000","-19,573,000","-34,243,000","-5,000","-35,000","-5,800,000","-8,900,000","-3,900,000","600,000","1,500,000","300,000","600,000","700,000","900,000","300,000","600,000","300,000","500,000","-700,000","600,000","3,600,000","800,000","200,000","200,000","600,000",,"200,000",,,,,,,,,,,,,,,,,,,,,,,,,,,,,,,,,,,,
TotalUnusualItems,"0",,,"0","0",,,"0","-148,600,000",,,,,,,,,,,,,,,,,,,,,,,,,"-612,000","746,000","1,730,000","24,000","1,174,000","-70,000","1,137,000","87,000","830,000","722,000","-2,863,000","-8,108,000","-261,000","1,052,000","2,704,000","-593,000","-43,000","1,052,000","-1,403,000","700,000","-416,000","739,000","-2,053,000","-1,574,000","45,000","886,000","-4,295,000","1,031,000","1,071,000","3,303,000","1,659,000","1,385,000","1,179,000","1,285,000","-696,000","822,000","-94,000","1,574,000","179,000","65,000","1,905,000","1,552,000","74,000","12,000","-591,000","1,048,000","5,000","-76,000","-208,000","924,000","-39,000","-100,000","564,000","-19,573,000","-34,243,000","-5,000","-35,000","-5,800,000","-8,900,000","-3,900,000","600,000","1,500,000","300,000","600,000","700,000","900,000","300,000","600,000","300,000","500,000","-700,000","600,000","3,600,000","800,000","200,000","200,000","600,000",,"200,000",,,,,,,,,,,,,,,,,,,,,,,,,,,,,,,,,,,,
NormalizedEBITDA,"621,500,000","300,700,000","159,600,000","75,900,000","85,300,000","310,700,000","188,000,000","57,100,000","105,200,000","240,200,000","155,500,000","27,100,000","65,500,000","260,500,000","152,100,000","26,000,000","96,800,000","184,000,000","147,700,000","42,600,000","90,400,000","222,000,000","127,400,000","32,600,000","71,300,000","202,400,000","122,100,000","23,500,000","69,200,000","190,800,000","121,000,000","13,500,000","40,899,000","107,832,000","84,018,000","3,530,000","23,667,000","63,614,000","54,553,000","10,672,000","25,744,000","61,460,000","54,561,000","12,510,000","44,008,000","60,540,000","51,310,000","9,317,000","22,736,000","60,088,000","50,633,000","6,804,000","26,097,000","65,156,000","65,142,000","15,769,000","29,730,000","61,097,000","48,832,000","20,516,000","29,930,000","49,317,000","42,701,000","12,480,000","19,162,000","49,196,000","51,872,000","7,133,000","21,592,000","49,658,000","36,485,000","2,712,000","20,150,000","43,173,000","36,277,000","5,038,000","15,224,000","49,910,000","34,542,000","5,342,000","10,166,000","49,845,000","22,974,000","3,025,000","5,997,000","47,012,000","82,429,000","74,195,000","12,058,000","44,944,000","37,800,000","21,200,000","17,300,000","42,000,000","22,400,000","3,900,000","8,700,000","39,600,000","32,200,000","400,000","10,800,000","44,800,000","36,000,000","2,100,000","7,900,000","41,200,000","33,300,000","2,600,000","6,000,000","38,400,000","122,200,000","200,000","3,900,000","233,000,000","167,200,000","53,800,000","76,000,000","214,100,000","160,000,000","48,100,000","61,300,000","162,500,000","146,300,000","31,700,000","62,900,000","196,500,000","146,900,000","44,500,000","85,500,000","198,100,000","142,700,000","55,000,000","88,600,000","220,900,000","127,800,000","50,000,000","77,700,000","230,200,000","125,200,000","50,200,000","76,900,000","192,400,000","127,000,000","59,100,000","85,400,000","249,700,000","154,800,000","66,700,000"
TaxRateForCalcs,"0.208","0.19","0.248","0.01","0","0.197","0.203","0.186","0.23","0.184","0.176","0.238","0.27","0.178","0.179","0.27","0.18","0.161","0.4","0.335","0.286","0.33","0.33","0.366","0.389","0.324","0.324","0.342","0.246","0.322","0.322","0.35","0.35","0.327","0.342","0.35","0.35","0.349","0.312","0.35","0.096","0.35","0.35","0.35","0.221","0.368","0.349","0.35","0.198","0.362","0.356","0.35","0.354","0.36","0.356","0.35","0.242","0.346","0.357","0.35","0.339","0.356","0.358","0.4","0.272","0.362","0.325","0.4","0.313","0.359","0.355","0.4","0.368","0.36","0.363","0.4","0.189","0.388","0.359","0.373","0.4","0.38","0.338","0.4","0.4","0.385","0.365","0.4","0.4","0.398","0.351","0.4","0.4","0.38","0.345","0.4","0.4","0.361","0.376","0.4","0.2","0.368","0.369","0.359","0.4","0.36","0.346","0.4","0.4","0.369","0.4","0.371","0.4","0.4","0.4","0.4","0.4","0.4","0.4","0.4","0.4","0.4","0.4","0.4","0.4","0.4","0.4","0.4","0.4","0.4","0.4","0.4","0.4",,,,,,,,,,,,,,,
TaxEffectOfUnusualItems,"0","0","0","0","0","0","0","0","-34,206,505.421","0","0","0","0","0","0","0","0","0","0","0","0","0","0","0","0","0","0","0","0","0","0","0","0","-199,952.037","255,130.317","605,500","8,400","410,207.986","-21,814.339","397,950","8,364.309","290,704.389","252,709.321","-1,002,050","-1,794,393.443","-95,997.552","367,394.375","946,400","-117,413.799","-15,565.066","374,602.217","-491,050","248,033.049","-149,875.368","263,189.452","-718,550","-380,297.061","15,560.839","316,222.188","-1,503,250","349,351.968","381,367.245","1,182,386.95","663,600","377,326.075","426,535.489","417,128.576","-278,400","257,527.363","-33,729.001","558,058.988","71,600","23,926.113","685,919.9","563,010.168","29,600","2,272.076","-229,430.099","376,741.036","1,865.232","-30,400","-79,142.716","312,043.243","-15,600","-40,000","216,986.243","-7,138,332.933","-13,697,200","-2,000","-13,943.283","-2,037,837.838","-3,560,000","-1,560,000","227,777.778","516,891.892","120,000","240,000","252,777.778","338,532.11","120,000","120,000","110,294.118","184,313.725","-251,456.311","240,000","1,296,000","276,666.667","80,000","80,000","221,602.787","0","74,157.303","0","0","0","0","0","0","0","0","0","0","0","0","0","0","0","0","0","0","0","0","0",,,,,,,,,,,,,,,