name,ttm,03/31/2022,12/31/2021,09/30/2021,06/30/2021,03/31/2021,12/31/2020,09/30/2020,06/30/2020,03/31/2020,12/31/2019,09/30/2019,06/30/2019,03/31/2019,12/31/2018,09/30/2018,06/30/2018,03/31/2018,12/31/2017,09/30/2017,06/30/2017,03/31/2017,12/31/2016,09/30/2016,06/30/2016,03/31/2016,12/31/2015,09/30/2015,06/30/2015,03/31/2015,12/31/2014,09/30/2014,06/30/2014,03/31/2014,12/31/2013,09/30/2013,06/30/2013,03/31/2013,12/31/2012,09/30/2012,06/30/2012,03/31/2012,12/31/2011,09/30/2011,06/30/2011,03/31/2011,12/31/2010,09/30/2010,06/30/2010,03/31/2010,12/31/2009,09/30/2009,06/30/2009,03/31/2009,12/31/2008,09/30/2008,06/30/2008,03/31/2008,12/31/2007,09/30/2007,06/30/2007,03/31/2007,12/31/2006,09/30/2006,06/30/2006,03/31/2006,12/31/2005,09/30/2005,06/30/2005,03/31/2005,12/31/2004,09/30/2004,06/30/2004,03/31/2004,12/31/2003,09/30/2003,06/30/2003,03/31/2003,12/31/2002,09/30/2002,06/30/2002,03/31/2002,12/31/2001,09/30/2001,06/30/2001,03/31/2001,12/31/2000,09/30/2000,06/30/2000,03/31/2000,12/31/1999,09/30/1999,06/30/1999,03/31/1999,12/31/1998,09/30/1998,06/30/1998,03/31/1998,12/31/1997,09/30/1997,06/30/1997,03/31/1997,12/31/1996,09/30/1996,06/30/1996,03/31/1996,12/31/1995,09/30/1995,06/30/1995,03/31/1995,12/31/1994,09/30/1994,06/30/1994,03/31/1994,12/31/1993,09/30/1993,06/30/1993,03/31/1993,12/31/1992,09/30/1992,06/30/1992,03/31/1992,12/31/1991,09/30/1991,06/30/1991,03/31/1991,12/31/1990,09/30/1990,06/30/1990,03/31/1990,12/31/1989,09/30/1989,06/30/1989,03/31/1989,12/31/1988,09/30/1988,06/30/1988,03/31/1988,12/31/1987,09/30/1987,06/30/1987,03/31/1987,12/31/1986,09/30/1986,06/30/1986,03/31/1986
TotalRevenue,"2,308,317,000","565,706,000","622,291,000","555,243,000","565,077,000","540,921,000","591,110,000","493,262,000","358,883,000","430,906,000","444,401,000","349,777,000","337,495,000","292,163,000","368,113,000","302,726,000","283,395,000","254,191,000","205,563,000","216,450,000","231,820,000","211,001,000","272,692,000","233,040,000","227,817,000","209,498,000","204,808,000","189,691,000","198,134,000","214,500,000","245,728,000","207,600,000","211,946,000","203,794,000","220,830,000","189,535,000","207,853,000","198,653,000","259,753,000","219,644,000","216,934,000","207,127,000","197,397,000","167,871,000","183,034,000","180,358,000","220,238,000","183,587,000","188,785,000","199,015,000","217,433,000","186,401,000","193,924,000","205,368,000","264,926,000","230,278,000","664,141,000","642,474,000","679,196,000","596,446,000","640,074,000","601,424,000","682,985,000","583,449,000","641,914,000","589,729,000","706,802,000","594,702,000","627,343,000","585,061,000","606,739,000","499,792,000","547,316,000","513,656,000","514,324,000","440,481,000","474,846,000","445,194,000","404,444,000","371,505,000","399,933,000","359,782,000","353,600,000","342,099,000","374,053,000","367,379,000","459,641,000","409,635,000","439,224,000","410,859,000","439,700,000","369,900,000","388,300,000","373,400,000","397,400,000","343,400,000","366,900,000","346,800,000","359,600,000","286,200,000","305,500,000","290,700,000","324,900,000","265,500,000","277,300,000","254,200,000","73,178,000","315,800,000","329,100,000","312,300,000","330,651,000","296,000,000","307,600,000","285,800,000","316,371,000","294,400,000","309,300,000","285,700,000","328,200,000","295,100,000","326,500,000","313,600,000","353,800,000","317,300,000","326,900,000","301,500,000","345,500,000","321,700,000","331,900,000","297,500,000","346,300,000","304,300,000","320,900,000","294,900,000","335,700,000","293,200,000","305,400,000","280,200,000","286,800,000","286,800,000","286,700,000","286,700,000","259,200,000","259,200,000","259,200,000","259,100,000"
	OperatingRevenue,"2,264,896,000","554,301,000","610,964,000","546,558,000","553,073,000","519,111,000","569,324,000","473,914,000","339,740,000","398,664,000","408,338,000","317,146,000","305,927,000","261,524,000","346,142,000","285,278,000","268,834,000","240,197,000","196,323,000","206,474,000","221,164,000","200,459,000","261,370,000","223,303,000","216,877,000","199,933,000","194,988,000","181,270,000","190,867,000","203,270,000","234,957,000","198,003,000","199,654,000","191,543,000","240,218,000","169,323,000","186,201,000","177,618,000","185,139,000","219,644,000","216,934,000","207,127,000","197,397,000","167,871,000","183,034,000","180,358,000","220,238,000","183,587,000","188,785,000","199,015,000","217,433,000","186,401,000","193,924,000","205,368,000","211,377,000","230,278,000","664,141,000","642,474,000","679,196,000","596,446,000","640,074,000","601,424,000","682,985,000","583,449,000","609,588,000","589,729,000","706,802,000","594,702,000","627,343,000","585,061,000","606,739,000","499,792,000","547,316,000","513,656,000","514,324,000","440,481,000","474,846,000","445,194,000","404,444,000","371,505,000","399,933,000","359,782,000","353,600,000","342,099,000","374,053,000","367,379,000","459,641,000","409,635,000","439,224,000","410,859,000","439,700,000","369,900,000","388,300,000","373,400,000","397,400,000","343,400,000","366,900,000","346,800,000","359,600,000","286,200,000","305,500,000","290,700,000","324,900,000","265,500,000","277,300,000","254,200,000","73,178,000","315,800,000","329,100,000","312,300,000","330,651,000","296,000,000","307,600,000","285,800,000","316,371,000","294,400,000","309,300,000","285,700,000","328,200,000","295,100,000","326,500,000","313,600,000","353,800,000","317,300,000","326,900,000","301,500,000","345,500,000","321,700,000","331,900,000","297,500,000","346,300,000","304,300,000","320,900,000","294,900,000","335,700,000","293,200,000","305,400,000","280,200,000","286,800,000","286,800,000","286,700,000","286,700,000","259,200,000","259,200,000","259,200,000","259,100,000"
CostOfRevenue,"1,139,665,000","297,834,000","287,373,000","285,775,000","268,683,000","264,395,000","293,016,000","271,805,000","261,772,000","294,888,000","284,936,000","238,665,000","218,472,000","208,198,000","196,471,000","186,961,000","179,498,000","181,852,000","134,047,000","151,766,000","146,421,000","151,968,000","141,713,000","141,018,000","139,190,000","138,676,000","127,527,000","127,571,000","124,259,000","151,917,000","147,680,000","144,607,000","143,138,000","142,335,000","140,712,000","135,712,000","136,532,000","142,583,000","489,349,000","26,263,000","27,177,000","28,220,000","25,407,000","27,162,000","27,957,000","28,417,000","27,226,000","27,069,000","26,487,000","26,402,000","59,235,000","53,043,000","55,332,000","63,062,000","-277,767,000","169,976,000","385,525,000","333,091,000","67,901,000","258,879,000","262,639,000","273,067,000","154,818,000","147,984,000","31,037,000","178,713,000","509,252,000","465,498,000","448,005,000","306,737,000","857,750,000","257,933,000","401,639,000","399,660,000","762,710,000","222,425,000","186,358,000","352,366,000","816,762,000","100,290,000","112,444,000","104,792,000","96,998,000","108,803,000","121,224,000","130,515,000","199,820,000","178,324,000","188,535,000","182,502,000","195,500,000","164,100,000","155,300,000","165,300,000","263,000,000","147,000,000","151,900,000","148,300,000","149,100,000","121,100,000","121,500,000","121,800,000",,,,,,"140,100,000","136,600,000","133,800,000",,"126,300,000","123,500,000","116,500,000",,"132,300,000","132,300,000","118,300,000","143,100,000","136,200,000","136,500,000","134,700,000","195,100,000","123,800,000","128,100,000","124,500,000","140,200,000","128,200,000","127,800,000","120,300,000","137,400,000","119,200,000","123,700,000",,,,,,,,,,,,,
GrossProfit,"1,168,652,000","267,872,000","334,918,000","269,468,000","296,394,000","276,526,000","298,094,000","221,457,000","97,111,000","136,018,000","159,465,000","111,112,000","119,023,000","83,965,000","171,642,000","115,765,000","103,897,000","72,339,000","71,516,000","64,684,000","85,399,000","59,033,000","130,979,000","92,022,000","88,627,000","70,822,000","77,281,000","62,120,000","73,875,000","62,583,000","98,048,000","62,993,000","68,808,000","61,459,000","80,118,000","53,823,000","71,321,000","56,070,000","-229,596,000","193,381,000","189,757,000","178,907,000","171,990,000","140,709,000","155,077,000","151,941,000","193,012,000","156,518,000","162,298,000","172,613,000","158,198,000","133,358,000","138,592,000","142,306,000","542,693,000","60,302,000","278,616,000","309,383,000","611,295,000","337,567,000","377,435,000","328,357,000","528,167,000","435,465,000","610,877,000","411,016,000","197,550,000","129,204,000","179,338,000","278,324,000","-251,011,000","241,859,000","145,677,000","113,996,000","-248,386,000","218,056,000","288,488,000","92,828,000","-412,318,000","271,215,000","287,489,000","254,990,000","256,602,000","233,296,000","252,829,000","236,864,000","259,821,000","231,311,000","250,689,000","228,357,000","244,200,000","205,800,000","233,000,000","208,100,000","134,400,000","196,400,000","215,000,000","198,500,000","210,500,000","165,100,000","184,000,000","168,900,000",,,,,,"175,700,000","192,500,000","178,500,000",,"169,700,000","184,100,000","169,300,000",,"162,100,000","177,000,000","167,400,000","185,100,000","158,900,000","190,000,000","178,900,000","158,700,000","193,500,000","198,800,000","177,000,000","205,300,000","193,500,000","204,100,000","177,200,000","208,900,000","185,100,000","197,200,000",,,,,,,,,,,,,
OperatingExpense,"765,966,000","192,472,000","205,799,000","182,831,000","184,864,000","183,533,000","121,761,000","105,308,000","94,033,000","114,995,000","113,988,000","93,862,000","92,962,000","79,234,000","88,121,000","74,746,000","79,164,000","68,443,000","57,097,000","63,376,000","64,282,000","57,457,000","63,328,000","64,671,000","65,295,000","61,385,000","108,551,000","58,458,000","59,343,000","61,042,000","65,321,000","58,238,000","67,707,000","59,191,000","61,580,000","60,512,000","61,752,000","58,793,000","-94,758,000","110,833,000","111,657,000","119,775,000","331,294,000","92,634,000","155,269,000","102,027,000","329,250,000","99,333,000","97,265,000","168,198,000","137,517,000","135,222,000","134,387,000","179,302,000","551,276,000","51,367,000","893,922,000","159,500,000","816,867,000","203,036,000","213,164,000","211,463,000","314,321,000","297,886,000","421,655,000","265,433,000","133,345,000","27,713,000","16,691,000","164,489,000","-382,562,000","154,801,000","5,146,000","15,737,000","-364,237,000","143,799,000","188,265,000","15,976,000","-464,154,000","176,796,000","177,552,000","172,574,000","180,500,000","172,541,000","176,498,000","175,615,000","158,242,000","156,960,000","156,570,000","154,100,000","155,000,000","150,300,000","146,800,000","142,400,000","48,500,000","138,900,000","139,800,000","141,100,000","135,300,000","115,500,000","113,700,000","113,100,000",,,,,"473,322,000","125,500,000","125,700,000","124,600,000","642,004,000","115,900,000","120,900,000","117,100,000","645,267,000","124,100,000","124,500,000","121,900,000","136,800,000","127,000,000","135,600,000","139,600,000","95,900,000","151,900,000","148,000,000","156,400,000","144,300,000","145,400,000","182,700,000","145,400,000","140,300,000","139,100,000","138,600,000",,,,,,,,,,,,,
	SellingGeneralAndAdministration,"603,806,000","152,727,000","166,221,000","140,745,000","144,113,000","144,026,000","1,075,000","1,261,000","1,026,000","1,026,000","1,746,000","2,071,000","1,564,000","1,572,000","13,446,000","3,529,000","1,389,000","1,388,000","-11,273,000","4,431,000","6,776,000","3,693,000","6,902,000","6,234,000","8,452,000","6,375,000","52,819,000","5,479,000","8,305,000","6,260,000","5,543,000","3,889,000","10,178,000","4,412,000","5,647,000","6,085,000","7,951,000","5,492,000","-276,089,000","98,697,000","99,054,000","107,469,000","91,967,000","83,058,000","85,266,000","91,607,000","90,743,000","88,609,000","85,688,000","89,296,000","92,924,000","89,299,000","85,626,000","126,546,000","543,220,000","39,197,000","87,683,000","129,871,000","372,859,000","170,840,000","180,711,000","176,932,000","284,440,000","270,631,000","268,583,000","243,524,000",,,,"147,155,000",,"137,022,000",,,,"126,643,000","128,058,000",,,"123,766,000","123,160,000","121,823,000","119,108,000","114,588,000","118,087,000","118,755,000","130,429,000","129,672,000","129,314,000","127,292,000","127,500,000","123,600,000","123,000,000","116,400,000","21,200,000","113,600,000","114,400,000","115,300,000","111,300,000","97,500,000","96,400,000","94,800,000",,,,,,"95,200,000","95,200,000","94,800,000",,"87,600,000","90,200,000","88,100,000",,"93,500,000","94,500,000","92,300,000","102,400,000","97,600,000","106,100,000","111,000,000","107,800,000","106,900,000","107,200,000","118,200,000","107,600,000","106,800,000","143,900,000","106,100,000","103,300,000","101,600,000","101,600,000",,,,,,,,,,,,,
		GeneralAndAdministrativeExpense,"603,806,000","152,727,000",,,,"144,026,000","1,075,000","1,261,000","1,026,000","1,026,000","1,746,000","2,071,000","1,564,000","1,572,000","13,446,000","3,529,000","1,389,000","1,388,000","3,627,000","3,551,000","3,467,000","3,467,000","3,828,000","3,605,000","3,449,000","3,450,000","48,892,000","2,976,000","4,120,000","2,762,000","1,475,000","1,670,000","5,477,000","1,378,000","1,809,000","2,490,000","2,569,000","1,969,000","-292,007,000","98,697,000","99,054,000","107,469,000","91,967,000","83,058,000","85,266,000","91,607,000","90,743,000","88,609,000","85,688,000","89,296,000","92,924,000","89,299,000","85,626,000","126,546,000",,,,,,,,,,,"215,430,000","185,203,000",,,,,,,,,,,,,,,,,,,,,,,,,,,,,,,,,,,,,,,,,,,,,,,,,,,,,,,,,,,,,,,,,,,,,,,,,,,,,,,,
			SalariesAndWages,,,,,,"-7,000","1,075,000","1,261,000","1,026,000","1,026,000","1,746,000","2,071,000","1,564,000","1,572,000","13,446,000","3,529,000","1,389,000","1,388,000","3,627,000","3,551,000","3,467,000","3,467,000","3,828,000","3,605,000","3,449,000","3,450,000","48,892,000","2,976,000","4,120,000","2,762,000","1,475,000","1,670,000","5,477,000","1,378,000","1,809,000","2,490,000","2,569,000","1,969,000","-292,007,000","98,697,000","99,054,000","101,643,000","91,967,000","83,058,000","85,266,000","91,607,000","90,743,000","88,609,000","85,688,000","89,296,000","92,924,000","89,299,000","85,626,000","126,546,000",,,,,,,,,,,,,,,,,,,,,,,,,,,,,,,,,,,,,,,,,,,,,,,,,,,,,,,,,,,,,,,,,,,,,,,,,,,,,,,,,,,,,,,,,,,,
			OtherGandA,"603,806,000","152,727,000",,,,"144,026,000",,,,,,,,,,,,,,,,,,,,,,,,,,,,,,,,,,,,"5,826,000",,,,,,,,,,,,,,,,,,,,,,,"215,430,000","185,203,000",,,,,,,,,,,,,,,,,,,,,,,,,,,,,,,,,,,,,,,,,,,,,,,,,,,,,,,,,,,,,,,,,,,,,,,,,,,,,,,,
		SellingAndMarketingExpense,,,,,,,,,,,,,,,,,,,,"4,431,000","6,776,000","3,693,000","3,074,000","2,629,000","5,003,000","2,925,000","3,927,000","2,503,000","4,185,000","3,498,000","4,068,000","2,219,000","4,701,000","3,034,000","3,838,000","3,595,000","5,382,000","3,523,000",,,,,,,,,,,,,,,,,,,,,,,,,,,"53,153,000","58,321,000",,,,,,,,,,,,,,,,,,,,,,,,,,,,,,,,,,,,,,,,,,,,,,,,,,,,,,,,,,,,,,,,,,,,,,,,,,,,,,,,
	DepreciationAmortizationDepletionIncomeStatement,"162,160,000","39,745,000","39,578,000","42,086,000","40,751,000","39,507,000","26,309,000","26,856,000","26,645,000","27,915,000","26,716,000","22,241,000","20,237,000","17,792,000","17,587,000","15,598,000","15,382,000","15,420,000","12,315,000","14,655,000","14,649,000","14,724,000","14,492,000","14,892,000","14,786,000","14,411,000","14,018,000","16,273,000","13,366,000","12,167,000","12,551,000","13,195,000","11,595,000","11,729,000","12,078,000","12,096,000","11,774,000","11,814,000","12,287,000","12,136,000","12,603,000","12,306,000","9,568,000","10,052,000","10,029,000","10,420,000","10,974,000","10,724,000","11,577,000","11,784,000","11,757,000","10,907,000","10,786,000","11,763,000","12,214,000","12,153,000","29,703,000","28,762,000","33,246,000","31,652,000","32,210,000","34,442,000","29,190,000","27,128,000","33,433,000","25,348,000","27,807,000","27,605,000","18,608,000","17,334,000","19,194,000","17,779,000","16,294,000","15,737,000","17,839,000","17,156,000","60,207,000","15,976,000","-95,405,000","53,030,000","54,392,000","50,751,000","61,392,000","57,953,000","58,411,000","56,860,000","27,813,000","27,288,000","27,256,000","26,808,000","27,500,000","26,700,000","23,800,000","26,000,000","27,300,000","25,300,000","25,400,000","25,800,000","24,000,000","18,000,000","17,300,000","18,300,000",,,,,"-24,010,000","30,300,000","30,500,000","29,800,000","28,267,000","28,300,000","30,700,000","29,000,000","30,678,000","30,600,000","30,000,000","29,600,000","34,400,000","29,400,000","29,500,000","28,600,000","-11,900,000","45,000,000","40,800,000","38,200,000","36,700,000","38,600,000","38,800,000","39,300,000","37,000,000","37,500,000","37,000,000",,,,,,,,,,,,,
		DepreciationAndAmortizationInIncomeStatement,"162,160,000","39,745,000","39,578,000","42,086,000","40,751,000","39,507,000","26,309,000","26,856,000","26,645,000","27,915,000","26,716,000","22,241,000","20,237,000","17,792,000","17,587,000","15,598,000","15,382,000","15,420,000","12,315,000","14,655,000","14,649,000","14,724,000","14,492,000","14,892,000","14,786,000","14,411,000","14,018,000","16,273,000","13,366,000","12,167,000","12,551,000","13,195,000","11,595,000","11,729,000","12,078,000","12,096,000","11,774,000","11,814,000","12,287,000","12,136,000","12,603,000","12,306,000","9,568,000","10,052,000","10,029,000","10,420,000","10,974,000","10,724,000","11,577,000","11,784,000","11,757,000","10,907,000","10,786,000","11,763,000","12,214,000","12,153,000","29,703,000","28,762,000","33,246,000","31,652,000","32,210,000","34,442,000","29,190,000","27,128,000","33,433,000","25,348,000","27,807,000","27,605,000","18,608,000","17,334,000","19,194,000","17,779,000","16,294,000","15,737,000","17,839,000","17,156,000","60,207,000","15,976,000","-95,405,000","53,030,000","54,392,000","50,751,000","61,392,000","57,953,000","58,411,000","56,860,000","27,813,000","27,288,000","27,256,000","26,808,000","27,500,000","26,700,000","23,800,000","26,000,000","27,300,000","25,300,000","25,400,000","25,800,000","24,000,000","18,000,000","17,300,000","18,300,000",,,,,"-24,010,000","30,300,000","30,500,000","29,800,000","28,267,000","28,300,000","30,700,000","29,000,000","30,678,000","30,600,000","30,000,000","29,600,000","34,400,000","29,400,000","29,500,000","28,600,000","-11,900,000","45,000,000","40,800,000","38,200,000","36,700,000","38,600,000","38,800,000","39,300,000","37,000,000","37,500,000","37,000,000",,,,,,,,,,,,,
			DepreciationIncomeStatement,"59,602,000","15,370,000","15,048,000","14,939,000","14,245,000","14,125,000","12,101,000","12,568,000","12,396,000","13,528,000","11,719,000","10,020,000","9,995,000","8,975,000","10,025,000","8,627,000","7,890,000","8,099,000","6,745,000","9,162,000","9,153,000","8,989,000","8,800,000","8,407,000","8,928,000","8,656,000","8,295,000","11,092,000","8,604,000","9,971,000","10,237,000","10,925,000","9,698,000","9,808,000","10,342,000","10,360,000","10,035,000","10,102,000","10,537,000","10,359,000","10,832,000","10,530,000","9,273,000","9,733,000","9,712,000","10,104,000","10,636,000","10,385,000","11,215,000","11,446,000","11,412,000","10,525,000","10,403,000","11,043,000","11,593,000","11,155,000","23,417,000","22,463,000","22,312,000","21,284,000","20,867,000","18,551,000","18,354,000","16,359,000","18,851,000","17,254,000","19,496,000","18,694,000","16,858,000","15,489,000","17,972,000","16,744,000","15,482,000","15,074,000","16,759,000","16,021,000","15,945,000","14,819,000","16,949,000","14,053,000","14,458,000","12,859,000","14,580,000","13,189,000","13,595,000","14,357,000",,,,,,,,,,,,,,,,,,,,,"-44,104,000","30,300,000","30,500,000","29,800,000","-2,117,000","28,300,000","30,700,000","29,000,000","-1,455,000","30,600,000","30,000,000","29,600,000","34,400,000","29,400,000","29,500,000","28,600,000","-11,900,000","45,000,000","40,800,000","38,200,000","36,700,000","38,600,000","38,800,000","39,300,000","37,000,000","37,500,000","37,000,000",,,,,,,,,,,,,
			Amortization,"102,558,000","24,375,000","24,530,000","27,147,000","26,506,000","25,382,000","14,208,000","14,288,000","14,249,000","14,387,000","14,997,000","12,221,000","10,242,000","8,817,000","7,562,000","6,971,000","7,492,000","7,321,000","5,570,000","5,493,000","5,496,000","5,735,000","5,692,000","6,485,000","5,858,000","5,755,000","5,723,000","5,181,000","4,762,000","2,196,000","2,314,000","2,270,000","1,897,000","1,921,000","1,736,000","1,736,000","1,739,000","1,712,000","1,750,000","1,777,000","1,771,000","1,776,000","295,000","319,000","317,000","316,000","338,000","339,000","362,000","338,000","345,000","382,000","383,000","720,000","621,000","998,000","6,286,000","6,299,000","10,934,000","10,368,000","11,343,000","15,891,000","10,836,000","10,769,000","14,582,000","8,094,000","8,311,000","8,911,000","1,750,000","1,845,000","1,222,000","1,035,000","812,000","663,000","1,080,000","1,135,000","44,262,000","1,157,000","-112,354,000","38,977,000","39,934,000","37,892,000","46,812,000","44,764,000","44,816,000","42,503,000",,,,,,,,,,,,,,,,,,,,,,,,,,,,,,,,,,,,,,,,,,,,,,,,,,,,,,,,,,,,
				AmortizationOfIntangiblesIncomeStatement,"102,558,000","24,375,000","24,530,000","27,147,000","26,506,000","25,382,000","14,208,000","14,288,000","14,249,000","14,387,000","14,997,000","12,221,000","10,242,000","8,817,000","7,562,000","6,971,000","7,492,000","7,321,000","5,570,000","5,493,000","5,496,000","5,735,000","5,692,000","6,485,000","5,858,000","5,755,000","5,723,000","5,181,000","4,762,000","2,196,000","2,314,000","2,270,000","1,897,000","1,921,000","1,736,000","1,736,000","1,739,000","1,712,000","1,750,000","1,777,000","1,771,000","1,776,000","295,000","319,000","317,000","316,000","338,000","339,000","362,000","338,000","345,000","382,000","383,000","720,000","621,000","998,000","6,286,000","6,299,000","10,934,000","10,368,000","11,343,000","15,891,000","10,836,000","10,769,000","14,582,000","8,094,000","8,311,000","8,911,000","1,750,000","1,845,000","1,222,000","1,035,000","812,000","663,000","1,080,000","1,135,000","44,262,000","1,157,000","-112,354,000","38,977,000","39,934,000","37,892,000","46,812,000","44,764,000","44,816,000","42,503,000",,,,,,,,,,,,,,,,,,,,,,,,,,,,,,,,,,,,,,,,,,,,,,,,,,,,,,,,,,,,
	OtherOperatingExpenses,,,,,,,"95,452,000","78,452,000","67,388,000","87,080,000","87,272,000","71,621,000","72,725,000","61,442,000","70,534,000","59,148,000","63,782,000","53,023,000","59,682,000","44,290,000","42,857,000","39,040,000","41,934,000","43,545,000","42,057,000","40,599,000","41,714,000","36,706,000","37,672,000","42,615,000","47,227,000","41,154,000","45,934,000","43,050,000","43,855,000","42,331,000","42,027,000","41,487,000",,,,,"229,759,000","-476,000","59,974,000",,,"525,000",,"67,118,000","32,836,000","35,016,000","37,975,000","40,993,000","-4,158,000","17,000","776,536,000","867,000","410,762,000","544,000","243,000","89,000","691,000","127,000","119,639,000","-3,439,000","105,538,000","108,000","-1,917,000",,,,"-11,148,000",,,,,,,,,,,,,,,,,,,,,,,,,,,,,,,,,,,,,,,,,,,,,,,,,,,,,,,,,,,,,,,,,,,,,,,,,
OperatingIncome,"402,686,000","75,400,000","129,119,000","86,637,000","111,530,000","92,993,000","176,333,000","116,149,000","3,078,000","21,023,000","45,477,000","17,250,000","26,061,000","4,731,000","83,521,000","41,019,000","24,733,000","3,896,000","14,419,000","1,308,000","21,117,000","1,576,000","67,651,000","27,351,000","23,332,000","9,437,000","-31,270,000","3,662,000","14,532,000","1,541,000","32,727,000","4,755,000","1,101,000","2,268,000","18,538,000","-6,689,000","9,569,000","-2,723,000","-134,838,000","82,548,000","78,100,000","59,132,000","-159,304,000","48,075,000","-192,000","49,914,000","-136,238,000","57,185,000","65,033,000","4,415,000","20,681,000","-1,864,000","4,205,000","-36,996,000","-8,583,000","8,935,000","-615,306,000","149,883,000","-205,572,000","134,531,000","164,271,000","116,894,000","213,846,000","137,579,000","189,222,000","145,583,000","64,205,000","101,491,000","162,647,000","113,835,000","131,551,000","87,058,000","140,531,000","98,259,000","115,851,000","74,257,000","100,223,000","76,852,000","51,836,000","94,419,000","109,937,000","82,416,000","76,102,000","60,755,000","76,331,000","61,249,000","101,579,000","74,351,000","94,119,000","74,257,000","89,200,000","55,500,000","86,200,000","65,700,000","85,900,000","57,500,000","75,200,000","57,400,000","75,200,000","49,600,000","70,300,000","55,800,000","-591,100,000","265,500,000","277,300,000","254,200,000","10,356,000","50,200,000","66,800,000","53,900,000","54,947,000","53,800,000","63,200,000","52,200,000","54,004,000","38,000,000","52,500,000","45,500,000","48,300,000","31,900,000","54,400,000","39,300,000","62,800,000","41,600,000","50,800,000","20,600,000","61,000,000","48,100,000","21,400,000","31,800,000","68,600,000","46,000,000","58,600,000","294,900,000","-648,500,000","293,200,000","305,400,000","280,200,000","-659,000,000","286,800,000","286,700,000","286,700,000","-645,900,000","259,200,000","259,200,000","259,100,000"
NetNonOperatingInterestIncomeExpense,"-157,781,000","-36,499,000","-38,259,000","-41,013,000","-42,010,000","-43,882,000","-22,810,000","-21,387,000","-22,999,000","-25,798,000","-27,120,000","-26,537,000","-18,023,000","-8,916,000","-9,143,000","-9,003,000","-9,279,000","-8,759,000","-8,534,000","-5,720,000","-8,248,000","-4,195,000","-4,436,000","-4,592,000","-4,432,000","-4,579,000","-4,576,000","-4,246,000","-4,225,000","-2,052,000","-2,147,000","-2,050,000","-2,043,000","-2,254,000","-2,524,000","-2,655,000","-2,656,000","-2,613,000","-2,593,000","-3,288,000","-3,211,000","-3,154,000","-473,000","-362,000","-412,000","-393,000","-1,232,000","-741,000","-845,000","-848,000","-996,000","-1,149,000","-311,000","-246,000",,,,,,,,,,,,,,,,,,,,,,,,,,,,,,,,,,,,,,,,,,,,,,,,,,,,,,,,,,,,,,,,,,,,,,,,,,,,,,,,,,,,,,,,,,,,
	InterestExpenseNonOperating,"157,781,000","36,499,000","38,259,000","41,013,000","42,010,000","43,882,000","22,810,000","21,387,000","22,999,000","25,798,000","27,120,000","26,537,000","18,023,000","8,916,000","9,143,000","9,003,000","9,279,000","8,759,000","8,534,000","5,720,000","8,248,000","4,195,000","4,436,000","4,592,000","4,432,000","4,579,000","4,576,000","4,246,000","4,225,000","2,052,000","2,147,000","2,050,000","2,043,000","2,254,000","2,524,000","2,655,000","2,656,000","2,613,000","2,593,000","3,288,000","3,211,000","3,154,000","473,000","362,000","412,000","393,000","1,232,000","741,000","845,000","848,000","996,000","1,149,000","311,000","246,000",,,,,,,,,,,,,,,,,,,,,,,,,,,,,,,,,,,,,,,,,,,,,,,,,,,,,,,,,,,,,,,,,,,,,,,,,,,,,,,,,,,,,,,,,,,,
OtherIncomeExpense,"-44,581,000","-2,633,000","-15,720,000","29,396,000","-55,624,000","-26,079,000","-1,763,000","-8,689,000","-4,106,000","-6,255,000","-4,970,000","-16,781,000","-5,084,000","-6,963,000","-28,487,000","-4,769,000","-3,809,000","-5,745,000","-151,000","-40,627,000","1,412,000","-4,433,000","-1,900,000","-622,000","-480,000","-765,000","-2,372,000","-27,958,000","-29,801,000","-7,333,000","-12,495,000","-2,314,000","-4,519,000","-775,000","-8,963,000","-2,554,000","-3,017,000","-2,285,000","177,911,000","-65,110,000","-65,168,000","-63,422,000","166,539,000","-65,908,000","-2,070,000","-61,102,000","165,993,000","-56,478,000","-60,523,000","-3,833,000","-3,847,000","-235,000","-1,133,000","-219,353,000","46,863,000","-45,363,000","-882,942,000","12,083,000","-385,306,000","27,056,000","20,811,000","8,306,000","15,925,000","15,236,000","-71,760,000","15,846,000","-92,434,000","10,402,000","24,588,000","20,072,000","27,601,000","22,462,000","31,160,000","31,540,000","21,170,000","21,691,000","20,355,000","19,194,000","82,549,000","-9,377,000","-66,315,000","-8,242,000","-45,756,000","-10,677,000","3,437,000","59,138,000","-15,731,000","1,829,000","-1,404,000","-1,847,000","1,300,000","-200,000","1,700,000","1,300,000","500,000","300,000","900,000","-1,400,000","25,500,000","21,800,000","400,000","200,000",,,,,"-13,088,000","1,500,000","400,000","1,600,000","-37,651,000","-200,000","31,200,000","100,000","43,999,000","-3,000,000","600,000","24,000,000","73,600,000","200,000","-1,200,000","-200,000","-200,000","100,000","400,000","-100,000","-4,400,000","1,000,000","1,100,000","200,000","3,000,000","-700,000","900,000",,,,,,,,,,,,,
	GainOnSaleOfSecurity,,,"0",,"-31,874,000","-67,244,000",,,,,,,,,,,,,,,,,,,,,,,,,,,,,,,,,,,,,,,,,,,,,,,,,,,,,,,,,,,,,,,,,,,,,,,,,,,,,,,,,,,,,,,,,,,,,,,,,,,,,,,,,,,,,,,,,,,,,,,,,,,,,,,,,,,,,,,,,,,,
	EarningsFromEquityInterest,,,,,,,,,,,,,,,,,,,,,,,,,,,,,,,,,,,,,,,,,,,,,,,,,,,"947,000","586,000","631,000","-419,000","920,000","1,902,000","7,543,000","12,189,000","21,989,000","15,544,000","18,139,000","7,549,000","15,273,000","13,942,000","14,611,000","11,370,000","12,470,000","10,096,000","23,073,000","19,740,000","29,614,000","22,341,000","20,212,000","16,663,000","27,060,000","20,830,000","22,511,000","17,553,000",,,,,,,,,,,,,,,,,,,,,,,,,,,,,,,,,,,,,,,,,,,,,,,,,,,,,,,,,,,,,,,,,,,,
	SpecialIncomeCharges,"-1,995,000","-2,889,000","-7,042,000","28,986,000","-21,050,000","46,009,000","-2,552,000","-8,916,000","-1,528,000","-6,343,000","-2,750,000","-16,752,000","-3,889,000","-4,591,000","-15,728,000","-694,000","-2,264,000","-4,524,000","-1,749,000","-38,263,000","-224,000","-87,000","-499,000","-26,000","-22,000","-574,000","-939,000","-29,019,000","-30,188,000","-6,009,000","-5,167,000","-2,098,000","-4,119,000","-330,000","-1,228,000","-1,467,000","-1,383,000","-981,000","180,206,000","-64,210,000","-63,733,000","-63,305,000","166,592,000","-66,018,000","-2,070,000","-60,413,000","165,145,000","-56,517,000","-61,821,000","-3,833,000","-5,109,000","-1,091,000","-1,682,000","-218,934,000","45,943,000","-47,265,000","-890,485,000","-106,000","-407,295,000","11,512,000","2,672,000","757,000","652,000","1,294,000","-86,371,000","4,476,000","-104,904,000","306,000","1,515,000","332,000","-2,013,000","121,000","10,948,000","14,877,000","-5,890,000","861,000","-2,156,000","1,641,000","-696,000","-9,377,000","-66,315,000","-8,242,000","-45,756,000","-10,677,000","3,437,000","59,138,000","-15,731,000","1,829,000","-1,404,000","-1,847,000","1,300,000","-200,000","1,700,000","1,300,000","500,000","300,000","900,000","-1,400,000","25,500,000","21,800,000","400,000","200,000",,,,,,"1,500,000","400,000","1,600,000",,"-200,000","31,200,000","100,000",,"-3,000,000","600,000","24,000,000","73,600,000","200,000","-1,200,000","-200,000","-200,000","100,000","400,000","-100,000","-4,400,000","1,000,000","1,100,000","200,000","3,000,000","-700,000","900,000",,,,,,,,,,,,,
		RestructuringAndMergernAcquisition,"15,756,000","1,642,000","4,791,000","2,123,000","7,200,000","35,695,000","2,619,000","10,928,000","221,000","4,910,000","4,748,000","16,763,000","3,745,000","4,418,000","5,703,000","1,195,000","2,330,000","3,807,000","2,015,000","2,407,000","0","0","0",,"0","578,000","1,035,000","4,206,000","29,973,000","6,109,000","4,566,000","5,049,000","4,097,000","262,000","1,202,000","1,290,000","1,425,000","976,000","2,915,000","2,354,000","2,355,000","1,711,000","6,193,000","2,614,000","1,822,000","2,093,000","2,409,000","3,206,000","3,720,000","3,343,000","5,780,000","1,221,000","1,441,000","1,493,000",,"22,020,000",,,,,,,,,,,,,,,,,,,,,,,,,,,,,,,,,,,,,,,,,,,,,,,,,,,,,,,,,,,,,,,,,,,,,,,,,,,,,,,,,,,,,,,,,,
		ImpairmentOfCapitalAssets,,,,,,,,,,,,,,,"8,920,000","0",,,"0","35,732,000",,,"0",,,,"0","24,613,000",,,,,,,,,,,"0","0",,,"0","9,000,000",,,"0","0","0","0","0","0","0","216,413,000",,,,,,,,,,,,,,,,,,,,,,,,,,,,,,,,,,,,,,,,,,,,,,,,,,,,,,,,,,,,,,,,,,,,,,,,,,,,,,,,,,,,,,,,,,,,
		WriteOff,,,,,,,,,,,,,,,,,,,,,,,,,,,,,,,,,,,,,,,,,,,,,,,,,,,"0","0","0",,,,,,,,,,,,,,,,,,,,,,,,,,,,,,,,,,,,,,,,,,,,,,,,,,,,,,,,,,,,,,,,,,,,,,,,,,,,,,,,,,,,,,,,,,,,,
		OtherSpecialCharges,,"-1,234,000","1,572,000",,"13,775,000",,,,,,,,,,,,,,"0","0",,,,,,,"-1,035,000","-4,206,000",,,,,,,"0","0","0","0","0","61,776,000","61,166,000","61,836,000",,"54,404,000","248,000","58,283,000","0","52,786,000","58,079,000","490,000","0","0","0","1,028,000",,"25,245,000",,,,,,,,,,,,,,,,,,,,,,,,,,,,,,,,,,,,,,,,,,,,,,,,,,,,,,,,,,,,,,,,,,,,,,,,,,,,,,,,,,,,,,,,,,
		GainOnSaleOfBusiness,"0","0","0","0","0","81,784,000",,,,,,,,,,,,,,,,,,,,,,,,,,,,,,,,,,,,,,,,,,,,,,,,,,,,,,,,,,,,,,,,,,,,,,,,,,,,,,,,,,,,,,,,,,,,,,,,,,,,,,,,,,,,,,,,,,,,,,,,,,,,,,,,,,,,,,,,,,,,
		GainOnSaleOfPPE,"27,874,000","-2,481,000","-679,000","31,109,000","-75,000","-80,000","67,000","2,012,000","-1,307,000","-1,433,000","1,998,000","11,000","-144,000","-173,000","-1,105,000","501,000","66,000","-717,000","266,000","-124,000","-224,000","-87,000","-499,000","-26,000","-22,000","4,000","96,000","-200,000","-215,000","100,000","-601,000","2,951,000","-22,000","-68,000","-26,000","-177,000","42,000","-5,000","-424,000","-80,000","-212,000","242,000",,,,"-37,000","42,000","-525,000","-22,000",,"671,000","130,000","-241,000",,,,,,,,,,,,,,,,,,,,,,,,,,,,,,,,,,,,,,,,,,,,,,,,,,,,,,,,,,,,,,,,,,,,,,,,,,,,,,,,,,,,,,,,,,,,,
	OtherNonOperatingIncomeExpenses,"-10,712,000","256,000","-8,678,000","410,000","-2,700,000","-4,844,000","789,000","227,000","-2,578,000","88,000","-2,220,000","-29,000","-1,195,000","-2,372,000","-12,759,000","-4,075,000","-1,545,000","-1,221,000","1,598,000","-2,364,000","1,636,000","-4,346,000","-1,401,000","-596,000","-458,000","-191,000","-1,433,000","1,061,000","387,000","-1,324,000","-7,328,000","-216,000","-400,000","-445,000","-7,735,000","-1,087,000","-1,634,000","-1,304,000","-2,295,000","-900,000","-1,435,000","-117,000","-53,000","110,000",,"-689,000","848,000","39,000","1,298,000",,"315,000","270,000","-82,000",,,,,,,,,,,,,,,,,,,,,,,,,,,,,,,,,,,,,,,,,,,,,,,,,,,,,,,,,,,,,,,,,,,,,,,,,,,,,,,,,,,,,,,,,,,,,
PretaxIncome,"200,324,000","36,268,000","75,140,000","75,020,000","13,896,000","23,032,000","151,760,000","86,073,000","-24,027,000","-11,030,000","13,387,000","-26,068,000","2,954,000","-11,148,000","45,891,000","27,247,000","11,645,000","-10,608,000","5,734,000","-45,039,000","14,281,000","-7,052,000","61,315,000","22,137,000","18,420,000","4,093,000","-38,218,000","-28,542,000","-19,494,000","-7,844,000","18,085,000","391,000","-5,461,000","-761,000","7,051,000","-11,898,000","3,896,000","-7,621,000","40,480,000","14,150,000","9,721,000","-7,444,000","6,762,000","-18,195,000","-2,674,000","-11,581,000","28,523,000","-34,000","3,665,000","-266,000","15,838,000","-3,248,000","2,761,000","-256,595,000","-19,369,000","-36,411,000","726,586,000","157,001,000","-188,096,000","153,059,000","174,596,000","115,088,000","215,604,000","138,374,000","189,847,000","146,379,000","208,299,000","103,623,000","178,133,000","126,743,000","163,959,000","102,489,000","152,574,000","123,631,000","134,269,000","88,004,000","112,746,000","88,043,000","122,142,000","77,199,000","36,041,000","67,582,000","19,089,000","41,661,000","67,934,000","107,080,000","72,124,000","61,747,000","78,171,000","58,718,000","77,500,000","42,900,000","75,800,000","54,900,000","73,500,000","45,000,000","62,800,000","43,100,000","87,100,000","68,300,000","67,300,000","52,500,000",,,,,"8,768,000","48,400,000","63,200,000","51,100,000","37,696,000","47,500,000","87,000,000","45,500,000","108,485,000","26,200,000","43,300,000","59,400,000","108,700,000","19,700,000","42,700,000","29,200,000","49,900,000","29,500,000","39,200,000","11,800,000","42,600,000","36,200,000","9,200,000","18,900,000","58,100,000","33,400,000","46,200,000",,,,,,,,,,,,,
TaxProvision,"65,563,000","13,903,000","22,323,000","16,654,000","12,683,000","19,529,000","37,459,000","22,100,000","-6,515,000","779,000","2,822,000","-4,305,000","3,320,000","-4,334,000","9,938,000","7,208,000","2,983,000","-2,031,000","-2,322,000","-18,355,000","5,736,000","-5,113,000","22,978,000","9,615,000","6,932,000","-795,000","-17,094,000","-4,099,000","-6,539,000","-2,744,000","2,373,000","1,835,000","-2,027,000","-149,000","-562,000","-3,047,000","711,000","-4,950,000","13,561,000","2,148,000","4,305,000","-3,029,000","620,000","-7,473,000","-462,000","-2,686,000","4,861,000","-5,459,000","1,817,000","614,000","1,714,000","293,000","508,000","-35,748,000","-7,784,000","-15,486,000","-219,786,000","50,874,000","42,000,000","46,957,000","55,917,000","32,391,000","59,332,000","44,132,000","65,249,000","50,548,000","49,007,000","34,458,000","63,254,000","45,397,000","58,791,000","37,623,000","54,489,000","44,870,000","22,593,000","34,509,000","45,783,000","35,089,000","49,044,000","30,622,000","9,085,000","26,868,000","12,373,000","18,023,000","28,584,000","40,642,000","23,824,000","26,319,000","32,551,000","25,114,000","31,700,000","18,000,000","31,600,000","22,900,000","29,900,000","18,900,000","26,400,000","18,000,000","36,600,000","29,700,000","28,700,000","22,500,000",,,,,"4,732,000","20,800,000","27,100,000","22,000,000","6,025,000","21,400,000","39,200,000","20,400,000","48,599,000","12,100,000","21,200,000","26,800,000","48,600,000","11,900,000","20,100,000","13,400,000","25,000,000","14,600,000","19,300,000","6,800,000","21,600,000","18,800,000","9,400,000","9,200,000","27,100,000","15,400,000","21,000,000",,,,,,,,,,,,,
NetIncomeCommonStockholders,"90,993,000","9,513,000","40,227,000","46,121,000","-6,932,000","-6,076,000","244,667,000","58,518,000","-22,043,000","-11,809,000","10,731,000","-21,929,000","-366,000","-6,814,000","21,979,000","19,131,000","5,720,000","-26,449,000","6,972,000","-26,684,000","8,545,000","-1,939,000","38,337,000","12,522,000","11,488,000","4,888,000","-21,532,000","-24,443,000","-31,403,000","-5,100,000","15,717,000","-1,341,000","-3,235,000","-612,000","7,863,000","-8,851,000","3,185,000","-2,671,000","27,185,000","12,002,000","5,416,000","-4,415,000","6,292,000","-10,722,000","-2,212,000","-8,895,000","25,637,000","6,245,000","99,507,000","-880,000","12,103,000","-3,261,000","2,253,000","-220,700,000","-12,618,000","-16,799,000","-531,241,000","84,068,000","-255,933,000","88,367,000","97,461,000","68,484,000","133,948,000","73,063,000","71,144,000","75,065,000","-603,000","82,156,000","97,589,000","70,011,000","91,274,000","55,594,000","86,424,000","70,519,000","101,534,000","51,859,000","64,733,000","52,689,000","75,785,000","45,676,000","26,956,000","39,880,000","9,542,000","22,633,000","39,350,000","66,438,000","48,300,000","35,428,000","45,620,000","33,604,000","45,800,000","24,900,000","44,200,000","32,000,000","43,600,000","26,100,000","36,400,000","25,100,000","50,500,000","38,600,000","38,600,000","30,000,000","50,200,000","36,000,000","41,900,000","29,300,000","40,478,000","27,600,000","36,100,000","29,100,000","23,683,000","26,100,000","47,800,000","25,100,000","59,886,000","14,100,000","22,100,000","32,600,000","37,700,000","7,800,000","22,600,000","15,800,000","24,900,000","14,900,000","19,900,000","5,000,000","21,000,000","17,400,000","-200,000","9,700,000","31,000,000","18,000,000","25,200,000","15,100,000","22,500,000","13,400,000","23,200,000","11,100,000","11,300,000","11,300,000","11,300,000","11,300,000","8,600,000","8,500,000","8,500,000","8,500,000"
	NetIncome,"139,510,000","22,365,000","52,803,000","58,698,000","5,644,000","5,567,000","244,667,000","58,518,000","-22,043,000","-11,809,000","10,731,000","-21,929,000","-366,000","-6,814,000","21,979,000","19,131,000","5,720,000","-26,449,000","6,972,000","-26,684,000","8,545,000","-1,939,000","38,337,000","12,522,000","11,488,000","4,888,000","-21,532,000","-24,443,000","-31,403,000","-5,100,000","15,717,000","-1,341,000","-3,235,000","-612,000","7,863,000","-8,851,000","3,185,000","-2,671,000","27,185,000","12,002,000","5,416,000","-4,415,000","6,292,000","-10,722,000","-2,212,000","-8,895,000","25,637,000","6,245,000","99,507,000","-880,000","12,103,000","-3,261,000","2,253,000","-220,700,000","-12,618,000","-16,799,000","-531,241,000","84,068,000","-255,933,000","88,367,000","97,461,000","68,484,000","133,948,000","73,063,000","71,144,000","75,065,000","-603,000","82,156,000","97,589,000","70,011,000","91,274,000","55,594,000","86,424,000","70,519,000","101,534,000","51,859,000","64,733,000","52,689,000","75,785,000","45,676,000","26,956,000","39,880,000","9,542,000","22,633,000","39,350,000","66,438,000","48,300,000","35,428,000","45,620,000","33,604,000","45,800,000","24,900,000","44,200,000","32,000,000","43,600,000","26,100,000","36,400,000","25,100,000","50,500,000","38,600,000","38,600,000","30,000,000","50,200,000","36,000,000","41,900,000","29,300,000","40,478,000","27,600,000","36,100,000","29,100,000","23,683,000","26,100,000","47,800,000","25,100,000","59,886,000","14,100,000","22,100,000","32,600,000","37,700,000","7,800,000","22,600,000","15,800,000","24,900,000","14,900,000","19,900,000","5,000,000","21,000,000","17,400,000","-200,000","9,700,000","31,000,000","18,000,000","25,200,000","15,100,000","22,500,000","13,400,000","23,200,000","11,100,000","11,300,000","11,300,000","11,300,000","11,300,000","8,600,000","8,500,000","8,500,000","8,500,000"
		NetIncomeIncludingNoncontrollingInterests,"139,510,000","22,365,000","52,803,000","58,698,000","5,644,000","5,567,000","244,667,000","58,518,000","-22,043,000","-11,809,000","10,565,000","-21,763,000","-366,000","-6,814,000","21,979,000","19,131,000","5,720,000","-27,081,000","5,461,000","-26,684,000","8,545,000","-1,939,000","38,337,000","12,522,000","11,488,000","4,888,000","-21,532,000","-24,443,000","-31,403,000","-5,100,000","15,712,000","-1,444,000","-3,434,000","-612,000","7,613,000","-8,851,000","3,185,000","-2,671,000","26,919,000","12,002,000","5,416,000","-4,415,000","6,142,000","-10,722,000","-2,212,000","-8,895,000","25,534,000","6,245,000","99,507,000","-880,000","12,208,000","-3,261,000","2,253,000","-220,847,000","-12,729,000","-16,732,000","-506,800,000","106,361,000","-230,096,000","106,543,000","118,449,000","86,464,000","157,833,000","88,869,000","90,870,000","89,414,000","17,510,000","93,885,000","114,879,000","81,346,000","105,168,000","64,866,000","98,085,000","78,761,000","111,676,000","53,495,000","66,963,000","52,954,000","78,104,000","46,577,000","27,908,000","40,714,000","10,513,000","23,638,000","40,325,000","67,284,000","49,600,000","36,468,000","46,683,000","34,660,000","47,100,000","26,000,000","45,300,000","33,000,000","44,900,000","27,200,000","38,000,000","26,100,000","52,800,000","39,500,000","39,500,000","30,900,000","53,600,000","36,000,000","41,900,000","29,300,000","46,425,000","26,800,000","35,200,000","28,200,000","38,871,000","23,900,000","44,900,000","23,000,000","85,704,000","11,400,000","19,400,000","30,400,000","33,600,000","5,000,000","19,500,000","14,100,000","21,700,000","13,400,000","17,400,000","5,100,000","17,700,000","15,200,000","-2,700,000","8,400,000","27,800,000","16,300,000","22,700,000","15,100,000","22,500,000","13,400,000","23,200,000","11,100,000","11,300,000","11,300,000","11,300,000","11,300,000","8,600,000","8,500,000","8,500,000","8,500,000"
			NetIncomeContinuousOperations,"134,761,000","22,365,000","52,817,000","58,366,000","1,213,000","3,503,000","114,301,000","63,973,000","-17,512,000","-11,809,000","10,565,000","-21,763,000","-366,000","-6,814,000","35,953,000","20,039,000","8,662,000","-8,577,000","8,056,000","-26,684,000","8,545,000","-1,939,000","38,337,000","12,522,000","11,488,000","4,888,000","-21,124,000","-24,443,000","-12,955,000","-5,100,000","15,712,000","-1,444,000","-3,434,000","-612,000","7,613,000","-8,851,000","3,185,000","-2,671,000","26,919,000","12,002,000","5,416,000","-4,415,000","6,142,000","-10,722,000","-2,212,000","-8,895,000","23,662,000","5,425,000","1,848,000","-880,000","14,124,000","-3,541,000","2,253,000","-220,847,000","-11,474,000","-20,992,000","-531,241,000","83,834,000","-255,933,000","87,926,000","97,691,000","64,717,000","132,387,000","78,436,000","104,872,000","81,482,000","-1,108,000","57,436,000","97,589,000","70,011,000","91,274,000","55,594,000","86,424,000","70,519,000","101,534,000","51,859,000","64,733,000","52,689,000","75,785,000","45,676,000","26,956,000","39,880,000","9,542,000","22,633,000","39,350,000","66,438,000","48,300,000","35,428,000","45,620,000","33,604,000","45,800,000","24,900,000","44,200,000","32,000,000","43,600,000","26,100,000","36,400,000","25,100,000","50,500,000","38,600,000","38,600,000","30,000,000","57,600,000","23,700,000","29,100,000","19,700,000","689,000","27,600,000","36,100,000","29,100,000","23,683,000","26,100,000","47,800,000","25,100,000","59,886,000","14,100,000","22,100,000","32,600,000","60,100,000","7,800,000","22,600,000","15,800,000","24,900,000","14,900,000","19,900,000","5,000,000","21,000,000","17,400,000","-200,000","9,700,000","31,000,000","18,000,000","25,200,000","15,100,000","22,500,000","13,400,000","23,200,000","11,100,000","11,300,000","11,300,000","11,300,000","11,300,000","8,600,000","8,500,000","8,500,000","8,500,000"
			NetIncomeDiscontinuousOperations,"4,749,000","0","-14,000","332,000","4,431,000","2,064,000","130,366,000","-5,455,000","-4,531,000",,"0","0","0","0","-13,974,000","-908,000","-2,942,000","-18,504,000","-6,009,000",,,,"0",,"0","0","-408,000","0","-18,448,000",,,,,,,,,,,,,,"0","0","0","0","1,872,000","820,000","97,659,000","0","-1,916,000","280,000","0","0","-1,144,000","4,193,000",,"234,000","0","441,000","-230,000","3,767,000","1,561,000","-5,373,000","-33,728,000","-6,417,000","505,000","24,720,000",,,,,,,,,,,,,,,,,,,,,,,,,,,,,,,,,,,"-7,400,000","12,300,000","12,800,000","9,600,000",,,,,,,,,,,,,,,,,,,,,,,,,,,,,,,,,,,,,,,,
		MinorityInterests,,,,,,,"0","0",,,"166,000","-166,000","0","0","0","0",,"632,000","1,511,000","0",,,,,,,,,,"0","5,000","103,000","199,000","0","250,000","0","0","0","266,000","0","0","0",,,,,"103,000","0","0","0","-105,000","0","0","147,000","111,000","-67,000","-24,441,000","-22,293,000","-25,837,000","-18,176,000","-20,988,000","-17,980,000","-23,885,000","-15,806,000","-19,726,000","-14,349,000","-18,113,000","-11,729,000","-17,290,000","-11,335,000","-13,894,000","-9,272,000","-11,661,000","-8,242,000","-10,142,000","-1,636,000","-2,230,000","-265,000","-2,319,000","-901,000","-952,000","-834,000","-971,000","-1,005,000","-975,000","-846,000","-1,300,000","-1,040,000","-1,063,000","-1,056,000","-1,300,000","-1,100,000","-1,100,000","-1,000,000","-1,300,000","-1,100,000","-1,600,000","-1,000,000","-2,300,000","-900,000","-900,000","-900,000",,,,,"-5,947,000","800,000","900,000","900,000","-15,188,000","2,200,000","2,900,000","2,100,000","-25,818,000","2,700,000","2,700,000","2,200,000","4,100,000","2,800,000","3,100,000","1,700,000","3,200,000","1,500,000","2,500,000","-100,000","3,300,000","2,200,000","2,500,000","1,300,000","3,200,000","1,700,000","2,500,000",,,,,,,,,,,,,
	PreferredStockDividends,"50,305,000","12,576,000","12,576,000","12,577,000","12,576,000","11,643,000",,,,,,,,,,,,,,,,,,,,,,,,,,,,,,,,,,,,,,,,,,,,,,,,,,,,,,,,,,,,,,,,,,,,,,,,,,,,,,,,,,,,,,,,,,,,,,,,,,,,,,,,,,,,,,,,,,,,,,,,,,,,,,,,,,,,,,,,,,,,
	OtherunderPreferredStockDividend,,"276,000","1,145,000",,,,,,,,,,,,,,,,,,,,,,,,,,,,,,,,,,,,,,,,,,,,,,,,,,,,,,,,,,,,,,,,,,,,,,,,,,,,,,,,,,,,,,,,,,,,,,,,,,,,,,,,,,,,,,,,,,,,,,,,,,,,,,,,,,,,,,,,,,,,,,,
AverageDilutionEarnings,,,,,,,,,,,,,,,,,,,,,,,,,,,,,,"0","-336,000",,,,,,,,,,,,,,,,,,,,,,,,,,,,,,,,,,,,,,,,,,,,,,,,,,,,,,,,,,,,,,,,,,,,,,,,,,,,,,,,,,,,,,,,,,,,,,,,,,,,,,,,,,,,,,,,,,,
DilutedNIAvailtoComStockholders,"90,993,000","9,513,000","40,227,000","46,121,000","-6,932,000","-6,076,000","244,667,000","58,518,000","-22,043,000","-11,809,000","10,731,000","-21,929,000","-366,000","-6,814,000","21,979,000","19,131,000","5,720,000","-26,449,000","6,972,000","-26,684,000","8,545,000","-1,939,000","38,337,000","12,522,000","11,488,000","4,888,000","-21,532,000","-24,443,000","-31,403,000","-5,100,000","15,717,000","-1,341,000","-3,235,000","-612,000","7,863,000","-8,851,000","3,185,000","-2,671,000","27,185,000","12,002,000","5,416,000","-4,415,000","6,292,000","-10,722,000","-2,212,000","-8,895,000","25,637,000","6,245,000","99,507,000","-880,000","12,103,000","-3,261,000","2,253,000","-220,700,000","-12,618,000","-16,799,000","-531,241,000","84,068,000","-255,933,000","88,367,000","97,461,000","68,484,000","133,948,000","73,063,000","71,144,000","75,065,000","-603,000","82,156,000","97,589,000","70,011,000","91,274,000","55,594,000","86,424,000","70,519,000","101,534,000","51,859,000","64,733,000","52,689,000","75,785,000","45,676,000","26,956,000","39,880,000","9,542,000","22,633,000","39,350,000","66,438,000","48,300,000","35,428,000","45,620,000","33,604,000","45,800,000","24,900,000","44,200,000","32,000,000","43,600,000","26,100,000","36,400,000","25,100,000","50,500,000","38,600,000","38,600,000","30,000,000","50,200,000","36,000,000","41,900,000","29,300,000","40,478,000","27,600,000","36,100,000","29,100,000","23,683,000","26,100,000","47,800,000","25,100,000","59,886,000","14,100,000","22,100,000","32,600,000","37,700,000","7,800,000","22,600,000","15,800,000","24,900,000","14,900,000","19,900,000","5,000,000","21,000,000","17,400,000","-200,000","9,700,000","31,000,000","18,000,000","25,200,000","15,100,000","22,500,000","13,400,000","23,200,000","11,100,000","11,300,000","11,300,000","11,300,000","11,300,000","8,600,000","8,500,000","8,500,000","8,500,000"
BasicEPS,,"0.11","0.43","0.54","-0.09","-0.074",,"0.7","-0.27","-0.15","0.133","-0.27","-0.01","-0.08","0.272","0.23","0.06","-0.33","0.09","-0.32","0.1","-0.02","0.46","0.15","0.14","0.06","-0.25","-0.29","-0.37","-0.09","0.27","-0.02","-0.06","-0.01","0.14","-0.16","0.05","-0.05","0.47","0.21","0.09","-0.08",,"-0.19","-0.04","-0.15",,"0.1","1.56","-0.02",,"-0.06","0.04","-4.12",,"-0.31","-9.78","1.56",,"1.62","1.8","1.26",,"1.35","1.32","1.38",,"1.5","1.8","1.29",,"1.02","1.605","1.305",,"0.975","1.215","0.99",,"0.855","0.51","0.75",,"0.435","0.75","1.26",,"0.675","0.87","0.645",,"0.48","0.855","0.615",,"0.495","0.675","0.465",,"0.72","0.72","0.555",,"0.675","0.78","0.555",,"0.518","0.678","0.547",,"0.524","0.959","0.504",,,,,,,,,,,,,,,,,,,,,,,,"0.223",,"0.227","0.227","0.227",,"0.171","0.171","0.171"
DilutedEPS,,"0.1","0.43","0.5","-0.09","-0.074",,"0.69","-0.27","-0.15","0.13","-0.27","-0.01","-0.08","0.27","0.23","0.06","-0.33","0.085","-0.32","0.1","-0.02","0.46","0.15","0.13","0.06","-0.257","-0.29","-0.37","-0.09","0.27","-0.02","-0.06","-0.01","0.137","-0.16","0.05","-0.05","0.47","0.21","0.09","-0.08",,"-0.19","-0.04","-0.15",,"0.1","1.55","-0.02",,"-0.06","0.04","-4.12",,"-0.31","-9.78","1.53",,"1.62","1.77","1.26",,"1.32","1.29","1.35",,"1.5","1.77","1.26",,"1.02","1.575","1.29",,"0.96","1.2","0.975",,"0.855","0.495","0.75",,"0.42","0.735","1.245",,"0.675","0.87","0.645",,"0.48","0.84","0.6",,"0.48","0.675","0.465",,"0.705","0.705","0.555",,"0.66","0.78","0.54",,"0.518","0.678","0.547",,"0.524","0.959","0.504",,,,,,,,,,,,,,,,,,,,,,,,"0.223",,"0.227","0.227","0.227",,"0.171","0.171","0.171"
BasicAverageShares,,"82,788,000","82,533,000","82,482,000","82,381,000","82,281,918",,"81,522,000","81,418,000","81,077,000","80,927,000","80,877,000","80,822,000","80,673,000","80,669,000","81,452,000","81,824,000","81,554,000","81,792,000","82,039,000","82,302,000","82,079,000","82,401,000","83,230,000","83,773,000","83,965,000","83,775,000","84,107,000","83,903,000","57,335,000","56,763,000","56,469,000","56,043,000","56,084,000","55,980,000","56,177,000","57,448,000","56,330,000","55,073,000","54,637,000","55,146,000","54,775,000",,"56,834,000","58,707,000","58,689,000",,"57,435,000","57,001,000","55,076,000",,"53,986,000","53,636,000","53,573,000",,"54,182,000","54,305,000","53,889,690",,"54,547,476","54,144,946","54,352,327",,"54,120,687","53,896,916","54,394,873",,"54,770,612","54,216,057","54,272,039",,"54,503,867","53,846,675","54,037,494",,"53,188,665","53,278,136","53,221,159",,"53,422,169","52,854,849","53,173,280",,"52,029,833","52,466,614","52,728,519",,"52,485,873","52,436,729","52,099,173",,"51,874,948","51,695,855","52,032,468",,"52,727,220","53,925,872","53,978,441",,"53,611,058","53,611,058","54,054,000",,"53,333,280","53,717,895","52,792,740",,,,"53,241,996",,"53,241,996",,"49,840,835",,,,,,,,,,,,,,,,,,,,,,,,"49,840,835",,"49,840,835","49,840,835","49,840,835",,"49,840,835","49,840,835","49,840,835"
DilutedAverageShares,,"92,273,000","91,206,000","90,131,000","82,381,000","82,281,918",,"82,088,000","81,418,000","81,077,000","81,322,000","80,877,000","80,822,000","80,673,000","81,348,000","82,084,000","81,852,000","81,554,000","81,792,000","82,039,000","82,465,000","82,079,000","82,684,000","83,518,000","84,051,000","84,225,000","83,775,000","84,107,000","83,903,000","57,335,000","57,474,000","56,469,000","56,043,000","56,084,000","57,272,000","56,177,000","57,448,000","56,330,000","55,073,000","55,211,000","55,486,000","54,775,000",,"56,834,000","58,707,000","58,689,000",,"57,435,000","57,213,000","55,076,000",,"53,986,000","53,636,000","53,573,000",,"54,182,000","54,305,000","54,946,350",,"54,547,476","55,062,657","54,352,327",,"55,350,702","55,150,332","55,603,648",,"54,770,612","55,134,973","55,564,230",,"54,503,867","54,872,326","54,665,837",,"54,019,738","53,944,113","54,039,946",,"53,422,169","54,456,511","53,173,280",,"53,888,041","53,537,361","53,363,802",,"52,485,873","52,436,729","52,099,173",,"51,874,948","52,618,995","53,333,280",,"54,374,946","53,925,872","53,978,441",,"54,751,718","54,751,718","54,054,000",,"54,545,400","53,717,895","54,259,205",,,,"53,241,996",,"53,241,996",,"49,840,835",,,,,,,,,,,,,,,,,,,,,,,,"49,840,835",,"49,840,835","49,840,835","49,840,835",,"49,840,835","49,840,835","49,840,835"
TotalOperatingIncomeAsReported,"414,804,000","71,277,000","123,649,000","115,623,000","104,255,000","57,218,000","173,781,000","107,233,000","1,550,000","14,680,000","42,727,000","498,000","22,172,000","140,000","67,793,000","40,325,000","22,469,000","-628,000","12,670,000","-36,955,000","20,893,000","1,489,000","67,152,000","27,325,000","23,310,000","8,863,000","-32,209,000","-25,357,000","-15,656,000","-4,468,000","27,560,000","2,657,000","-3,018,000","1,938,000","17,310,000","-8,156,000","8,186,000","-3,704,000","45,368,000","18,338,000","14,367,000","-4,173,000","7,288,000","-17,943,000","-2,219,000","-10,499,000","28,907,000","668,000","3,212,000","1,072,000","15,572,000","-2,955,000","2,523,000","-254,902,000","-8,583,000","-13,085,000","-615,306,000","149,883,000","-205,572,000","134,531,000","164,271,000","116,894,000","213,846,000","137,579,000","189,222,000","145,583,000","64,205,000","101,491,000","162,647,000","113,835,000","131,551,000","87,058,000","140,531,000","98,259,000","114,004,000","74,257,000","100,223,000","76,852,000","51,836,000","94,419,000","109,937,000","82,416,000","76,102,000","60,755,000","76,331,000","61,249,000","101,579,000","74,351,000","94,119,000","74,257,000","89,200,000","55,500,000","86,200,000","65,700,000","85,900,000","57,500,000","75,200,000","57,400,000","75,200,000","49,600,000","70,300,000","55,800,000",,,,,,,,,,,,,,,,,,,,,,,,,,,,,,,,,,,,,,,,,,,,
TotalExpenses,"1,905,631,000","490,306,000","493,172,000","468,606,000","453,547,000","447,928,000","414,777,000","377,113,000","355,805,000","409,883,000","398,924,000","332,527,000","311,434,000","287,432,000","284,592,000","261,707,000","258,662,000","250,295,000","191,144,000","215,142,000","210,703,000","209,425,000","205,041,000","205,689,000","204,485,000","200,061,000","236,078,000","186,029,000","183,602,000","212,959,000","213,001,000","202,845,000","210,845,000","201,526,000","202,292,000","196,224,000","198,284,000","201,376,000","394,591,000","137,096,000","138,834,000","147,995,000","356,701,000","119,796,000","183,226,000","130,444,000","356,476,000","126,402,000","123,752,000","194,600,000","196,752,000","188,265,000","189,719,000","242,364,000","273,509,000","221,343,000","1,279,447,000","492,591,000","884,768,000","461,915,000","475,803,000","484,530,000","469,139,000","445,870,000","452,692,000","444,146,000","642,597,000","493,211,000","464,696,000","471,226,000","475,188,000","412,734,000","406,785,000","415,397,000","398,473,000","366,224,000","374,623,000","368,342,000","352,608,000","277,086,000","289,996,000","277,366,000","277,498,000","281,344,000","297,722,000","306,130,000","358,062,000","335,284,000","345,105,000","336,602,000","350,500,000","314,400,000","302,100,000","307,700,000","311,500,000","285,900,000","291,700,000","289,400,000","284,400,000","236,600,000","235,200,000","234,900,000",,,,,"62,822,000","265,600,000","262,300,000","258,400,000","275,704,000","242,200,000","244,400,000","233,600,000","262,367,000","256,400,000","256,800,000","240,200,000","279,900,000","263,200,000","272,100,000","274,300,000","291,000,000","275,700,000","276,100,000","280,900,000","284,500,000","273,600,000","310,500,000","265,700,000","277,700,000","258,300,000","262,300,000",,,,,,,,,,,,,
NetIncomeFromContinuingAndDiscontinuedOperation,"139,510,000","22,365,000","52,803,000","58,698,000","5,644,000","5,567,000","244,667,000","58,518,000","-22,043,000","-11,809,000","10,731,000","-21,929,000","-366,000","-6,814,000","21,979,000","19,131,000","5,720,000","-26,449,000","6,972,000","-26,684,000","8,545,000","-1,939,000","38,337,000","12,522,000","11,488,000","4,888,000","-21,532,000","-24,443,000","-31,403,000","-5,100,000","15,717,000","-1,341,000","-3,235,000","-612,000","7,863,000","-8,851,000","3,185,000","-2,671,000","27,185,000","12,002,000","5,416,000","-4,415,000","6,292,000","-10,722,000","-2,212,000","-8,895,000","25,637,000","6,245,000","99,507,000","-880,000","12,103,000","-3,261,000","2,253,000","-220,700,000","-12,618,000","-16,799,000","-531,241,000","84,068,000","-255,933,000","88,367,000","97,461,000","68,484,000","133,948,000","73,063,000","71,144,000","75,065,000","-603,000","82,156,000","97,589,000","70,011,000","91,274,000","55,594,000","86,424,000","70,519,000","101,534,000","51,859,000","64,733,000","52,689,000","75,785,000","45,676,000","26,956,000","39,880,000","9,542,000","22,633,000","39,350,000","66,438,000","48,300,000","35,428,000","45,620,000","33,604,000","45,800,000","24,900,000","44,200,000","32,000,000","43,600,000","26,100,000","36,400,000","25,100,000","50,500,000","38,600,000","38,600,000","30,000,000","50,200,000","36,000,000","41,900,000","29,300,000","40,478,000","27,600,000","36,100,000","29,100,000","23,683,000","26,100,000","47,800,000","25,100,000","59,886,000","14,100,000","22,100,000","32,600,000","60,100,000","7,800,000","22,600,000","15,800,000","24,900,000","14,900,000","19,900,000","5,000,000","21,000,000","17,400,000","-200,000","9,700,000","31,000,000","18,000,000","25,200,000","15,100,000","22,500,000","13,400,000","23,200,000","11,100,000","11,300,000","11,300,000","11,300,000","11,300,000","8,600,000","8,500,000","8,500,000","8,500,000"
NormalizedIncome,"157,545,191.155","24,156,180","57,766,924.328","35,814,721.994","39,847,520","19,004,550","116,223,088.508","70,599,738.559","-16,398,322.221","-5,910,010","12,901,295.809","-7,943,509.13","2,472,970","-4,013,490","48,274,997.429","20,549,407.237","10,346,050.494","-4,280,560","10,616,400","-3,726,200","8,679,400","-1,886,800","38,648,998.092","12,537,600","11,501,720.738","5,352,940","-20,560,600","408,496.637","7,106,841.592","-1,194,150","20,206,018.745","22,700","-644,879.875","-346,680","8,661,200","-7,759,689.107","4,315,609.6","-2,033,350","-92,651,099.654","66,464,785.866","46,842,450","36,733,250","-145,025,371.192","32,189,700","-499,643.979","37,506,315.517","-113,235,350.244","42,161,050","42,031,650","1,611,450","18,575,100.265","-2,831,850","3,625,526.621","-32,267,189.158","-39,039,800","9,730,250","47,574,250","83,905,652.168","8,808,750","79,945,768.691","95,874,748.265","64,173,054.245","131,914,423.684","77,554,698.975","161,557,930.555","78,551,664.665","79,114,986.995","57,231,754.9","96,611,967.754","69,797,916.264","92,565,195.872","55,517,418.26","79,385,876.991","61,041,381.951","106,432,909.205","51,335,623.847","66,026,600","51,702,010.529","76,202,600","51,333,489.462","76,554,710.913","44,845,298.275","36,995,600","29,039,200","37,287,800","29,745,709.712","58,834,736.01","34,330,600","46,462,400","34,712,200","45,020,000","25,020,000","43,180,000","31,220,000","43,300,000","25,920,000","35,860,000","25,940,000","35,200,000","25,520,000","38,360,000","29,880,000","57,600,000","23,700,000","29,100,000","19,700,000","689,000","26,700,000","35,860,000","28,140,000","23,683,000","26,220,000","29,080,000","25,040,000","59,886,000","15,900,000","21,740,000","18,200,000","15,940,000","7,680,000","23,320,000","15,920,000","25,020,000","14,840,000","19,660,000","5,060,000","23,640,000","16,800,000","-860,000","9,580,000","29,200,000","18,420,000","24,660,000","15,100,000","22,500,000","13,400,000","23,200,000","11,100,000","11,300,000","11,300,000","11,300,000","11,300,000","8,600,000","8,500,000","8,500,000","8,500,000"
InterestIncome,,,,,,,,,,,,,,,,,,,,,,,,,,,,,,,,,,,,,,,,,,,,,,,,,,,,,,,,,,,,,,,,"713,000","609,000","542,000","427,000",,"374,000","208,000","1,721,000",,"303,000","1,227,000",,,,,,,,,,,,,,,,,,,,,,,,,,,,,,,,,,,,,,,,,,,,,,,,,,,,,,,,,,,,,,,,,,,,,,,,
InterestExpense,"157,781,000","36,499,000","38,259,000","41,013,000","42,010,000","43,882,000","22,810,000","21,387,000","22,999,000","25,798,000","27,120,000","26,537,000","18,023,000","8,916,000","9,143,000","9,003,000","9,279,000","8,759,000","8,534,000","5,720,000","8,248,000","4,195,000","4,436,000","4,592,000","4,432,000","4,579,000","4,576,000","4,246,000","4,225,000","2,052,000","2,147,000","2,050,000","2,043,000","2,254,000","2,524,000","2,655,000","2,656,000","2,613,000","2,593,000","3,288,000","3,211,000","3,154,000","473,000","362,000","412,000","393,000","1,232,000","741,000","845,000","848,000","996,000","1,149,000","311,000","246,000","-58,000",,"4,874,000","5,832,000","7,980,000","9,072,000","10,729,000",,"12,994,000","15,281,000","15,537,000","12,153,000","11,724,000",,"7,559,000","7,372,000","8,062,000",,"8,272,000","7,395,000","7,814,000","7,944,000",,,"7,237,000","7,843,000","6,629,000","6,592,000","7,460,000","8,417,000","10,859,000","12,461,000","12,424,000","13,393,000",,"12,636,000",,"11,300,000",,"11,100,000","11,600,000","11,700,000",,,,,"2,500,000","2,600,000",,,,,"2,323,000","2,500,000","2,900,000","3,500,000","3,416,000","3,900,000","4,600,000","4,700,000","6,086,000","6,100,000","7,100,000","7,900,000","9,000,000","9,400,000","7,500,000",,"9,400,000","10,800,000","9,600,000","8,900,000","10,600,000","10,600,000","10,800,000","11,700,000","10,300,000","10,100,000","10,800,000",,,,,,,,,,,,,
NetInterestIncome,"-157,781,000","-36,499,000","-38,259,000","-41,013,000","-42,010,000","-43,882,000","-22,810,000","-21,387,000","-22,999,000","-25,798,000","-27,120,000","-26,537,000","-18,023,000","-8,916,000","-9,143,000","-9,003,000","-9,279,000","-8,759,000","-8,534,000","-5,720,000","-8,248,000","-4,195,000","-4,436,000","-4,592,000","-4,432,000","-4,579,000","-4,576,000","-4,246,000","-4,225,000","-2,052,000","-2,147,000","-2,050,000","-2,043,000","-2,254,000","-2,524,000","-2,655,000","-2,656,000","-2,613,000","-2,593,000","-3,288,000","-3,211,000","-3,154,000","-473,000","-362,000","-412,000","-393,000","-1,232,000","-741,000","-845,000","-848,000","-996,000","-1,149,000","-311,000","-246,000","58,000",,"-4,874,000","-5,832,000","-7,980,000","-9,072,000","-10,729,000",,"-14,858,000","-14,568,000","-14,928,000","-11,611,000","-11,297,000",,"-7,185,000","-7,164,000","-6,341,000",,"-7,969,000","-6,168,000","-2,752,000","-7,944,000",,,"-7,237,000","-7,843,000","-6,629,000","-6,592,000","-7,460,000","-8,417,000","-10,859,000","-12,461,000","-12,424,000","-13,393,000",,"-12,636,000",,"-11,300,000",,"-11,100,000","-11,600,000","-11,700,000",,,,,"-2,500,000","-2,600,000",,,,,,,,,,,,,,,,,,,,,,,,,,,,,,,,,,,,,,,,,,,,
EBIT,"358,105,000","72,767,000","113,399,000","116,033,000","55,906,000","66,914,000","174,570,000","107,460,000","-1,028,000","14,768,000","40,507,000","469,000","20,977,000","-2,232,000","55,034,000","36,250,000","20,924,000","-1,849,000","14,268,000","-39,319,000","22,529,000","-2,857,000","65,751,000","26,729,000","22,852,000","8,672,000","-33,642,000","-24,296,000","-15,269,000","-5,792,000","20,232,000","2,441,000","-3,418,000","1,493,000","9,575,000","-9,243,000","6,552,000","-5,008,000","43,073,000","17,438,000","12,932,000","-4,290,000","7,235,000","-17,833,000","-2,262,000","-11,188,000","29,755,000","707,000","4,510,000","582,000","16,834,000","-2,099,000","3,072,000","-256,349,000","-8,583,000","8,935,000","-615,306,000","149,883,000","-205,572,000","134,531,000","164,271,000","116,894,000","213,846,000","137,579,000","189,222,000","145,583,000","64,205,000","101,491,000","162,647,000","113,835,000","131,551,000","87,058,000","140,531,000","98,259,000","115,851,000","74,257,000","100,223,000","76,852,000","51,836,000","94,419,000","109,937,000","82,416,000","76,102,000","60,755,000","76,331,000","61,249,000","101,579,000","74,351,000","94,119,000","74,257,000","89,200,000","55,500,000","86,200,000","65,700,000","85,900,000","57,500,000","75,200,000","57,400,000","75,200,000","49,600,000","70,300,000","55,800,000","-591,100,000","265,500,000","277,300,000","254,200,000","10,356,000","50,200,000","66,800,000","53,900,000","54,947,000","53,800,000","63,200,000","52,200,000","54,004,000","38,000,000","52,500,000","45,500,000","48,300,000","31,900,000","54,400,000","39,300,000","62,800,000","41,600,000","50,800,000","20,600,000","61,000,000","48,100,000","21,400,000","31,800,000","68,600,000","46,000,000","58,600,000","294,900,000","-648,500,000","293,200,000","305,400,000","280,200,000","-659,000,000","286,800,000","286,700,000","286,700,000","-645,900,000","259,200,000","259,200,000","259,100,000"
EBITDA,"520,265,000"
ReconciledCostOfRevenue,"1,139,665,000","297,834,000","287,373,000","285,775,000","268,683,000","264,395,000","293,016,000","271,805,000","262,342,000","294,888,000","284,936,000","238,665,000","218,472,000","208,198,000","196,471,000","186,961,000","179,498,000","181,852,000","134,047,000","151,766,000","146,421,000","151,968,000","141,713,000","141,018,000","139,190,000","138,676,000","127,527,000","127,571,000","128,131,000","151,917,000","147,680,000","144,607,000","143,138,000","142,335,000","140,712,000","135,712,000","136,532,000","142,583,000","489,349,000","26,263,000","27,177,000","28,220,000","25,407,000","27,162,000","27,957,000","28,417,000","27,226,000","27,069,000","26,652,000","26,402,000","59,235,000","53,084,000","55,332,000","63,062,000","-277,767,000","222,383,000","377,235,000","324,834,000","61,017,000","252,462,000","248,924,000","273,067,000","154,818,000","147,984,000","31,037,000","178,713,000","480,556,000","494,207,000","448,005,000","306,874,000","854,927,000","257,933,000","401,639,000","399,660,000","762,710,000","222,425,000","229,449,000","352,366,000","702,926,000","138,294,000","151,408,000","141,660,000","109,211,000","166,290,000","154,918,000","162,610,000","199,820,000","178,324,000","188,535,000","182,502,000","195,500,000","164,200,000","155,300,000","165,300,000","263,000,000","147,000,000","151,900,000","148,300,000","149,100,000","121,100,000","121,500,000","121,800,000",,,,,,"200,700,000","197,600,000","193,400,000",,"182,900,000","184,900,000","174,500,000",,"193,400,000","192,400,000","177,500,000","211,900,000","195,000,000","195,500,000","191,900,000","171,300,000","213,800,000","209,700,000","200,900,000","213,600,000","205,400,000","205,400,000","198,900,000","211,400,000","194,200,000","123,700,000",,,,,,,,,,,,,
ReconciledDepreciation,"162,160,000","39,745,000","39,578,000","42,086,000","40,751,000","39,507,000","26,309,000","26,856,000","26,075,000","27,915,000","26,716,000","22,241,000","20,237,000","17,792,000","17,587,000","15,598,000","15,382,000","15,420,000","12,315,000","14,655,000","14,649,000","14,724,000","14,492,000","14,892,000","14,786,000","14,411,000","14,018,000","16,273,000","9,494,000","12,167,000","12,551,000","13,195,000","11,595,000","11,729,000","12,078,000","12,096,000","11,774,000","11,814,000","12,287,000","12,136,000","12,603,000","12,306,000","9,568,000","10,052,000","10,029,000","10,420,000","10,974,000","10,724,000","11,412,000","11,784,000","11,757,000","10,866,000","10,786,000","11,763,000","12,214,000","-40,254,000","37,993,000","37,019,000","40,130,000","38,069,000","45,925,000","34,442,000","29,190,000","27,128,000","33,433,000","25,348,000","56,503,000","-1,104,000","18,608,000","17,197,000","22,017,000","17,779,000","16,294,000","15,737,000","17,839,000","17,156,000","17,116,000","15,976,000","18,431,000","15,026,000","15,428,000","13,883,000","49,179,000","466,000","24,717,000","24,765,000","27,813,000","27,288,000","27,256,000","26,808,000","27,500,000","26,600,000","23,800,000","26,000,000","27,300,000","25,300,000","25,400,000","25,800,000","24,000,000","18,000,000","17,300,000","18,300,000",,,,,"157,190,000","-30,300,000","-30,500,000","-29,800,000","204,267,000","-28,300,000","-30,700,000","-29,000,000","211,078,000","-30,500,000","-30,100,000","-29,600,000","-34,400,000","-29,400,000","-29,500,000","-28,600,000","11,900,000","-45,000,000","-40,800,000","-38,200,000","-36,700,000","-38,600,000","-38,800,000","-39,300,000","-37,000,000","-37,500,000","37,000,000",,,,,,,,,,,,,
NetIncomeFromContinuingOperationNetMinorityInterest,"134,761,000","22,365,000","52,817,000","58,366,000","1,213,000","3,503,000","114,301,000","63,973,000","-17,512,000","-11,809,000","10,731,000","-21,929,000","-366,000","-6,814,000","35,953,000","20,039,000","8,662,000","-7,945,000","9,567,000","-26,684,000","8,545,000","-1,939,000","38,337,000","12,522,000","11,488,000","4,888,000","-21,124,000","-24,443,000","-12,955,000","-5,100,000","15,717,000","-1,341,000","-3,235,000","-612,000","7,863,000","-8,851,000","3,185,000","-2,671,000","27,185,000","12,002,000","5,416,000","-4,415,000","6,292,000","-10,722,000","-2,212,000","-8,895,000","23,765,000","5,425,000","1,848,000","-880,000","14,019,000","-3,541,000","2,253,000","-220,700,000","-11,474,000","-20,992,000","-531,241,000","83,834,000","-255,933,000","87,926,000","97,691,000","64,717,000","132,387,000","78,436,000","104,872,000","81,482,000","-1,108,000","57,436,000","97,589,000","70,011,000","91,274,000","55,594,000","86,424,000","70,519,000","101,534,000","51,859,000","64,733,000","52,689,000","75,785,000","45,676,000","26,956,000","39,880,000","9,542,000","22,633,000","39,350,000","66,438,000","48,300,000","35,428,000","45,620,000","33,604,000","45,800,000","24,900,000","44,200,000","32,000,000","43,600,000","26,100,000","36,400,000","25,100,000","50,500,000","38,600,000","38,600,000","30,000,000","57,600,000","23,700,000","29,100,000","19,700,000","689,000","27,600,000","36,100,000","29,100,000","23,683,000","26,100,000","47,800,000","25,100,000","59,886,000","14,100,000","22,100,000","32,600,000","60,100,000","7,800,000","22,600,000","15,800,000","24,900,000","14,900,000","19,900,000","5,000,000","21,000,000","17,400,000","-200,000","9,700,000","31,000,000","18,000,000","25,200,000","15,100,000","22,500,000","13,400,000","23,200,000","11,100,000","11,300,000","11,300,000","11,300,000","11,300,000","8,600,000","8,500,000","8,500,000","8,500,000"
TotalUnusualItemsExcludingGoodwill,"-33,869,000","-2,889,000","-7,042,000","28,986,000","-52,924,000","-21,235,000","-2,552,000","-8,916,000","-1,528,000","-6,343,000","-2,750,000","-16,752,000","-3,889,000","-4,591,000","-15,728,000","-694,000","-2,264,000","-4,524,000","-1,749,000","-38,263,000","-224,000","-87,000","-499,000","-26,000","-22,000","-574,000","-939,000","-29,019,000","-30,188,000","-6,009,000","-5,167,000","-2,098,000","-4,119,000","-330,000","-1,228,000","-1,467,000","-1,383,000","-981,000","180,206,000","-64,210,000","-63,733,000","-63,305,000","166,592,000","-66,018,000","-2,070,000","-60,413,000","165,145,000","-56,517,000","-61,821,000","-3,833,000","-5,109,000","-1,091,000","-1,682,000","-218,934,000","45,943,000","-47,265,000","-890,485,000","-106,000","-407,295,000","11,512,000","2,672,000","757,000","652,000","1,294,000","-86,371,000","4,476,000","-104,904,000","306,000","1,515,000","332,000","-2,013,000","121,000","10,948,000","14,877,000","-5,890,000","861,000","-2,156,000","1,641,000","-696,000","-9,377,000","-66,315,000","-8,242,000","-45,756,000","-10,677,000","3,437,000","59,138,000","-15,731,000","1,829,000","-1,404,000","-1,847,000","1,300,000","-200,000","1,700,000","1,300,000","500,000","300,000","900,000","-1,400,000","25,500,000","21,800,000","400,000","200,000",,,,,,"1,500,000","400,000","1,600,000",,"-200,000","31,200,000","100,000",,"-3,000,000","600,000","24,000,000","73,600,000","200,000","-1,200,000","-200,000","-200,000","100,000","400,000","-100,000","-4,400,000","1,000,000","1,100,000","200,000","3,000,000","-700,000","900,000",,,,,,,,,,,,,
TotalUnusualItems,"-33,869,000","-2,889,000","-7,042,000","28,986,000","-52,924,000","-21,235,000","-2,552,000","-8,916,000","-1,528,000","-6,343,000","-2,750,000","-16,752,000","-3,889,000","-4,591,000","-15,728,000","-694,000","-2,264,000","-4,524,000","-1,749,000","-38,263,000","-224,000","-87,000","-499,000","-26,000","-22,000","-574,000","-939,000","-29,019,000","-30,188,000","-6,009,000","-5,167,000","-2,098,000","-4,119,000","-330,000","-1,228,000","-1,467,000","-1,383,000","-981,000","180,206,000","-64,210,000","-63,733,000","-63,305,000","166,592,000","-66,018,000","-2,070,000","-60,413,000","165,145,000","-56,517,000","-61,821,000","-3,833,000","-5,109,000","-1,091,000","-1,682,000","-218,934,000","45,943,000","-47,265,000","-890,485,000","-106,000","-407,295,000","11,512,000","2,672,000","757,000","652,000","1,294,000","-86,371,000","4,476,000","-104,904,000","306,000","1,515,000","332,000","-2,013,000","121,000","10,948,000","14,877,000","-5,890,000","861,000","-2,156,000","1,641,000","-696,000","-9,377,000","-66,315,000","-8,242,000","-45,756,000","-10,677,000","3,437,000","59,138,000","-15,731,000","1,829,000","-1,404,000","-1,847,000","1,300,000","-200,000","1,700,000","1,300,000","500,000","300,000","900,000","-1,400,000","25,500,000","21,800,000","400,000","200,000",,,,,,"1,500,000","400,000","1,600,000",,"-200,000","31,200,000","100,000",,"-3,000,000","600,000","24,000,000","73,600,000","200,000","-1,200,000","-200,000","-200,000","100,000","400,000","-100,000","-4,400,000","1,000,000","1,100,000","200,000","3,000,000","-700,000","900,000",,,,,,,,,,,,,
NormalizedEBITDA,"554,134,000","115,401,000","160,019,000","129,133,000","149,581,000","127,656,000","203,431,000","143,232,000","27,145,000","49,026,000","69,973,000","39,462,000","45,103,000","20,151,000","88,349,000","52,542,000","38,570,000","18,095,000","28,332,000","13,599,000","37,402,000","11,954,000","80,742,000","41,647,000","37,660,000","23,657,000","-18,685,000","20,996,000","28,285,000","12,384,000","37,950,000","17,734,000","12,296,000","13,552,000","22,881,000","4,320,000","19,709,000","7,787,000","-124,846,000","93,784,000","89,268,000","71,321,000","-149,789,000","58,237,000","9,837,000","59,645,000","-124,416,000","67,948,000","77,908,000","16,199,000","33,700,000","9,899,000","15,540,000","-25,652,000","-42,312,000","68,353,000","313,172,000","187,008,000","241,853,000","161,088,000","207,524,000","150,579,000","242,384,000","163,413,000","309,026,000","166,455,000","225,612,000","128,790,000","179,740,000","130,837,000","155,581,000","104,716,000","145,877,000","99,119,000","139,580,000","90,552,000","162,586,000","91,187,000","70,963,000","156,826,000","230,644,000","141,409,000","183,250,000","129,385,000","131,305,000","58,971,000","145,123,000","99,810,000","122,779,000","102,912,000","115,400,000","82,400,000","108,300,000","90,400,000","112,700,000","82,500,000","99,700,000","84,600,000","73,700,000","45,800,000","87,200,000","73,900,000","-591,100,000","265,500,000","277,300,000","254,200,000","167,546,000","79,000,000","96,900,000","82,100,000","259,214,000","82,300,000","62,700,000","81,100,000","265,082,000","71,600,000","81,900,000","51,100,000","9,100,000","61,100,000","85,100,000","68,100,000","74,900,000","86,500,000","91,200,000","58,900,000","102,100,000","85,700,000","59,100,000","70,900,000","102,600,000","84,200,000","94,700,000","294,900,000","-648,500,000","293,200,000","305,400,000","280,200,000","-659,000,000","286,800,000","286,700,000","286,700,000","-645,900,000","259,200,000","259,200,000","259,100,000"
TaxRateForCalcs,"0.327","0.38","0.297","0.222","0.27","0.27","0.247","0.257","0.271","0.07","0.211","0.165","0.27","0.39","0.217","0.265","0.256","0.19","0.4","0.4","0.4","0.4","0.375","0.4","0.376","0.19","0.4","0.144","0.335","0.35","0.131","0.35","0.371","0.196","0.35","0.256","0.182","0.35","0.335","0.152","0.35","0.35","0.092","0.35","0.173","0.232","0.17","0.35","0.35","0.35","0.108","0.35","0.184","0.139","0.4","0.35","0.35","0.324","0.35","0.307","0.32","0.281","0.275","0.319","0.344","0.345","0.235","0.333","0.355","0.358","0.359","0.367","0.357","0.363","0.168","0.392","0.4","0.399","0.4","0.397","0.252","0.398","0.4","0.4","0.4","0.38","0.33","0.4","0.4","0.4","0.4","0.4","0.4","0.4","0.4","0.4","0.4","0.4","0.4","0.4","0.4","0.4","0.4","0.4","0.4","0.4","0.4","0.4","0.4","0.4","0.16","0.4","0.4","0.4","0.4","0.4","0.4","0.4","0.4","0.4","0.4","0.4","0.4","0.4","0.4","0.4","0.4","0.4","0.4","0.4","0.4","0.4","0.4","0.4","0.4","0.4","0.4","0.4","0.4","0.4","0.4","0.4","0.4","0.4","0.4","0.4"
TaxEffectOfUnusualItems,"-11,084,808.845","-1,097,820","-2,092,075.672","6,434,721.994","-14,289,480","-5,733,450","-629,911.492","-2,289,261.441","-414,322.221","-444,010","-579,704.191","-2,766,509.13","-1,050,030","-1,790,490","-3,406,002.571","-183,592.763","-579,949.506","-859,560","-699,600","-15,305,200","-89,600","-34,800","-187,001.908","-10,400","-8,279.262","-109,060","-375,600","-4,167,503.363","-10,126,158.408","-2,103,150","-677,981.255","-734,300","-1,528,879.875","-64,680","-429,800","-375,689.107","-252,390.4","-343,350","60,369,900.346","-9,747,214.134","-22,306,550","-22,156,750","15,274,628.808","-23,106,300","-357,643.979","-14,011,684.483","28,144,649.756","-19,780,950","-21,637,350","-1,341,550","-552,899.735","-381,850","-309,473.379","-30,501,189.158","18,377,200","-16,542,750","-311,669,750","-34,347.832","-142,553,250","3,531,768.691","855,748.265","213,054.245","179,423.684","412,698.975","-29,685,069.445","1,545,664.665","-24,681,013.005","101,754.9","537,967.754","118,916.264","-721,804.128","44,418.26","3,909,876.991","5,399,381.951","-991,090.795","337,623.847","-862,400","654,010.529","-278,400","-3,719,510.538","-16,716,289.087","-3,276,701.725","-18,302,400","-4,270,800","1,374,800","22,445,709.712","-5,196,263.99","731,600","-561,600","-738,800","520,000","-80,000","680,000","520,000","200,000","120,000","360,000","-560,000","10,200,000","8,720,000","160,000","80,000","0","0","0","0","0","600,000","160,000","640,000","0","-80,000","12,480,000","40,000","0","-1,200,000","240,000","9,600,000","29,440,000","80,000","-480,000","-80,000","-80,000","40,000","160,000","-40,000","-1,760,000","400,000","440,000","80,000","1,200,000","-280,000","360,000","0","0","0","0","0","0","0","0","0","0","0","0","0"