name,ttm,03/31/2022,12/31/2021,09/30/2021,06/30/2021,03/31/2021,12/31/2020,09/30/2020,06/30/2020,03/31/2020,12/31/2019,09/30/2019,06/30/2019,03/31/2019,12/31/2018,09/30/2018,06/30/2018,03/31/2018,12/31/2017,09/30/2017,06/30/2017,03/31/2017,12/31/2016,09/30/2016,06/30/2016,03/31/2016,12/31/2015,09/30/2015,06/30/2015,03/31/2015,12/31/2014,09/30/2014,06/30/2014,03/31/2014,12/31/2013,09/30/2013,06/30/2013,03/31/2013,12/31/2012,09/30/2012,06/30/2012,03/31/2012,12/31/2011,09/30/2011,06/30/2011,03/31/2011,12/31/2010,09/30/2010,06/30/2010,03/31/2010,12/31/2009,09/30/2009,06/30/2009,03/31/2009,12/31/2008,09/30/2008,06/30/2008,03/31/2008,12/31/2007,09/30/2007,06/30/2007,03/31/2007,12/31/2006,09/30/2006,06/30/2006,03/31/2006,12/31/2005,09/30/2005,06/30/2005,03/31/2005,12/31/2004,09/30/2004,06/30/2004,03/31/2004,12/31/2003,09/30/2003,06/30/2003,03/31/2003,12/31/2002,09/30/2002,06/30/2002,03/31/2002,12/31/2001,09/30/2001,06/30/2001,03/31/2001,12/31/2000,09/30/2000,06/30/2000,03/31/2000,12/31/1999,09/30/1999,06/30/1999,03/31/1999,12/31/1998,09/30/1998,06/30/1998,03/31/1998,12/31/1997,09/30/1997,06/30/1997,03/31/1997,12/31/1996,09/30/1996,06/30/1996,03/31/1996,12/31/1995,09/30/1995,06/30/1995,03/31/1995,12/31/1994,09/30/1994,06/30/1994,03/31/1994,12/31/1993,09/30/1993,06/30/1993,03/31/1993
TotalRevenue,"636,459,000","163,429,000","167,016,000","159,009,000","147,005,000","134,189,000","142,395,000","127,892,000","117,623,000","132,907,000","160,157,000","157,460,000","163,163,000","155,300,000","177,119,000","162,049,000","170,236,000","153,833,000","179,343,000","155,867,000","169,990,000","163,162,000","175,303,000","157,176,000","172,073,000","167,906,000","173,362,000","167,580,000","182,322,000","172,731,000","217,113,000","203,610,000","178,465,000","150,941,000","155,085,000","125,626,000","106,485,000","97,207,000","96,645,000","41,197,000","49,405,427","44,964,101","44,324,319","39,696,024","37,554,930","34,319,089","33,774,921","30,258,546","30,059,496","23,006,319","26,233,757","24,329,396","24,648,277","23,144,801","31,942,974","30,569,428","31,274,922","30,707,689","30,210,755","26,463,472","28,223,494","27,344,860","29,737,308","25,149,163","26,699,285","22,223,095","23,515,061","19,681,479","20,784,945","18,862,819","19,445,500","17,721,182","17,315,648","15,846,175","15,239,786","12,898,673","12,073,761","10,677,641","11,271,417","12,028,475","10,111,608","6,396,389","9,957,170","9,703,008","9,223,715","8,687,689","8,287,775","9,001,518","9,023,247","9,298,007","10,786,938","10,400,000","8,900,000","7,600,000","9,300,000","7,800,000","8,300,000","7,000,000","10,100,000","7,300,000","7,000,000","5,200,000","10,400,000","4,400,000","5,300,000","2,800,000","4,200,000","2,300,000","2,100,000","1,700,000","1,200,000","1,100,000","800,000","700,000","700,000","600,000","600,000","500,000"
	OperatingRevenue,"636,459,000","163,429,000","167,016,000","159,009,000","147,005,000","134,189,000","142,395,000","127,892,000","117,623,000","132,907,000","160,157,000","157,460,000","163,163,000","155,300,000","177,119,000","162,049,000","170,236,000","153,833,000","179,343,000","155,867,000","169,990,000","163,162,000","175,303,000","157,176,000","172,073,000","167,906,000","173,362,000","167,580,000","182,322,000","172,731,000","217,113,000","203,610,000","178,465,000","150,941,000","155,085,000","125,626,000","106,485,000","97,207,000","96,645,000","41,197,000","49,405,427","44,964,101","44,324,319","39,696,024","37,554,930","34,319,089","33,774,921","30,258,546","30,059,496","23,006,319","26,233,757","24,329,396","18,200,029","23,144,801","31,942,974","30,569,428","31,274,922","30,707,689","30,210,755","26,463,472","28,223,494","27,344,860","29,737,308","25,149,163","26,699,285","22,223,095","23,515,061","19,681,479","20,784,945","18,862,819","19,445,500","17,721,182","17,315,648","15,846,175","15,239,786","12,898,673","12,073,761","10,677,641","11,271,417","12,028,475","10,111,608","6,396,389","9,957,170","9,703,008","9,223,715","8,687,689","8,287,775","9,001,518","9,023,247","9,298,007","10,786,938","10,400,000","8,900,000","7,600,000","9,300,000","7,800,000","8,300,000","7,000,000","10,100,000","7,300,000","7,000,000","5,200,000","10,400,000","4,400,000","5,300,000","2,800,000","4,200,000","2,300,000","2,100,000","1,700,000","1,200,000","1,100,000","800,000","700,000","700,000","600,000","600,000","500,000"
CostOfRevenue,"362,281,000","93,752,000","93,973,000","90,821,000","83,735,000","78,612,000","76,376,000","78,123,000","73,887,000","73,037,000","81,498,000","80,051,000","81,996,000","78,843,000","90,120,000","83,121,000","86,589,000","78,183,000","92,077,000","80,628,000","86,598,000","86,282,000","92,379,000","83,495,000","92,541,000","86,737,000","120,290,000","247,476,000","99,414,000","126,643,000","111,928,000","115,763,000","86,831,000","73,213,000","77,283,000","65,034,000","56,080,000","59,833,000","60,357,000","15,678,000","23,246,215","22,009,158","21,460,015","18,142,078","17,819,524","16,068,637","16,580,020","15,549,558","15,297,492","13,586,244","12,864,013","12,461,142","13,075,056","13,572,449","16,017,338","14,754,990","13,966,552","13,343,812","14,298,052","12,974,673","12,622,905","12,638,840","17,761,620","12,079,852","12,101,674","10,424,321","10,385,836","8,849,104","8,595,926","7,488,383","7,745,638","7,277,003","6,836,095","6,140,040","5,711,968","4,417,305","4,158,237","3,820,070","4,372,090","4,326,895","4,292,328","2,450,135","3,518,287","3,771,738","3,691,577","3,235,990","3,122,917","3,091,101","2,682,989","2,996,996","3,507,861","2,800,000","2,700,000","1,900,000","2,600,000","2,300,000","1,900,000","1,900,000","2,300,000","2,400,000","1,800,000","1,400,000","3,300,000","1,100,000","1,700,000","700,000","1,600,000","700,000","700,000","500,000","500,000","400,000",,,,,,
GrossProfit,"274,178,000","69,677,000","73,043,000","68,188,000","63,270,000","55,577,000","66,019,000","49,769,000","43,736,000","59,870,000","78,659,000","77,409,000","81,167,000","76,457,000","86,999,000","78,928,000","83,647,000","75,650,000","87,266,000","75,239,000","83,392,000","76,880,000","82,924,000","73,681,000","79,532,000","81,169,000","53,072,000","-79,896,000","82,908,000","46,088,000","105,185,000","87,847,000","91,634,000","77,728,000","77,802,000","60,592,000","50,405,000","37,374,000","36,288,000","25,519,000","26,159,212","22,954,943","22,864,304","21,553,946","19,735,406","18,250,452","17,194,901","14,708,988","14,762,004","9,420,075","13,369,744","11,868,254","11,573,221","9,572,352","15,925,636","15,814,438","17,308,370","17,363,877","15,912,703","13,488,799","15,600,589","14,706,020","11,975,688","13,069,311","14,597,611","11,798,774","13,129,225","10,832,375","12,189,019","11,374,436","11,699,862","10,444,179","10,479,553","9,706,135","9,527,818","8,481,368","7,915,524","6,857,571","6,899,327","7,701,580","5,819,280","3,946,254","6,438,883","5,931,270","5,532,138","5,451,699","5,164,858","5,910,417","6,340,258","6,301,011","7,279,077","7,600,000","6,200,000","5,700,000","6,700,000","5,500,000","6,400,000","5,100,000","7,800,000","4,900,000","5,200,000","3,800,000","7,100,000","3,300,000","3,600,000","2,100,000","2,600,000","1,600,000","1,400,000","1,200,000","700,000","700,000",,,,,,
OperatingExpense,"354,566,000","89,261,000","89,204,000","90,107,000","85,994,000","73,935,000","68,547,000","67,905,000","73,014,000","79,770,000","81,940,000","83,361,000","80,362,000","79,728,000","90,802,000","75,578,000","85,576,000","82,115,000","93,242,000","82,047,000","87,820,000","88,813,000","113,077,000","93,062,000","97,250,000","101,502,000","145,044,000","159,002,000","123,087,000","129,846,000","118,833,000","134,156,000","97,514,000","76,893,000","81,280,000","66,708,000","53,002,000","54,114,000","33,514,000","19,450,000","20,366,768","15,726,952","13,972,239","13,697,119","13,637,159","12,084,324","11,041,354","10,646,165","10,748,896","10,182,218","9,792,329","9,464,731","10,122,824","11,179,969","11,969,235","10,516,337","11,470,719","11,859,577","10,996,720","9,399,944","10,563,641","10,274,909","6,836,304","9,529,027","10,463,305","8,976,079","8,986,530","7,860,423","8,540,368","7,980,274","8,600,430","6,842,734","6,950,658","6,938,402","6,833,979","5,879,569","5,937,886","5,388,409","5,290,857","5,261,360","5,381,300","4,819,476","5,009,457","4,758,633","4,982,191","5,115,902","5,624,388","5,770,750","6,013,268","5,864,546","5,898,416","6,100,000","5,900,000","6,100,000","6,800,000","5,600,000","5,800,000","5,300,000","6,700,000","5,000,000","5,400,000","4,500,000","5,200,000","3,400,000","3,200,000","2,200,000","2,200,000","1,600,000","1,500,000","1,300,000","1,400,000","700,000",,,,,,
	SellingGeneralAndAdministration,"262,866,000","65,263,000","66,584,000","67,462,000","63,557,000","53,334,000","49,594,000","48,343,000","51,711,000","55,576,000","57,921,000","59,741,000","56,322,000","57,154,000","66,423,000","49,792,000","61,887,000","57,005,000","66,657,000","60,280,000","64,569,000","64,179,000","88,773,000","69,069,000","72,884,000","76,387,000","113,126,000","121,304,000","97,581,000","102,608,000","95,644,000","110,803,000","77,929,000","67,617,000","64,463,000","51,587,000","42,665,000","43,325,000","25,383,000","15,597,000","16,209,680","11,374,792","10,299,989","10,083,451","9,911,342","8,736,231","8,477,779","8,403,902","8,198,063","7,783,720","7,565,589","7,481,311","8,467,618","9,308,209","9,837,854","8,415,988","8,897,955","9,690,868","9,102,640","7,435,325","8,759,067","8,472,848","5,003,535","7,953,944","8,605,360","7,542,503","7,222,634","6,344,170","6,853,228","6,593,686","6,949,616","5,544,728","5,605,591","5,592,073","5,570,991","4,590,948","4,600,445","4,230,252","4,214,721","3,988,082","4,185,309","3,677,208","3,767,339","3,573,314","3,708,746","3,548,463","3,611,104","3,710,911","3,888,016","3,928,041","4,011,257","3,800,000","3,800,000","3,900,000","4,400,000","3,500,000","3,900,000","3,500,000","4,800,000","3,200,000","3,700,000","3,000,000","3,800,000","2,200,000","2,200,000","1,400,000","1,400,000","1,100,000","900,000","800,000","1,100,000","500,000",,,,,,
	ResearchAndDevelopment,"91,700,000","23,998,000","22,620,000","22,645,000","22,437,000","20,601,000","18,953,000","19,562,000","21,303,000","24,194,000","24,019,000","23,620,000","24,040,000","22,574,000","24,379,000","25,786,000","23,689,000","25,110,000","26,585,000","21,767,000","23,251,000","24,634,000","24,304,000","23,993,000","24,366,000","25,115,000","31,918,000","37,698,000","25,506,000","27,238,000","23,189,000","23,353,000","18,957,000","16,771,000","17,670,000","13,514,000","10,337,000","10,789,000","8,131,000","3,853,000","4,157,088","4,352,160","3,672,250","3,613,668","3,725,817","3,348,093","2,563,575","2,242,263","2,550,833","2,398,498","2,226,740","1,983,420","1,655,206","1,871,760","2,131,381","2,100,349","2,572,764","2,168,709","1,894,080","1,964,619","1,804,574","1,802,061","1,832,769","1,575,083","1,857,945","1,433,576","1,763,896","1,516,253","1,687,140","1,386,588","1,650,814","1,298,006","1,345,067","1,346,329","1,262,988","1,288,621","1,337,441","1,158,157","1,076,136","1,273,278","1,195,991","1,142,268","1,242,118","1,185,319","1,273,445","1,214,216","1,517,989","1,570,992","1,736,610","1,541,209","1,483,120","1,800,000","1,600,000","1,700,000","1,800,000","1,500,000","1,300,000","1,300,000","1,300,000","1,400,000","1,200,000","1,100,000","1,100,000","800,000","800,000","600,000","700,000","400,000","500,000","400,000","300,000","200,000",,,,,,
	DepreciationAmortizationDepletionIncomeStatement,,,,,,,,,,,,,,,,,,,,,,,,,,,,,,,,,,,,,,,,,,,,,,,,,,,,,,,,,,,,,,,,,,,,,,,,,,,,,,,,,,,,,,"353,223","495,295","488,847","388,642","395,296","404,039","500,000","500,000","500,000","600,000","600,000","600,000","500,000","600,000","400,000","500,000","400,000","300,000","400,000","200,000","200,000","100,000","100,000","100,000","100,000","0",,,,,,,
		DepreciationAndAmortizationInIncomeStatement,,,,,,,,,,,,,,,,,,,,,,,,,,,,,,,,,,,,,,,,,,,,,,,,,,,,,,,,,,,,,,,,,,,,,,,,,,,,,,,,,,,,,,"353,223","495,295","488,847","388,642","395,296","404,039","500,000","500,000","500,000","600,000","600,000","600,000","500,000","600,000","400,000","500,000","400,000","300,000","400,000","200,000","200,000","100,000","100,000","100,000","100,000","0",,,,,,,
	OtherOperatingExpenses,,,,,,,,,,,,,,,,,,,,,,,,,,,,,,,,,"628,000","-7,495,000","-853,000","1,607,000",,,,,,,,,,,,,,,,,,,,,,,,,,,,,,,,,,,,,,,,,,,,,,,,,,,,,,,,,,,,,,,,,,,,,,,,,,,,,,,,,,
OperatingIncome,"-80,388,000","-19,584,000","-16,161,000","-21,919,000","-22,724,000","-18,358,000","-2,528,000","-18,136,000","-29,278,000","-19,900,000","-3,281,000","-5,952,000","805,000","-3,271,000","-3,803,000","3,350,000","-1,929,000","-6,465,000","-5,976,000","-6,808,000","-4,428,000","-11,933,000","-30,153,000","-19,381,000","-17,718,000","-20,333,000","-91,972,000","-238,898,000","-40,179,000","-83,758,000","-13,648,000","-46,309,000","-5,880,000","835,000","-3,478,000","-6,116,000","-2,597,000","-16,740,000","2,774,000","6,069,000","5,792,444","7,227,991","8,892,065","7,856,827","6,098,247","6,166,128","6,153,547","4,062,823","4,013,108","-762,143","3,577,415","2,403,523","1,450,397","-1,607,617","3,956,401","5,298,101","5,837,651","5,504,300","4,915,983","4,088,855","5,036,948","4,431,111","5,139,384","3,540,284","4,134,306","2,822,695","4,142,695","2,971,952","3,648,651","3,394,162","3,099,432","3,601,445","3,528,895","2,767,733","2,693,839","2,601,799","1,977,638","1,469,162","1,608,470","2,440,220","437,980","-873,222","1,429,426","1,172,637","549,947","335,797","-459,530","139,667","326,990","436,465","1,380,661","1,500,000","300,000","-400,000","-100,000","-100,000","600,000","-200,000","1,100,000","-100,000","-200,000","-700,000","1,900,000","-100,000","400,000","-100,000","400,000","0","-100,000","-100,000","-700,000","0","800,000","700,000","-2,700,000","600,000","600,000","500,000"
NetNonOperatingInterestIncomeExpense,"-3,060,000","-1,362,000","-692,000","-634,000","-372,000","-377,000","272,000","-167,000","149,000","-829,000","1,759,000","289,000","1,755,000","753,000","747,000","-39,000","-83,000","8,000","667,000","-305,000","429,000","256,000","-862,000","104,000","932,000","180,000","-947,000","-3,505,000","-711,000","-5,124,000","-4,146,000","-1,384,000","337,000",,,,,,,"229,003","192,622","250,426","224,741","276,089","215,515","205,781","324,547","217,651","163,690","215,199","235,227","230,429","237,913","286,353",,,,,,,,,,,,,,,,,,,,,,,,,,,,,,,,,,,,,,,,,,,,,,,,,,,,,,,,,,,,,,,,
	InterestIncomeNonOperating,,,,,,,,,"149,000",,"1,759,000","289,000","1,755,000","753,000","747,000","-39,000","-83,000","8,000","667,000","-305,000","429,000","256,000","-862,000","104,000","932,000","180,000",,,"-711,000",,"-4,146,000","-1,384,000",,,,,,,,"229,003","192,622","250,426","224,741","276,089","215,515","205,781",,,,,,,,,,,,,,,,,,,,,,,,,,,,,,,,,,,,,,,,,,,,,,,,,,,,,,,,,,,,,,,,,,,,,,,,
	InterestExpenseNonOperating,,"1,362,000",,"634,000",,"377,000",,,,"829,000",,,,,,,"83,000",,,,,,,,,,,"3,505,000",,"5,124,000","4,145,000",,,,,,,,,,,,,,,,,,,,,,,,,,,,,,,,,,,,,,,,,,,,,,,,,,,,,,,,,,,,,,,,,,,,,,,,,,,,,,,,,,,,,,,
	TotalOtherFinanceCost,,,,,"372,000",,"-272,000","167,000","-149,000","829,000","-1,759,000","-289,000","-1,755,000","-753,000","-747,000","39,000","83,000","-8,000","-667,000","305,000","-429,000","-256,000","862,000","-104,000","-932,000","-180,000","947,000","3,505,000","711,000","5,124,000","4,146,000","1,384,000",,,,,,,,"-229,003","-192,622",,"-224,741","-276,089","-215,515","-205,781",,"-217,651","-163,690","-215,199","-235,227","-230,429","-237,913","-286,353",,,,,,,,,,,,,,,,,,,,,,,,,,,,,,,,,,,,,,,,,,,,,,,,,,,,,,,,,,,,,,,,
OtherIncomeExpense,,,,,,,"0","-386,154,000",,,,,,,"12,910,000",,,,"0","-65,000","-617,000","-696,000","988,000","24,000","587,000","-727,000","-95,837,000","-692,436,000","6,680,000","-137,144,000","-77,609,000","-5,578,000","337,000","-1,336,000","-650,000","-452,000","138,000","514,000","205,000","-355,000","-133,588","45,288","-411,280","537,173","25,586","1,265,491","-24,997","275,701","-462,776","-341,015","-479,002","-14,951","-387,741","250,327","-1,314,010","-117,354","-164,911","-303,948","-115,653","-103,901","-85,811","-117,854","-80,516","-60,660","-62,027","-119,563","-86,243","-93,718","-342,912","31,459","164,045","29,900","-34,980","-36,033","207,286","-18,067","45,654","60,386","186,866","-22,406","293,272","-137,284","130,540","91,051","0","0","0","0",,"0",,"-100,000","100,000","100,000","-6,200,000","200,000","100,000","200,000","100,000","200,000","100,000","100,000","200,000","200,000","100,000","100,000","100,000","100,000",,"100,000",,,,,,,,
	GainOnSaleOfSecurity,,,,,,,,,,,,,,,,,,,,,,,,,,,,,,,,,,,,,,,,"-72,586","-140,218","-52,337","-458,236","-217,857","-80,868","-131,115",,,,,,,,,,,,,,,,,,,,,,,,,,,,,,,,,,,,,,,,,,,,,,,,,,,,,,,,,,,,,,,,,,,,,,,,
	EarningsFromEquityInterest,,,,,,,,,,,,,,,"12,910,000",,,,,,,,,,,,,,,,,,,,,,,,,,,,,,,,,,,,,,,,,,,,,,,,,,,,,,,,,,,,,,,,,,,,,,,,,,,,,,,,,,,,,,,,,,,,,,,,,,,,,,,
	SpecialIncomeCharges,,,"14,400,000","0",,,"0","-386,154,000",,,,,,,,,,,"0","-65,000","-617,000","-696,000","988,000","24,000","587,000","-727,000","-95,837,000","-692,436,000","6,680,000","-137,144,000","-77,609,000","-5,578,000","-628,000","6,159,000","203,000","-2,059,000","138,000","514,000","1,278,078","7,021","6,630","97,625","46,956","755,030","106,454","1,396,606","592,177","275,701","-462,776","-341,015","-479,002","-14,951","-387,741","250,327","-1,314,010","-117,354","-164,911","-303,948","-115,653","-103,901","-85,811","-117,854","-80,516","-60,660","-62,027","-119,563","-86,243","-93,718","-342,912","31,459","164,045","29,900","-34,980","-36,033","207,286","-18,067","45,654","60,386","186,866","-22,406","293,272","-137,284",,"91,051",,,,,,,,,"100,000","100,000","-6,200,000","200,000","100,000","200,000","100,000","200,000","100,000","100,000","200,000","200,000","100,000","100,000","100,000","100,000",,"100,000",,,,,,,,
		RestructuringAndMergernAcquisition,,,,,,,,,,,,,,,,,,,"0","65,000","617,000","696,000","-988,000","-24,000","-587,000","727,000","-713,000","-3,022,000","-6,680,000","-13,256,000","-24,861,000","5,578,000","628,000",,,,,,,,,,,,,,,,,,,,,,,,,,,,,,,,,,,,,,,,,,,,,,,,,,,,,,,,,,,,,,,,,,,,,,,,,,,,,,,,,,,,,
		ImpairmentOfCapitalAssets,,,"0","0",,,"0","386,154,000",,,,,,,,,,,,,,,"0",,"0","0","96,550,000","695,458,000","0","150,400,000","102,470,000",,"0",,,,,,,,,,,,,,,,,,,,,,,,,,,,,,,,,,,,,,,,,,,,,,,,,,,,,,,,,,,,,,,,,,,,,,,,,,,,,,,,,,,,,
		OtherSpecialCharges,,,,,,,,,,,,,,,,,,,,,,,"-988,000",,"-587,000","727,000","-713,000","-3,022,000","-6,680,000","-13,256,000","-24,862,000",,"628,000",,,,"-138,000",,,,,,,,,,,,,,,,,,,,,,,,,,,,,,,,,,,,,,,,,,,,,,,,,,,,,,,,,,,,,,,,,,,,,,,,,,,,,,,,,
	OtherNonOperatingIncomeExpenses,,,,,,,,,,,,,,,,,,,,,,,,,,,,,,,,,"337,000","-1,336,000","-650,000","-452,000","138,000","514,000","-269,000","-355,000",,,,,,,,,,,,,,,,,,,,,,,,,,,,,,,,,,,,,,,,,,,,,,,,,,,,,,,,,,,,,,,,,,,,,,,,,,,,,,
PretaxIncome,"-69,048,000","-20,946,000","-2,453,000","-22,553,000","-23,096,000","-18,735,000","-2,256,000","-404,457,000","-29,129,000","-20,729,000","-1,522,000","-5,663,000","2,560,000","-2,518,000","-3,056,000","3,311,000","-2,012,000","-6,457,000","-5,309,000","-7,178,000","-4,616,000","-12,373,000","-30,027,000","-19,253,000","-16,199,000","-20,880,000","-188,756,000","-934,839,000","-34,210,000","-226,026,000","-95,403,000","-53,271,000","-5,543,000","-501,000","-4,128,000","-6,568,000","-2,459,000","-16,226,000","3,963,000","5,714,000","5,851,478","7,523,705","8,705,526","8,670,089","6,339,348","7,637,400","6,453,097","4,556,175","3,714,022","-887,959","3,333,640","2,619,001","1,300,569","-1,070,937","3,032,918","5,679,578","6,219,573","5,801,418","5,385,598","4,614,028","5,561,503","4,800,928","5,549,586","3,889,999","4,461,962","3,062,632","4,441,382","3,294,573","6,743,843","3,803,099","3,574,426","3,810,723","3,618,399","2,843,447","3,002,252","2,595,757","2,022,039","1,524,765","1,781,409","2,410,088","724,268","-1,013,881","1,398,011","1,306,170","555,112","263,764","-322,881","244,971","466,993","536,805","1,389,649","1,500,000","300,000","-300,000",,,"600,000",,"1,200,000",,"-200,000","-600,000",,,,,,,,,,,,,,,,
TaxProvision,"-3,037,000","-73,000","2,103,000","-699,000","-4,368,000","-942,000","-14,144,000","-343,000","-2,128,000","221,000","439,000","586,000","1,280,000","1,218,000","3,626,000","304,000","205,000","601,000","4,068,000","2,571,000","1,308,000","1,326,000","-15,729,000","1,538,000","2,454,000","2,291,000","43,770,000","-33,402,000","-11,066,000","-9,622,000","-3,371,000","-21,919,000","-5,370,000","-4,588,000","-2,137,000","80,000","326,000","-743,000","7,847,000","600,000","2,833,852","3,001,370","2,919,476","2,812,920","2,345,699","2,647,905","2,148,159","1,380,625","1,381,867","-444,858","941,810","1,040,201","450,998","-367,008","1,021,622","1,970,011","2,123,517","2,002,849","1,089,527","1,377,038","1,927,944","1,643,490","1,896,208","1,330,379","1,525,991","1,047,422","1,291,781","1,128,391","852,681","1,407,147","1,276,538","1,276,592","1,226,381","938,338","1,492,158","610,440","505,509","381,192","186,766","686,874","206,417","-288,955","478,620","326,503","138,803","65,946","-437,043","73,490","140,099","161,041","246,000","500,000","100,000","-100,000",,,"200,000",,"300,000",,"-100,000","-200,000",,,,,,,,,,,,,,,,
EarningsFromEquityInterestNetOfTax,"1,992,000","-75,000","-280,000","3,778,000","-1,431,000","-1,118,000","-1,199,000","-952,000","-950,000","-838,000","-907,000","-733,000","-195,000","1,423,000","12,910,000","-3,752,000","-1,360,000","-6,073,000","-704,000","-489,000","-229,000","-288,000","-526,000","-182,000",,,,,,,,,,,,,,,,,,,,,,,,,,,,,,,,,,,,,,,,,,,,,,,,,,,,,,,,,,,,,,,,,,,,,,,,,,,,,,,,,,,,,,,,,,,,,,
NetIncomeCommonStockholders,"-64,019,000","-20,948,000","-4,836,000","-18,076,000","-20,159,000","-18,911,000","11,030,000","-405,062,000","-27,986,000","-21,703,000","-2,790,000","-6,941,000","1,152,000","-2,270,000","6,307,000","-679,000","-4,486,000","-13,041,000","-9,980,000","-10,157,000","-5,987,000","-13,857,000","-14,761,000","-20,827,000","-18,490,000","-23,141,000","-232,343,000","-901,273,000","-24,731,000","-216,288,000","-92,006,000","-31,328,000","-173,000","4,087,000","-1,992,000","-6,626,000","-2,800,000","-15,536,000","-4,314,000","5,212,000","3,017,626","4,522,335","5,786,050","5,857,169","3,993,649","4,989,495","4,304,938","3,175,550","2,332,155","-443,101","2,391,830","1,578,800","849,571","-703,929","2,011,296","3,709,567","4,096,056","3,798,569","4,296,071","3,236,990","3,633,559","3,157,438","3,653,378","2,559,620","2,935,971","2,015,210","3,149,601","2,166,182","2,891,162","2,395,952","2,297,888","2,534,131","2,392,018","1,905,109","1,537,406","1,980,739","1,516,530","1,143,573","1,587,142","1,743,848","517,851","-724,926","919,391","979,667","416,309","197,818","114,162","171,481","326,894","375,764","1,143,649","1,000,000","200,000","-200,000","-3,800,000",,"400,000",,"900,000","100,000","-100,000","-400,000","2,900,000","100,000","600,000",,"500,000",,"-100,000","-100,000","-600,000",,"-300,000","-200,000","-300,000","-300,000","-200,000","-200,000"
	NetIncome,"-64,019,000","-20,948,000","-4,836,000","-18,076,000","-20,159,000","-18,911,000","11,030,000","-405,062,000","-27,986,000","-21,703,000","-2,790,000","-6,941,000","1,152,000","-2,270,000","6,307,000","-679,000","-4,486,000","-13,041,000","-9,980,000","-10,157,000","-5,987,000","-13,857,000","-14,761,000","-20,827,000","-18,490,000","-23,141,000","-232,343,000","-901,273,000","-24,731,000","-216,288,000","-92,006,000","-31,328,000","-173,000","4,087,000","-1,992,000","-6,626,000","-2,800,000","-15,536,000","-4,314,000","5,212,000","3,017,626","4,522,335","5,786,050","5,857,169","3,993,649","4,989,495","4,304,938","3,175,550","2,332,155","-443,101","2,391,830","1,578,800","849,571","-703,929","2,011,296","3,709,567","4,096,056","3,798,569","4,296,071","3,236,990","3,633,559","3,157,438","3,653,378","2,559,620","2,935,971","2,015,210","3,149,601","2,166,182","2,891,162","2,395,952","2,297,888","2,534,131","2,392,018","1,905,109","1,537,406","1,980,739","1,516,530","1,143,573","1,587,142","1,743,848","517,851","-724,926","919,391","979,667","416,309","197,818","114,162","171,481","326,894","375,764","1,143,649","1,000,000","200,000","-200,000","-3,800,000",,"400,000",,"900,000","100,000","-100,000","-400,000","2,900,000","100,000","600,000",,"500,000",,"-100,000","-100,000","-600,000",,"-300,000","-200,000","-300,000","-300,000","-200,000","-200,000"
		NetIncomeIncludingNoncontrollingInterests,"-64,019,000","-20,948,000","-4,836,000","-18,076,000","-20,159,000","-18,911,000","10,689,000","-405,066,000","-27,951,000","-21,788,000","-2,868,000","-6,982,000","1,085,000","-2,313,000","6,228,000","-745,000","-3,577,000","-13,131,000","-10,081,000","-10,238,000","-6,153,000","-13,987,000","-14,824,000","-20,973,000","-18,653,000","-23,171,000","-232,526,000","-901,437,000","-23,144,000","-216,404,000","-92,032,000","-31,352,000","-173,000","4,087,000","-1,991,000","-6,648,000","-2,785,000","-15,483,000","-3,884,000","5,114,000","3,017,626","4,522,335","5,786,050","5,857,169","3,993,649","4,989,495","4,304,938","3,175,550","2,332,155","-443,101","2,391,830","1,578,800","849,571","-703,929","2,011,296","3,709,567","4,096,056","3,798,569","4,296,071","3,236,990","3,633,559","3,157,438","3,653,378","2,559,620","2,935,971","2,015,210","3,149,601","2,166,182","2,891,162","2,395,952","2,297,888","2,534,131","2,392,018","1,905,109","1,537,406","1,980,739","1,516,530","1,143,573","1,587,142","1,743,848","517,851","-724,926","919,391","979,667","416,309","197,818","114,162","171,481","326,894","375,764","1,143,649","1,000,000","200,000","-200,000","-3,800,000",,"400,000",,"900,000","100,000","-100,000","-400,000","2,900,000","100,000","600,000",,"500,000",,"-100,000","-100,000","-600,000",,"-300,000","-200,000","-300,000","-300,000","-200,000","-200,000"
			NetIncomeContinuousOperations,"-64,019,000","-20,948,000","-4,836,000","-18,076,000","-20,159,000","-18,911,000","10,689,000","-405,066,000","-27,951,000","-21,788,000","-2,868,000","-6,982,000","1,085,000","-2,313,000","6,228,000","-745,000","-3,577,000","-13,131,000","-10,081,000","-10,238,000","-6,153,000","-13,987,000","-14,824,000","-20,973,000","-18,653,000","-23,171,000","-232,526,000","-901,437,000","-23,144,000","-216,404,000","-92,032,000","-31,352,000","-173,000","4,087,000","-1,991,000","-6,648,000","-2,785,000","-15,483,000","-3,884,000","5,114,000","3,017,626","4,522,335","5,786,050","5,857,169","3,993,649","4,989,495","4,304,938","3,175,550","2,332,155","-443,101","2,391,830","1,578,800","849,571","-703,929","2,011,296","3,709,567","4,096,056","3,798,569","4,296,071","3,236,990","3,633,559","3,157,438","3,653,378","2,559,620","2,935,971","2,015,210","3,149,601","2,166,182","2,891,162","2,395,952","2,297,888","2,534,131","2,392,018","1,905,109","1,510,094","1,985,317","1,516,530","1,143,573","1,594,643","1,723,214","517,851","-724,926","919,391","979,667","416,309","197,818","114,162","171,481","326,894","375,764","1,143,649","1,000,000","200,000","-200,000","-3,800,000",,"400,000",,"900,000","100,000","-100,000","-400,000","2,900,000","100,000","600,000",,"500,000",,"-100,000","-100,000","-600,000",,"-300,000","-200,000","-300,000","-300,000","-200,000","-200,000"
			NetIncomeFromTaxLossCarryforward,,,,,,,,,,,,,,,,,,,,,,,,,,,,,,,,,,,,,,,,,,,,,,,,,,,,,,,,,,,,,,,,,,,,,,,,,,,,"-4,578",,,,"20,634",,,,,,,,,,,,,,,,,,,,,,,,,,,,,,,,,,,,,,
		MinorityInterests,,,"0","0","0","0","341,000","4,000","-35,000","85,000","78,000","41,000","67,000","43,000","79,000","66,000","-909,000","90,000","101,000","81,000","166,000","130,000","63,000","146,000","163,000","30,000","183,000","164,000","-1,587,000","116,000","26,000","24,000","0","0","-1,000","22,000","-15,000","-53,000","-430,000","98,000",,,,,,,,,,,,,,,,,,,,,,,,,,,,,,,,,,,,,,,,,,,,,,,,,,,,,,,,,,,,,,,,,,,,,,,,,,,,,,
	OtherunderPreferredStockDividend,,,,,,,,,,,,,"0",,,,"935,000",,,,,,,,,,"0",,,,,,,,,,,,,,,,,,,,,,,,,,,,,,,,,,,,,,,,,,,,,,,,,,,,,,,,,,,,,,,,,,,,,,,,,,,,,,,,,,,,,,,,,,,
AverageDilutionEarnings,,,,,,,,,,,,,,,,,,,,,"0",,,,"-559,000",,,,"-3,988,000",,,,"0",,,,,,,,,,,,,,,,,,,,,,,,,,,,,,,,,,,,,,,,,,,,,,,,,,,,,,,,,,,,,,,,,,,,,,,,,,,,,,,,,,,,,
DilutedNIAvailtoComStockholders,"-64,019,000","-20,948,000","-4,836,000","-18,076,000","-20,159,000","-18,911,000","11,030,000","-405,062,000","-27,986,000","-21,703,000","-2,790,000","-6,941,000","1,152,000","-2,270,000","6,307,000","-679,000","-4,486,000","-13,041,000","-9,980,000","-10,157,000","-5,987,000","-13,857,000","-15,591,000","-20,827,000","-19,049,000","-23,141,000","-232,343,000","-901,273,000","-28,719,000","-216,288,000","-92,006,000","-31,328,000","-173,000","4,087,000","-3,675,000","-6,626,000","-2,800,000","-15,536,000","-4,314,000","5,212,000","3,017,626","4,522,335","5,786,050","5,857,169","3,993,649","4,989,495","4,304,938","3,175,550","2,332,155","-443,101","2,391,830","1,578,800","849,571","-703,929","2,011,296","3,709,567","4,096,056","3,798,569","4,296,071","3,236,990","3,633,559","3,157,438","3,653,378","2,559,620","2,935,971","2,015,210","3,149,601","2,166,182","2,891,162","2,395,952","2,297,888","2,534,131","2,392,018","1,905,109","1,537,406","1,980,739","1,516,530","1,143,573","1,587,142","1,743,848","517,851","-724,926","919,391","979,667","416,309","197,818","114,162","171,481","326,894","375,764","1,143,649","1,000,000","200,000","-200,000","-3,800,000",,"400,000",,"900,000","100,000","-100,000","-400,000","2,900,000","100,000","600,000",,"500,000",,"-100,000","-100,000","-600,000",,"-300,000","-200,000","-300,000","-300,000","-200,000","-200,000"
BasicEPS,,"-0.32",,"-0.28","-0.31","-0.32","0.2","-7.35","-0.51","-0.4",,"-0.13","0.02","-0.04","0.12","-0.01","-0.08","-0.24","-0.19","-0.19","-0.11","-0.26","-0.28","-0.4","-0.35","-0.44",,"-17.35","-0.48","-4.24","-1.81","-0.62","-0.004","0.08","-0.04","-0.16","-0.07","-0.4","-0.16","0.24","0.14","0.21","0.27","0.28","0.19","0.24",,"0.15","0.11","-0.02",,"0.08","0.04","-0.03",,"0.18","0.2","0.18",,"0.15","0.175","0.155",,"0.125","0.145","0.1",,"0.105","0.14","0.115",,"0.12","0.115","0.095",,"0.107","0.09","0.07",,"0.107","0.033","-0.047",,"0.06","0.027","0.013",,"0.01","0.02","0.023",,"0.019","0.004","-0.003",,"0.001","0.008",,,"0.001","-0.001","-0.008",,"0.001","0.012",,,"0.001","-0.002","-0.003",,"-0.004","-0.023","-0.023",,"-0.026","-0.026","-0.026"
DilutedEPS,,"-0.32",,"-0.28","-0.31","-0.32","0.2","-7.35","-0.51","-0.4",,"-0.13","0.02","-0.04","0.12","-0.01","-0.08","-0.24","-0.19","-0.19","-0.11","-0.26","-0.3","-0.4","-0.36","-0.44",,"-17.35","-0.55","-4.24","-1.81","-0.62","-0.004","0.08","-0.07","-0.16","-0.07","-0.4","-0.16","0.24","0.14","0.21","0.27","0.27","0.18","0.23",,"0.15","0.11","-0.02",,"0.08","0.04","-0.03",,"0.18","0.19","0.18",,"0.15","0.17","0.15",,"0.125","0.14","0.1",,"0.1","0.135","0.11",,"0.12","0.11","0.09",,"0.1","0.083","0.067",,"0.103","0.03","-0.047",,"0.06","0.027","0.013",,"0.01","0.02","0.02",,"0.019","0.004","-0.003",,"0.001","0.008",,,"0.001","-0.001","-0.008",,"0.001","0.011",,,"0.001","-0.002","-0.003",,"-0.004","-0.023","-0.023",,"-0.026","-0.026","-0.026"
BasicAverageShares,,"65,721,000",,"65,018,000","64,908,000","58,616,000","55,118,000","55,086,000","54,917,000","54,544,000",,"54,394,000","54,231,000","53,966,000","53,854,000","53,769,000","53,722,000","53,657,000","53,356,000","53,012,000","52,778,000","52,690,000","52,620,000","52,432,000","52,169,000","52,098,000",,"51,941,000","51,405,000","50,956,000","50,912,000","50,490,000","49,373,000","49,273,000","48,955,000","41,976,000","38,781,000","38,494,000","27,261,000","21,467,606","21,312,471","21,265,772","21,207,133","21,165,401","21,145,458","21,009,871",,"20,586,695","20,527,571","20,441,217",,"20,229,357","20,223,139","20,222,127",,"20,616,338","20,878,049","20,979,068",,"20,939,735","20,742,794","20,392,234",,"20,213,704","20,322,782","20,246,534",,"20,934,320","20,902,702","20,902,798",,"20,749,372","20,663,926","20,542,306",,"18,718,353","16,986,816","16,181,631",,"15,980,712","16,051,746","16,089,495",,"16,410,321","16,421,982","16,421,982",,"16,616,820","16,678,137","16,693,512",,"18,305,883","44,977,511","18,305,883",,"18,173,913","18,260,871","18,230,883",,"17,148,426","17,136,432","16,875,562",,"16,479,760","15,856,072","14,545,728",,"11,496,252","10,407,796","10,107,946",,"10,708,931","12,850,717","8,567,145",,"11,733,264","7,822,176","7,822,176"
DilutedAverageShares,,"65,721,000",,"65,018,000","64,908,000","58,616,000","55,318,000","55,086,000","54,917,000","54,544,000",,"54,394,000","54,687,000","53,966,000","54,132,000","53,769,000","53,722,000","53,657,000","53,356,000","53,012,000","52,778,000","52,690,000","52,784,000","52,432,000","52,496,000","52,098,000",,"51,941,000","51,870,000","50,956,000","50,912,000","50,490,000","49,373,000","51,240,000","49,036,000","41,976,000","38,781,000","38,494,000","27,261,000","22,008,471","21,834,318","21,802,393","21,588,350","21,542,674","21,789,520","21,647,691",,"21,000,804","21,070,029","20,441,217",,"20,231,033","20,242,197","20,222,127",,"21,021,417","21,491,704","21,507,626",,"21,813,829","21,616,908","21,251,682",,"20,573,084","20,926,980","20,647,710",,"21,570,584","21,559,596","21,643,570",,"21,505,294","21,422,750","21,404,028",,"19,972,626","18,515,571","17,432,661",,"16,589,574","16,966,362","16,089,495",,"16,461,636","16,434,972","16,421,982",,"17,075,760","17,332,659","17,795,919",,"18,305,883","44,977,511","18,305,883",,"18,173,913","18,260,871","18,230,883",,"17,148,426","17,136,432","16,875,562",,"16,479,760","15,856,072","14,545,728",,"11,496,252","10,407,796","10,107,946",,"10,708,931","12,850,717","8,567,145",,"11,733,264","7,822,176","7,822,176"
TotalOperatingIncomeAsReported,"-80,388,000","-19,584,000","-16,161,000","-21,919,000","-22,724,000","-18,358,000","-2,528,000","-404,290,000","-29,278,000","-19,900,000","-3,281,000","-5,952,000","805,000","-3,271,000","-3,803,000","3,350,000","-1,929,000","-6,465,000","-5,976,000","-6,873,000","-5,045,000","-12,629,000","-29,165,000","-19,357,000","-17,131,000","-21,060,000","-187,809,000","-931,334,000","-33,499,000","-220,902,000","-91,257,000","-51,887,000","-5,880,000","835,000","-3,478,000","-6,116,000","-2,597,000","-16,740,000","2,774,000","6,069,000","5,792,444","7,227,991","8,892,065","7,856,827","6,098,247","6,166,128","6,153,547","4,062,823","4,013,108","-762,143","3,577,415","2,403,523","1,450,397","-1,607,617","3,956,401","5,298,101","5,837,651","5,504,300","4,915,983","4,088,855","5,036,948","4,431,111","5,139,384","3,540,284","4,134,306","2,822,695","4,142,695","2,971,952","3,648,651","3,394,162","3,099,432","3,601,445","3,528,895","2,767,733","2,693,839","2,601,799","1,977,638","1,469,162","1,608,470","2,440,220","437,980","-873,222","1,429,426","1,172,637","549,947","335,797","-459,530","139,667","326,990","436,465","1,380,661","1,500,000","300,000","-400,000","-100,000","-100,000","600,000","-200,000","1,100,000","-100,000","-200,000","-700,000","1,900,000","-100,000","400,000","-100,000","400,000",,"-100,000","-100,000","-700,000",,,,,,,
TotalExpenses,"716,847,000","183,013,000","183,177,000","180,928,000","169,729,000","152,547,000","144,923,000","146,028,000","146,901,000","152,807,000","163,438,000","163,412,000","162,358,000","158,571,000","180,922,000","158,699,000","172,165,000","160,298,000","185,319,000","162,675,000","174,418,000","175,095,000","205,456,000","176,557,000","189,791,000","188,239,000","265,334,000","406,478,000","222,501,000","256,489,000","230,761,000","249,919,000","184,345,000","150,106,000","158,563,000","131,742,000","109,082,000","113,947,000","93,871,000","35,128,000","43,612,983","37,736,110","35,432,254","31,839,197","31,456,683","28,152,961","27,621,374","26,195,723","26,046,388","23,768,462","22,656,342","21,925,873","23,197,880","24,752,418","27,986,573","25,271,327","25,437,271","25,203,389","25,294,772","22,374,617","23,186,546","22,913,749","24,597,924","21,608,879","22,564,979","19,400,400","19,372,366","16,709,527","17,136,294","15,468,657","16,346,068","14,119,737","13,786,753","13,078,442","12,545,947","10,296,874","10,096,123","9,208,479","9,662,947","9,588,255","9,673,628","7,269,611","8,527,744","8,530,371","8,673,768","8,351,892","8,747,305","8,861,851","8,696,257","8,861,542","9,406,277","8,900,000","8,600,000","8,000,000","9,400,000","7,900,000","7,700,000","7,200,000","9,000,000","7,400,000","7,200,000","5,900,000","8,500,000","4,500,000","4,900,000","2,900,000","3,800,000","2,300,000","2,200,000","1,800,000","1,900,000","1,100,000",,,,,,
NetIncomeFromContinuingAndDiscontinuedOperation,"-64,019,000","-20,948,000","-4,836,000","-18,076,000","-20,159,000","-18,911,000","11,030,000","-405,062,000","-27,986,000","-21,703,000","-2,790,000","-6,941,000","1,152,000","-2,270,000","6,307,000","-679,000","-4,486,000","-13,041,000","-9,980,000","-10,157,000","-5,987,000","-13,857,000","-14,761,000","-20,827,000","-18,490,000","-23,141,000","-232,343,000","-901,273,000","-24,731,000","-216,288,000","-92,006,000","-31,328,000","-173,000","4,087,000","-1,992,000","-6,626,000","-2,800,000","-15,536,000","-4,314,000","5,212,000","3,017,626","4,522,335","5,786,050","5,857,169","3,993,649","4,989,495","4,304,938","3,175,550","2,332,155","-443,101","2,391,830","1,578,800","849,571","-703,929","2,011,296","3,709,567","4,096,056","3,798,569","4,296,071","3,236,990","3,633,559","3,157,438","3,653,378","2,559,620","2,935,971","2,015,210","3,149,601","2,166,182","2,891,162","2,395,952","2,297,888","2,534,131","2,392,018","1,905,109","1,510,094","1,985,317","1,516,530","1,143,573","1,594,643","1,723,214","517,851","-724,926","919,391","979,667","416,309","197,818","114,162","171,481","326,894","375,764","1,143,649","1,000,000","200,000","-200,000","-3,800,000",,"400,000",,"900,000","100,000","-100,000","-400,000","2,900,000","100,000","600,000",,"500,000",,"-100,000","-100,000","-600,000",,"-300,000","-200,000","-300,000","-300,000","-200,000","-200,000"
NormalizedIncome,"-77,785,631.908","-20,948,000","-15,924,000","-18,076,000","-20,159,000","-18,911,000","11,030,000","-19,235,478.13","-27,986,000","-21,703,000","-2,790,000","-6,941,000","1,152,000","-2,270,000","6,307,000","-679,000","-4,486,000","-13,041,000","-9,980,000","-10,107,600","-5,518,080","-13,328,040","-15,502,000","-20,845,000","-18,930,250","-22,595,750","-161,902,805","-233,764,696","-29,253,360","-85,041,192","-17,139,261.134","-27,228,170","-173,000","4,087,000","-1,992,000","-6,626,000","-2,800,000","-15,536,000","-4,314,000","5,212,000","3,117,817","4,495,113.371","6,059,403.574","5,494,276.18","3,977,530.386","4,162,752.782","4,321,613.797","2,983,392.695","2,622,747.076","-187,339.75","2,735,505.788","1,587,812.841","1,102,855.146","-868,469.43","2,882,688.849","3,786,215.745","4,204,662.281","3,997,583.698","4,388,326.957","3,309,882.167","3,689,622.861","3,234,947.327","3,706,382.924","2,599,534.29","2,976,784.766","2,093,882.382","3,210,760.125","2,227,801.592","3,190,716.741","2,376,132.833","2,192,428.54","2,514,247.498","2,415,142.257","1,929,251.104","1,385,722.4","1,999,135.213","1,482,289.483","1,098,283.53","1,427,368.355","1,739,234.3","308,161.771","-626,767.793","919,391","911,375.997","416,309","197,818","114,162","171,481","326,894","375,764","1,143,649","1,000,000","133,333.333","-266,666.667","-80,000",,"333,333.333",,"825,000","-20,000","-160,000","-466,666.667","2,780,000","-20,000","540,000",,"440,000",,"-100,000","-160,000","-600,000",,"-300,000","-200,000","-300,000","-300,000","-200,000","-200,000"
InterestIncome,,,,,,,,,"149,000",,"1,759,000","289,000","1,755,000","753,000","747,000","-39,000","-83,000","8,000","667,000","-305,000","429,000","256,000","-862,000","104,000","932,000","180,000",,,"-711,000",,"-4,146,000","-1,384,000",,,,,,,,"229,003","192,622","250,426","224,741","276,089","215,515","205,781",,,,,,,,,"390,527","498,831","546,833","601,066","585,268","629,074","610,366",,"490,718","410,375","389,683","359,500","384,930",,"438,104","377,478","299,439",,"124,484","111,747","102,205","52,583",,,"29,191","36,325","37,984","42,919","23,095","78,442","91,914","112,617","148,939","129,496",,"117,265",,"100,000",,,,,,,,,,,,,,,,,,,,,,,,,,
InterestExpense,,"1,362,000",,"634,000",,"377,000",,,,"829,000",,,,,,,"83,000",,,,,,,,,,,"3,505,000",,"5,124,000","4,145,000",,,,,,,,,,,,,,,,,,,,,,,,,,,,,,,,,,,,,,,,,,,,"1,078","40,558",,,"43,118","44,051","44,968","46,294","185,050","35,960","86,749","184,650","12,290","24,192",,"16,925",,,,,,,,,,,,,,,,,,,,,,,,,,,,
NetInterestIncome,"-3,060,000","-1,362,000","-692,000","-634,000","-372,000","-377,000","272,000","-167,000","149,000","-829,000","1,759,000","289,000","1,755,000","753,000","747,000","-39,000","-83,000","8,000","667,000","-305,000","429,000","256,000","-862,000","104,000","932,000","180,000","-947,000","-3,505,000","-711,000","-5,124,000","-4,146,000","-1,384,000",,,,,,,,"229,003","192,622","250,426","224,741","276,089","215,515","205,781","324,547","217,651","163,690","215,199","235,227","230,429","237,913","286,353",,,,,,,,,,,,,,,,,,,,,,,,,,,,,,,,,,,,,,,,,,,,,,,,,,,,,,,,,,,,,,,,
EBIT,"-80,388,000","-19,584,000","-16,161,000","-21,919,000","-22,724,000","-18,358,000","-2,528,000","-18,136,000","-29,278,000","-19,900,000","-3,281,000","-5,952,000","805,000","-3,271,000","-3,803,000","3,350,000","-1,929,000","-6,465,000","-5,976,000","-6,808,000","-4,428,000","-11,933,000","-30,153,000","-19,381,000","-17,718,000","-20,333,000","730,928,000","-931,334,000","-40,179,000","-220,902,000","-13,648,000","-46,309,000","-5,880,000","835,000","-3,478,000","-6,116,000","-2,597,000","-16,740,000","2,774,000","6,069,000","5,792,444","7,227,991","8,892,065","7,856,827","6,098,247","6,166,128","6,153,547","4,062,823","4,013,108","-762,143","3,577,415","2,403,523","1,450,397","-1,607,617","3,956,401","5,298,101","5,837,651","5,504,300","4,915,983","4,088,855","5,036,948","4,431,111","5,139,384","3,540,284","4,134,306","2,822,695","4,142,695","2,971,952","3,648,651","3,394,162","3,099,432","3,601,445","3,528,895","2,767,733","2,693,839","2,601,799","1,977,638","1,469,162","1,608,470","2,440,220","437,980","-873,222","1,429,426","1,172,637","549,947","335,797","-459,530","139,667","326,990","436,465","1,380,661","1,500,000","300,000","-400,000","-100,000","-100,000","600,000","-200,000","1,100,000","-100,000","-200,000","-700,000","1,900,000","-100,000","400,000","-100,000","400,000","0","-100,000","-100,000","-700,000","0","800,000","700,000","-2,700,000","600,000","600,000","500,000"
EBITDA,"-22,804,000"
ReconciledCostOfRevenue,"362,281,000","93,752,000","93,973,000","90,821,000","83,735,000","78,612,000","76,376,000","78,123,000","73,887,000","73,037,000","81,498,000","80,051,000","81,996,000","78,843,000","90,120,000","83,121,000","86,589,000","78,183,000","92,077,000","80,628,000","86,598,000","86,282,000","92,379,000","83,495,000","92,541,000","86,737,000","120,290,000","247,476,000","99,414,000","126,643,000","111,928,000","115,763,000","86,831,000","73,213,000","77,283,000","65,034,000","56,080,000","59,833,000","60,357,000","15,678,000","23,246,215","22,009,158","21,460,015","18,142,078","17,819,524","16,068,637","16,580,020","15,549,558","15,297,492","13,586,244","12,864,013","12,461,142","13,075,056","13,572,449","16,017,338","14,754,990","13,966,552","13,343,812","14,298,052","12,974,673","12,622,905","12,638,840","17,761,620","12,079,852","12,101,674","10,424,321","10,385,836","8,849,104","8,595,926","7,488,383","7,745,638","7,277,003","6,836,095","6,140,040","5,711,968","4,417,305","4,158,237","3,820,070","4,372,090","4,326,895","4,292,328","2,450,135","3,518,287","3,771,738","3,691,577","3,092,560","3,122,917","3,091,101","2,682,989","2,996,996","3,507,861","2,800,000","2,700,000","1,900,000","2,600,000","2,300,000","1,900,000","1,900,000","2,300,000","2,400,000","1,800,000","1,400,000","3,300,000","1,100,000","1,700,000","700,000","1,600,000","700,000","700,000","500,000","500,000","400,000",,,,,,
ReconciledDepreciation,"57,584,000","15,290,000","14,684,000","13,717,000","13,893,000","13,802,000","12,132,000","12,324,000","12,647,000","12,457,000","13,008,000","12,871,000","12,363,000","12,700,000","15,348,000","15,290,000","15,240,000","15,372,000","16,844,000","16,819,000","16,406,000","16,566,000","23,134,000","22,951,000","23,296,000","23,496,000","24,508,000","28,107,000","26,873,000","28,907,000","30,274,000","30,576,000","25,212,000","23,367,000","26,015,000","19,446,000","17,647,000","29,328,000","17,234,000","-3,255,657","2,868,939","2,649,718","2,817,736","2,782,927","2,592,876","2,154,184","2,546,765","2,586,075","2,123,440","2,086,110","2,015,604","1,979,273","2,056,046","2,204,730","1,927,868","1,746,659","1,724,116","1,605,203","1,524,286","1,271,709","1,106,503","1,071,838","1,055,664","994,733","993,891","787,946","829,872","770,965","751,782","707,171","797,892","639,775","602,112","647,301","630,417","604,425","663,490","635,411","553,915","713,604","662,085","471,605","709,682","557,529","515,711","496,653","495,295","488,847","388,642","395,296","404,039","500,000","500,000","500,000","600,000","600,000","600,000","500,000","600,000","400,000","500,000","400,000","300,000","400,000","200,000","200,000","100,000","100,000","100,000","100,000","0",,,,,,,
NetIncomeFromContinuingOperationNetMinorityInterest,"-64,019,000","-20,948,000","-4,836,000","-18,076,000","-20,159,000","-18,911,000","11,030,000","-405,062,000","-27,986,000","-21,703,000","-2,790,000","-6,941,000","1,152,000","-2,270,000","6,307,000","-679,000","-4,486,000","-13,041,000","-9,980,000","-10,157,000","-5,987,000","-13,857,000","-14,761,000","-20,827,000","-18,490,000","-23,141,000","-232,343,000","-901,273,000","-24,731,000","-216,288,000","-92,006,000","-31,328,000","-173,000","4,087,000","-1,992,000","-6,626,000","-2,800,000","-15,536,000","-4,314,000","5,212,000","3,017,626","4,522,335","5,786,050","5,857,169","3,993,649","4,989,495","4,304,938","3,175,550","2,332,155","-443,101","2,391,830","1,578,800","849,571","-703,929","2,011,296","3,709,567","4,096,056","3,798,569","4,296,071","3,236,990","3,633,559","3,157,438","3,653,378","2,559,620","2,935,971","2,015,210","3,149,601","2,166,182","2,891,162","2,395,952","2,297,888","2,534,131","2,392,018","1,905,109","1,510,094","1,985,317","1,516,530","1,143,573","1,594,643","1,723,214","517,851","-724,926","919,391","979,667","416,309","197,818","114,162","171,481","326,894","375,764","1,143,649","1,000,000","200,000","-200,000","-3,800,000",,"400,000",,"900,000","100,000","-100,000","-400,000","2,900,000","100,000","600,000",,"500,000",,"-100,000","-100,000","-600,000",,"-300,000","-200,000","-300,000","-300,000","-200,000","-200,000"
TotalUnusualItemsExcludingGoodwill,"14,400,000",,"14,400,000","0",,,"0","-386,154,000",,,,,,,,,,,"0","-65,000","-617,000","-696,000","988,000","24,000","587,000","-727,000","-95,837,000","-692,436,000","6,680,000","-137,144,000","-77,609,000","-5,578,000","-628,000","6,159,000","203,000","-2,059,000","138,000","514,000","1,278,078","-65,565","-133,588","45,288","-411,280","537,173","25,586","1,265,491","-24,997","275,701","-462,776","-341,015","-479,002","-14,951","-387,741","250,327","-1,314,010","-117,354","-164,911","-303,948","-115,653","-103,901","-85,811","-117,854","-80,516","-60,660","-62,027","-119,563","-86,243","-93,718","-342,912","31,459","164,045","29,900","-34,980","-36,033","207,286","-18,067","45,654","60,386","186,866","-22,406","293,272","-137,284",,"91,051",,,,,,,,,"100,000","100,000","-6,200,000",,"100,000",,"100,000","200,000","100,000","100,000","200,000","200,000","100,000",,"100,000",,,"100,000",,,,,,,,
TotalUnusualItems,"14,400,000",,"14,400,000","0",,,"0","-386,154,000",,,,,,,,,,,"0","-65,000","-617,000","-696,000","988,000","24,000","587,000","-727,000","-95,837,000","-692,436,000","6,680,000","-137,144,000","-77,609,000","-5,578,000","-628,000","6,159,000","203,000","-2,059,000","138,000","514,000","1,278,078","-65,565","-133,588","45,288","-411,280","537,173","25,586","1,265,491","-24,997","275,701","-462,776","-341,015","-479,002","-14,951","-387,741","250,327","-1,314,010","-117,354","-164,911","-303,948","-115,653","-103,901","-85,811","-117,854","-80,516","-60,660","-62,027","-119,563","-86,243","-93,718","-342,912","31,459","164,045","29,900","-34,980","-36,033","207,286","-18,067","45,654","60,386","186,866","-22,406","293,272","-137,284",,"91,051",,,,,,,,,"100,000","100,000","-6,200,000",,"100,000",,"100,000","200,000","100,000","100,000","200,000","200,000","100,000",,"100,000",,,"100,000",,,,,,,,
NormalizedEBITDA,"-37,204,000","-4,294,000","-15,877,000","-8,202,000","-8,831,000","-4,556,000","9,604,000","380,342,000","-16,631,000","-7,443,000","9,727,000","6,919,000","13,168,000","9,429,000","11,545,000","18,640,000","13,311,000","8,907,000","10,868,000","10,076,000","12,595,000","5,329,000","-8,007,000","3,546,000","4,991,000","3,890,000","851,273,000","-210,791,000","-19,986,000","-54,851,000","94,235,000","-10,155,000","19,332,000","24,202,000","22,537,000","13,330,000","15,050,000","12,588,000","20,008,000","6,069,000","8,794,971","9,832,421","12,121,081","10,102,581","8,665,537","7,054,821","8,725,309","6,373,197","6,599,324","1,664,982","6,072,021","4,397,747","3,894,184","346,786","7,198,279","7,162,114","7,726,678","7,413,451","6,555,922","5,464,465","6,229,262","5,620,803","6,275,564","4,595,677","5,190,224","3,730,204","5,058,810","3,836,635","4,743,345","4,069,874","3,733,279","4,211,320","4,165,987","3,451,067","3,116,970","3,224,291","2,595,474","2,044,187","1,975,519","3,176,230","806,793","-264,333","2,139,108","1,639,115","1,065,658","832,450","35,765","628,514","715,632","831,761","1,784,700","2,000,000","700,000","0","6,700,000","500,000","1,100,000","300,000","1,600,000","100,000","200,000","-400,000","2,000,000","100,000","500,000","100,000","400,000","100,000","0","-100,000","-700,000","0","800,000","700,000","-2,700,000","600,000","600,000","500,000"
TaxRateForCalcs,"0.044","0.003","0.23","0.031","0.189","0.05","0.23","0.001","0.073","0.23","0.23","0.23","0.23","0.23","0.23","0.092","0.23","0.23","0.24","0.24","0.24","0.24","0.25","0.25","0.25","0.25","0.265","0.036","0.323","0.043","0.035","0.265","0.265","0.265","0.25","0.25","0.25","0.046","0.25","0.105","0.25","0.399","0.335","0.324","0.37","0.347","0.333","0.303","0.372","0.25","0.283","0.397","0.347","0.343","0.337","0.347","0.341","0.345","0.202","0.298","0.347","0.342","0.342","0.342","0.342","0.342","0.291","0.343","0.126","0.37","0.357","0.335","0.339","0.33","0.4","0.235","0.25","0.25","0.105","0.285","0.285","0.285","0.342","0.25","0.25","0.25","0.4","0.3","0.3","0.3","0.177","0.333","0.333","0.333","0.4",,"0.333",,"0.25","0.4","0.4","0.333","0.4","0.4","0.4",,"0.4",,"0.4","0.4","0.4",,"0.4","0.4","0.4","0.4","0.4","0.4"
TaxEffectOfUnusualItems,"633,368.092","0","3,312,000","0","0","0","0","-327,478.13","0","0","0","0","0","0","0","0","0","0","0","-15,600","-148,080","-167,040","247,000","6,000","146,750","-181,750","-25,396,805","-24,927,696","2,157,640","-5,897,192","-2,742,261.134","-1,478,170","0","0","0","0","0","0","0","0","-33,397","18,066.371","-137,926.426","174,280.18","9,467.386","438,748.782","-8,321.203","83,543.695","-172,183.924","-85,253.75","-135,326.212","-5,938.159","-134,456.854","85,786.57","-442,617.151","-40,705.255","-56,304.719","-104,933.302","-23,397.043","-31,008.833","-29,747.139","-40,344.673","-27,511.076","-20,745.71","-21,213.234","-40,890.618","-25,083.875","-32,098.408","-43,357.259","11,639.833","58,585.54","10,016.498","-11,855.743","-11,890.896","82,914.4","-4,248.787","11,413.483","15,096.53","19,591.355","-6,385.7","83,582.771","-39,125.793","0","22,759.997","0","0","0","0","0","0","0","0","33,333.333","33,333.333","-2,480,000",,"33,333.333",,"25,000","80,000","40,000","33,333.333","80,000","80,000","40,000",,"40,000",,"0","40,000","0",,"0","0","0","0","0","0"