name,ttm,03/31/2022,12/31/2021,09/30/2021,06/30/2021,03/31/2021,12/31/2020,09/30/2020,06/30/2020,03/31/2020,12/31/2019,09/30/2019,06/30/2019,03/31/2019,12/31/2018,09/30/2018,06/30/2018,03/31/2018,12/31/2017,09/30/2017,06/30/2017,03/31/2017,12/31/2016,09/30/2016,06/30/2016,03/31/2016,12/31/2015,09/30/2015,06/30/2015,03/31/2015,12/31/2014,09/30/2014,06/30/2014,03/31/2014,12/31/2013,09/30/2013,06/30/2013,03/31/2013,12/31/2012,09/30/2012,06/30/2012,03/31/2012,12/31/2011,09/30/2011,06/30/2011,03/31/2011,12/31/2010,09/30/2010,06/30/2010,03/31/2010,12/31/2009,09/30/2009,06/30/2009,03/31/2009,12/31/2008,09/30/2008,06/30/2008,03/31/2008,12/31/2007,09/30/2007,06/30/2007,03/31/2007,12/31/2006,09/30/2006,06/30/2006,03/31/2006,12/31/2005,09/30/2005,06/30/2005,03/31/2005,12/31/2004,09/30/2004,06/30/2004,03/31/2004,12/31/2003,09/30/2003,06/30/2003,03/31/2003,12/31/2002,09/30/2002,06/30/2002,03/31/2002,12/31/2001,09/30/2001,06/30/2001,03/31/2001,12/31/2000,09/30/2000,06/30/2000,03/31/2000,12/31/1999,09/30/1999,06/30/1999,03/31/1999,12/31/1998,09/30/1998,06/30/1998,03/31/1998,12/31/1997,09/30/1997,06/30/1997,03/31/1997,12/31/1996,09/30/1996,06/30/1996,03/31/1996,12/31/1995,09/30/1995,06/30/1995,03/31/1995,12/31/1994,09/30/1994,06/30/1994,03/31/1994,12/31/1993,09/30/1993,06/30/1993,03/31/1993,12/31/1992,09/30/1992,06/30/1992,03/31/1992,12/31/1991,09/30/1991,06/30/1991,03/31/1991,12/31/1990,09/30/1990,06/30/1990,03/31/1990,12/31/1989,09/30/1989,06/30/1989,03/31/1989,12/31/1988,09/30/1988,06/30/1988,03/31/1988
TotalRevenue,"242,920,000","63,200,000","59,001,000","58,352,000","62,367,000","50,752,000","45,998,000","47,081,000","35,194,000","35,187,000","38,883,000","39,055,000","39,664,000","32,583,000","31,186,000","31,770,000","33,905,000","27,093,000","24,852,000","23,473,000","21,936,000","20,350,000","22,137,000","20,052,000","20,974,000","19,269,000","20,859,000","18,750,000","18,657,000","18,858,000","16,573,000","18,188,000","20,048,000","20,178,000","18,944,000","17,106,000","18,164,000","18,001,000","16,467,000","15,866,000","15,942,000","15,509,000","16,380,000","15,266,000","16,269,000","14,849,000","14,389,000","13,152,000","13,639,000","13,778,000","19,831,000","18,113,000","19,117,000","18,283,000","18,157,000","18,112,000","20,665,000","17,960,000","15,885,000","13,629,000","14,932,000","14,917,000","15,267,000","13,139,000","14,561,000","13,315,000","12,067,000","11,647,000","13,910,000","13,678,000","13,952,000","12,140,000","12,024,000","13,569,000","12,754,000","11,927,000","12,951,000","12,779,000","13,228,000","11,201,000","12,088,000","11,731,000","12,191,000","12,154,000","12,890,000","13,001,000","13,335,801","13,663,815","12,848,283","14,137,973","15,600,000","13,800,000","14,700,000","14,800,000","13,200,000","12,900,000","14,000,000","14,100,000","8,500,000","11,800,000","11,600,000","10,300,000","11,500,000","10,800,000","10,300,000","9,500,000","10,000,000","9,000,000","8,400,000","7,300,000","8,100,000","6,900,000","6,600,000","5,800,000","6,200,000","4,700,000","5,000,000","4,300,000","3,500,000","2,400,000","2,300,000","2,000,000","1,800,000","800,000","900,000","800,000","-9,500,000","1,500,000","6,300,000","6,200,000","1,200,000","1,100,000","1,100,000","1,100,000","1,700,000","1,700,000","1,700,000","1,700,000"
	OperatingRevenue,"242,920,000","63,200,000","59,001,000","58,352,000","62,367,000","50,752,000","45,998,000","47,081,000","35,194,000","35,187,000","38,883,000","39,055,000","39,664,000","32,583,000","31,186,000","31,770,000","33,905,000","27,093,000","24,852,000","23,473,000","21,936,000","20,350,000","22,137,000","20,052,000","20,974,000","19,269,000","20,859,000","18,750,000","18,657,000","18,858,000","16,573,000","18,188,000","20,048,000","20,178,000","18,944,000","17,106,000","18,164,000","18,001,000","16,467,000","15,866,000","15,942,000","15,509,000","16,380,000","15,266,000","16,269,000","14,849,000","14,389,000","13,152,000","13,639,000","13,778,000","19,831,000","18,113,000","19,117,000","18,283,000","18,157,000","18,112,000","20,665,000","17,960,000","15,885,000","13,629,000","14,932,000","14,917,000","15,267,000","13,139,000","14,561,000","13,315,000","12,067,000","11,647,000","13,910,000","13,678,000","13,952,000","12,140,000","12,024,000","13,569,000","12,753,000","11,927,000","12,950,000","12,779,000","13,155,000","11,086,000","12,008,000","11,631,000","12,191,000","12,154,000","12,890,000","13,001,000","13,335,801","13,663,815","12,848,283","14,137,973","15,600,000","13,800,000","14,700,000","14,800,000","13,200,000","12,900,000","14,000,000","14,100,000","8,500,000","11,800,000","11,600,000","10,300,000","11,500,000","10,800,000","10,300,000","9,500,000","10,000,000","9,000,000","8,400,000","7,300,000","8,100,000","6,900,000","6,600,000","5,800,000","6,200,000","4,700,000","5,000,000","4,300,000","3,500,000","2,400,000","2,300,000","2,000,000","1,800,000","800,000","900,000","800,000","-9,500,000","1,500,000","6,300,000","6,200,000","1,200,000","1,100,000","1,100,000","1,100,000","1,700,000","1,700,000","1,700,000","1,700,000"
CostOfRevenue,"54,161,000","13,936,000","14,010,000","13,051,000","13,164,000","11,610,000","11,697,000","12,210,000","10,764,000","10,427,000","10,059,000","10,004,000","9,765,000","8,403,000","8,194,000","7,910,000","8,678,000","7,662,000","7,472,000","6,624,000","6,462,000","5,773,000","6,259,000","5,180,000","6,348,000","6,276,000","6,194,000","5,951,000","6,296,000","5,959,000","7,169,000","6,319,000","6,381,000","6,294,000","5,967,000","5,047,000","5,544,000","5,347,000","5,298,000","4,690,000","4,897,000","4,607,000","4,951,000","4,816,000","5,408,000","5,220,000","5,081,000","4,892,000","4,960,000","4,949,000","8,777,000","8,278,000","8,453,000","7,944,000","7,797,000","7,654,000","9,131,000","10,205,000","7,921,000","6,859,000","7,695,000","7,622,000","8,674,000","6,738,000","7,521,000","6,916,000","6,539,000","6,450,000","7,300,000","7,228,000","7,373,000","6,043,000","5,874,000","6,252,000","5,539,000","5,340,000","5,895,000","5,847,000","6,435,000","5,581,000","6,064,000","6,019,000","6,532,000","5,466,000","11,025,000","4,624,000","4,728,566","4,370,357","9,244,554","4,255,406","5,100,000","4,200,000","4,700,000","4,700,000","5,000,000","3,400,000","2,700,000","3,000,000","1,300,000","1,900,000","1,800,000","1,900,000","2,300,000","2,200,000","1,900,000","1,600,000","2,000,000","1,900,000","1,700,000","1,400,000","1,200,000","1,400,000","1,200,000","1,000,000","600,000","800,000","800,000",,,,,,,,,"400,000",,,,,,,,,,,,
GrossProfit,"188,759,000","49,264,000","44,991,000","45,301,000","49,203,000","39,142,000","34,301,000","34,871,000","24,430,000","24,760,000","28,824,000","29,051,000","29,899,000","24,180,000","22,992,000","23,860,000","25,227,000","19,431,000","17,380,000","16,849,000","15,474,000","14,577,000","15,878,000","14,872,000","14,626,000","12,993,000","14,665,000","12,799,000","12,361,000","12,899,000","9,404,000","11,869,000","13,667,000","13,884,000","12,977,000","12,059,000","12,620,000","12,654,000","11,169,000","11,176,000","11,045,000","10,902,000","11,429,000","10,450,000","10,861,000","9,629,000","9,308,000","8,260,000","8,679,000","8,829,000","11,054,000","9,835,000","10,664,000","10,339,000","10,360,000","10,458,000","11,534,000","7,755,000","7,964,000","6,770,000","7,237,000","7,295,000","6,593,000","6,401,000","7,040,000","6,399,000","5,528,000","5,197,000","6,610,000","6,450,000","6,579,000","6,097,000","6,150,000","7,317,000","7,215,000","6,587,000","7,056,000","6,932,000","6,793,000","5,620,000","6,024,000","5,712,000","5,659,000","6,688,000","1,865,000","8,377,000","8,607,235","9,293,458","3,603,729","9,882,567","10,500,000","9,600,000","10,000,000","10,100,000","8,200,000","9,500,000","11,300,000","11,100,000","7,200,000","9,900,000","9,800,000","8,400,000","9,200,000","8,600,000","8,400,000","7,900,000","8,000,000","7,100,000","6,700,000","5,900,000","6,900,000","5,500,000","5,400,000","4,800,000","5,600,000","3,900,000","4,200,000",,,,,,,,,"400,000",,,,,,,,,,,,
OperatingExpense,"150,777,000","37,151,000","37,608,000","37,464,000","38,554,000","31,672,000","30,224,000","29,989,000","25,485,000","25,895,000","26,482,000","25,717,000","25,288,000","22,615,000","21,805,000","22,277,000","22,201,000","18,632,000","18,640,000","15,806,000","16,794,000","16,672,000","14,622,000","16,587,000","16,768,000","23,046,000","14,728,000","14,821,000","14,104,000","14,409,000","13,145,000","13,422,000","15,057,000","15,226,000","14,228,000","11,886,000","11,926,000","11,570,000","12,413,000","11,267,000","11,209,000","10,624,000","10,761,000","9,713,000","9,691,000","9,421,000","9,996,000","9,452,000","9,478,000","8,753,000","11,817,000","11,004,000","11,328,000","11,473,000","18,611,000","11,884,000","13,523,000","16,476,000","11,594,000","10,386,000","10,909,000","10,495,000","11,248,000","9,095,000","10,083,000","9,609,000","9,047,000","8,525,000","8,540,000","8,485,000","10,398,000","8,187,000","9,425,000","8,290,000","9,640,000","9,085,000","8,013,000","7,624,000","7,464,000","7,318,000","9,000,000","7,480,000","8,098,000","7,443,000","8,879,000","8,168,000","23,190,348","8,246,645","10,588,720","9,543,234","10,800,000","8,300,000","8,600,000","8,700,000","8,500,000","8,200,000","8,500,000","8,400,000","6,900,000","6,600,000","6,900,000","6,000,000","6,400,000","5,800,000","6,200,000","5,900,000","6,200,000","4,900,000","5,100,000","4,400,000","5,000,000","4,000,000","4,200,000","3,900,000","4,800,000","3,400,000","3,800,000",,,,,,,,,"1,800,000",,,,,,,,,,,,
	SellingGeneralAndAdministration,"117,233,000","29,210,000","28,536,000","29,193,000","30,294,000","23,413,000","21,266,000","21,238,000","18,174,000","18,997,000","19,073,000","19,561,000","19,190,000","16,980,000","16,100,000","16,707,000","16,855,000","13,589,000","13,448,000","11,377,000","12,082,000","11,889,000","10,346,000","12,134,000","12,109,000","16,140,000","10,767,000","11,137,000","10,568,000","10,782,000","9,869,000","10,276,000","12,512,000","11,702,000","12,202,000","10,157,000","10,195,000","10,145,000","10,609,000","9,685,000","9,696,000","9,078,000","9,172,000","8,259,000","8,298,000","7,989,000","8,490,000","8,143,000","7,402,000","7,220,000","10,557,000","9,462,000","9,887,000","10,061,000","10,715,000","9,994,000","11,166,000","10,908,000","9,870,000","8,643,000","9,275,000","8,885,000","9,684,000","7,425,000","8,294,000","7,883,000","7,497,000","7,251,000","7,074,000","7,202,000","9,034,000","6,654,000","7,362,000","7,005,000","8,394,000","7,762,000","6,639,000","6,448,000","6,504,000","6,086,000","6,798,000","6,404,000","6,835,000","6,662,000","7,942,000","7,350,000","21,379,072","6,456,473","8,579,604","7,208,568","8,000,000","6,400,000","6,800,000","6,600,000","6,900,000","6,100,000","6,500,000","6,100,000","4,900,000","4,700,000","4,900,000","4,400,000","4,700,000","4,400,000","4,500,000","4,300,000","4,800,000","3,800,000","4,000,000","3,200,000","3,800,000","3,100,000","3,200,000","2,900,000","4,600,000","3,200,000","3,500,000",,,,,,,,,"1,700,000",,,,,,,,,,,,
		GeneralAndAdministrativeExpense,"45,870,000","11,940,000","11,471,000","11,018,000","11,441,000","10,212,000","9,505,000","8,589,000","7,848,000","7,969,000","7,870,000","7,098,000","7,508,000","6,837,000","6,233,000","6,087,000","6,196,000","6,209,000","5,600,000","4,946,000","4,761,000","5,359,000","3,874,000","4,985,000","4,928,000","8,465,000","4,856,000","4,853,000","4,736,000","5,114,000","4,179,000","3,250,000","5,486,000","5,564,000","4,785,000","4,630,000","4,536,000","4,859,000","4,864,000","4,178,000","4,330,000","4,415,000","4,544,000","3,820,000","4,098,000","3,530,000","3,831,000","3,591,000","3,268,000","3,389,000","4,084,000","3,490,000","3,855,000","4,282,000",,,,,,,,,,,,,,,,,,,,,,,,,,,,,,,,,,,,,,,,,,,,,,,,,,,,,,,,,,,,,,,,,,,,,,,,,,,,,,,,,,,,
			OtherGandA,"45,870,000","11,940,000","11,471,000","11,018,000","11,441,000","10,212,000","9,505,000","8,589,000","7,848,000","7,969,000","7,870,000","7,098,000","7,508,000","6,837,000","6,233,000","6,087,000","6,196,000","6,209,000","5,600,000","4,946,000","4,761,000","5,359,000","3,874,000","4,985,000","4,928,000","8,465,000","4,856,000","4,853,000","4,736,000","5,114,000","4,179,000","3,250,000","5,486,000","5,564,000","4,785,000","4,630,000","4,536,000","4,859,000","4,864,000","4,178,000","4,330,000","4,415,000","4,544,000","3,820,000","4,098,000","3,530,000","3,831,000","3,591,000","3,268,000","3,389,000","4,084,000","3,490,000","3,855,000","4,282,000",,,,,,,,,,,,,,,,,,,,,,,,,,,,,,,,,,,,,,,,,,,,,,,,,,,,,,,,,,,,,,,,,,,,,,,,,,,,,,,,,,,,
		SellingAndMarketingExpense,"71,363,000","17,270,000","17,065,000","18,175,000","18,853,000","13,201,000","11,761,000","12,649,000","10,326,000","11,028,000","11,203,000","12,463,000","11,682,000","10,143,000","9,867,000","10,620,000","10,659,000","7,380,000","7,848,000","6,431,000","7,321,000","6,530,000","6,472,000","7,149,000","7,181,000","7,675,000","5,911,000","6,284,000","5,832,000","5,668,000","5,690,000","7,026,000","7,026,000","6,138,000","7,417,000","5,527,000","5,659,000","5,286,000","5,745,000","5,507,000","5,366,000","4,663,000","4,628,000","4,439,000","4,200,000","4,459,000","4,659,000","4,552,000","4,134,000","3,831,000","6,473,000","5,972,000","6,032,000","5,779,000",,,,,,,,,,,,,,,,,,,,,,,,,,,,,,,,,,,,,,,,,,,,,,,,,,,,,,,,,,,,,,,,,,,,,,,,,,,,,,,,,,,,
	ResearchAndDevelopment,"33,544,000","7,941,000","9,072,000","8,271,000","8,260,000","8,259,000","8,958,000","8,751,000","7,311,000","6,898,000","7,409,000","6,156,000","6,098,000","5,635,000","5,705,000","5,570,000","5,346,000","5,043,000","5,192,000","4,429,000","4,712,000","4,783,000","4,276,000","4,453,000","4,659,000","6,906,000","3,961,000","3,684,000","3,536,000","3,579,000","3,245,000","3,137,000","2,498,000","3,484,000","1,972,000","1,684,000","1,686,000","1,366,000","1,804,000","1,582,000","1,513,000","1,546,000","1,589,000","1,454,000","1,393,000","1,432,000","1,506,000","1,309,000","1,376,000","1,533,000","1,498,000","1,542,000","1,441,000","1,412,000","1,973,000","1,890,000","2,357,000","1,718,000","1,724,000","1,743,000","1,634,000","1,610,000","1,895,000","1,670,000","1,789,000","1,726,000","1,550,000","1,274,000","1,466,000","1,283,000","1,364,000","1,533,000","2,063,000","1,285,000","1,246,000","1,323,000","1,374,000","1,176,000","961,000","1,002,000","977,000","1,076,000","1,263,000","781,000","937,000","818,000","1,175,052","806,755","1,123,247","1,110,052","1,200,000","1,100,000","1,000,000","1,100,000","800,000","900,000","900,000","1,000,000","900,000","1,000,000","1,100,000","1,000,000","1,200,000","1,000,000","1,100,000","900,000","1,000,000","800,000","800,000","800,000","700,000","700,000","700,000","700,000",,,,,,,,,,,,,,,,,,,,,,,,
	DepreciationAmortizationDepletionIncomeStatement,,,,,,,,,,,,,,,,,,,,,,,,,,,,,,,,,,,,,,,,,,,,,,,,,,,,,,,,,,,,,,,,,,,,,,,,,,,,,,,,,,,,,,"555,000","636,224","983,417","885,869","1,224,614","1,600,000","800,000","800,000","1,000,000","800,000","1,200,000","1,100,000","1,300,000","1,100,000","900,000","900,000","600,000","500,000","400,000","600,000","700,000","400,000","300,000","300,000","400,000","500,000","200,000","300,000","300,000","200,000","200,000","300,000",,,,,,,,,"100,000",,,,,,,,,,,,
		DepreciationAndAmortizationInIncomeStatement,,,,,,,,,,,,,,,,,,,,,,,,,,,,,,,,,,,,,,,,,,,,,,,,,,,,,,,,,,,,,,,,,,,,,,,,,,,,,,,,,,,,,,"555,000","636,224","983,417","885,869","1,224,614","1,600,000","800,000","800,000","1,000,000","800,000","1,200,000","1,100,000","1,300,000","1,100,000","900,000","900,000","600,000","500,000","400,000","600,000","700,000","400,000","300,000","300,000","400,000","500,000","200,000","300,000","300,000","200,000","200,000","300,000",,,,,,,,,"100,000",,,,,,,,,,,,
	OtherTaxes,,,,,,,,,,,,,,,,,,,,,,,,,,,,,,"48,000","31,000","9,000","47,000","40,000","54,000","45,000","45,000","59,000",,,,,,,,,,,,,,,,,,,,,,,,,,,,,,,,,,,,,,,,,,,,,,,,,,,,,,,,,,,,,,,,,,,,,,,,,,,,,,,,,,,,,,,,,,,,,,,,,,,,
	OtherOperatingExpenses,,,,,,,,,,,,,,,,,,,,,,,,,,,,,,,,,,,,,,,,,,,,,,,"0",,"700,000",,,,,,"5,923,000",,,"3,850,000",,,,,,,,,,,,,,,,,,,,,"-1,000","230,000","1,225,000",,,,,"-555,000",,,,,,,,,,,,,,,,,,,,,,,,,,,,,,,,,,,,,,,,,,,,,,,,,,,,
OperatingIncome,"37,982,000","12,113,000","7,383,000","7,837,000","10,649,000","7,470,000","4,077,000","4,882,000","-1,055,000","-1,135,000","2,342,000","3,334,000","4,611,000","1,565,000","1,187,000","1,583,000","3,026,000","799,000","-1,260,000","1,043,000","-1,320,000","-2,095,000","1,256,000","-1,715,000","-2,142,000","-10,053,000","-63,000","-2,022,000","-1,743,000","-1,510,000","-3,741,000","-1,553,000","-1,390,000","-1,342,000","-1,251,000","173,000","694,000","1,084,000","-1,244,000","-91,000","-164,000","278,000","668,000","737,000","1,170,000","208,000","-688,000","-1,192,000","-799,000","76,000","-763,000","-1,169,000","-664,000","-1,134,000","-8,251,000","-1,426,000","-1,989,000","-8,721,000","-3,630,000","-3,616,000","-3,672,000","-3,200,000","-4,655,000","-2,694,000","-3,043,000","-3,210,000","-3,519,000","-3,328,000","-1,930,000","-2,035,000","-3,819,000","-2,090,000","-3,275,000","-973,000","-2,425,000","-2,498,000","-957,000","-692,000","-671,000","-1,698,000","-2,976,000","-1,768,000","-2,439,000","-755,000","-7,014,000","209,000","-14,583,113","1,046,813","-6,984,991","339,333","-300,000","1,300,000","1,400,000","1,400,000","-300,000","1,300,000","2,800,000","2,700,000","300,000","3,300,000","2,900,000","2,400,000","2,800,000","2,800,000","2,200,000","2,000,000","1,800,000","2,200,000","1,600,000","1,500,000","1,900,000","1,500,000","1,200,000","900,000","800,000","500,000","400,000","4,300,000","-11,300,000","2,400,000","2,300,000","2,000,000","-13,700,000","800,000","900,000","-1,400,000","-18,100,000","1,500,000","6,300,000","6,200,000","-6,900,000","1,100,000","1,100,000","1,100,000","-7,800,000","1,700,000","1,700,000","1,700,000"
NetNonOperatingInterestIncomeExpense,"-37,000","-6,000","-3,000","-23,000","-5,000","-7,000","1,000","1,000","20,000","216,000","192,000","266,000","259,000","271,000","230,000","-29,000","-24,000","-12,000","-24,000","-27,000","-32,000","-28,000","-27,000","-29,000","-29,000","-28,000","-31,000","-28,000","16,000","-36,000","-27,000","-28,000","-24,000","-24,000","0","-29,000","-33,000","-48,000","-19,000","-58,000","-60,000","-95,000","-75,000","-127,000","-148,000","-140,000","-92,000","-145,000","-211,000","-405,000","-122,000","-523,000","-394,000","-230,000",,,,,,,,,,,,,,,,,,,,,,,,,,,,,,,,,,,,,,,,,,,,,,,,,,,,,,,,,,,,,,,,,,,,,,,,,,,,,,,,,,,,
	InterestIncomeNonOperating,,,,,,,"1,000","1,000",,,,,,,,,,,,,,,"2,000","0","0",,"0","1,000","49,000","0","25,000","7,000","10,000","9,000","36,000","9,000","8,000","35,000","45,000","7,000","7,000","0","8,000","7,000","5,000","13,000","21,000","7,000","13,000","1,000","24,000","28,000","5,000","3,000",,,,,,,,,,,,,,,,,,,,,,,,,,,,,,,,,,,,,,,,,,,,,,,,,,,,,,,,,,,,,,,,,,,,,,,,,,,,,,,,,,,,
	InterestExpenseNonOperating,,,,,,,,,,,,,,,,,,,,,,,"29,000","29,000","29,000","28,000","31,000","29,000","33,000","36,000","52,000","35,000","34,000","33,000","36,000","38,000","41,000","83,000","64,000","65,000","67,000","95,000","83,000","134,000","153,000","153,000","113,000","152,000","224,000","406,000","146,000","551,000","399,000","233,000",,,,,,,,,,,,,,,,,,,,,,,,,,,,,,,,,,,,,,,,,,,,,,,,,,,,,,,,,,,,,,,,,,,,,,,,,,,,,,,,,,,,
	TotalOtherFinanceCost,"37,000","6,000","3,000","23,000","5,000","7,000",,,"-20,000","-216,000","-192,000","-266,000","-259,000","-271,000","-230,000","29,000","24,000","12,000","24,000","27,000","32,000","28,000",,,,,,,,,,,,,,,,,,,,,,,,,,,,,,,,,,,,,,,,,,,,,,,,,,,,,,,,,,,,,,,,,,,,,,,,,,,,,,,,,,,,,,,,,,,,,,,,,,,,,,,,,,,,,,,,,,,,
OtherIncomeExpense,"-1,353,000","-580,000","-406,000","-438,000","71,000","-1,224,000","716,000","498,000","419,000","-373,000","443,000","-452,000","175,000","20,000","-102,000","251,000","-367,000","97,000","292,000","566,000","527,000","61,000","-47,000","37,000","-103,000","436,000","65,000","287,000","281,000","-822,000","-157,000","-577,000","-8,000","226,000","203,000","356,000","216,000","-251,000","314,000","278,000","60,000","281,000","-113,000","-319,000","308,000","535,000","-42,000","535,000","-709,000","-9,000","-32,000","-65,000","250,000","138,000","3,505,000","-410,000","-1,000","-3,638,000","-130,000","-415,000","-372,000","29,000","415,000","115,000","-115,000","-22,000","85,000","131,000","151,000","205,000","-338,000","37,000","27,000","182,000","-846,000","-7,000","232,000","99,000","-5,000","-165,000","-1,573,000","89,000","-5,173,000","-2,169,000","-9,000","34,000","12,573,361","-1,548","-9,983,840","-33,379","400,000","-100,000",,"100,000","800,000","-300,000","200,000","100,000",,"-100,000","100,000",,"100,000","100,000","200,000","200,000","100,000",,"300,000","100,000","0","300,000","100,000","300,000","200,000","100,000","200,000",,,,,,,,,,,,,,,,,,,,,
	GainOnSaleOfSecurity,"-2,580,000","-915,000","-924,000","-610,000","-131,000","-1,299,000","476,000","468,000","388,000","-468,000","304,000","-584,000","11,000","-248,000","-291,000","52,000","-520,000","-77,000","81,000","444,000","380,000","-86,000","-160,000","-29,000","-416,000","458,000","-257,000","20,000","180,000","-892,000","-200,000","-628,000","-134,000","66,000","77,000","226,000","77,000","-341,000","102,000",,"-249,000",,,,,,,,,,,,,,,,,,,,,,,,,,,,,,,,,,,,,,,,,,,,,,,,,,,,,,,,,,,,,,,,,,,,,,,,,,,,,,,,,,,,,,,,,,,,,,,,,
	EarningsFromEquityInterest,,,,,,,,,,,,,,,,,,,,,,,,,,,,,,,,,,,,,,,,,,,,,,,,,,,,,,,,,,,"0","-365,000","73,000","12,000","138,000","102,000","-121,000","-5,000","0","122,000","36,000",,"-2,000","-170,000","-1,000","-18,000","-149,000","84,000","-31,000","106,000","104,000","-75,000","-6,000","12,000","67,000","322,000",,,,,,,,,,,,,,,,,,,,,,,,,,,,,,,,,,,,,,,,,,,,,,,,,,,,,,
	SpecialIncomeCharges,,,,,,,,,,,,,,,,,,,,,,,,,,,,,,,,,,,,,,,"203,000","278,000","60,000","281,000","-113,000","-319,000","308,000","535,000","-42,000","535,000","-709,000","-9,000","-32,000","-65,000","250,000","138,000","3,505,000","-410,000","-1,000","-3,638,000","-130,000","-50,000","-445,000","17,000","277,000","13,000","6,000","-17,000","85,000","9,000","115,000","205,000","-336,000","207,000","28,000","200,000","-697,000","-91,000","263,000","-7,000","-109,000","-90,000","-1,567,000","77,000","-5,240,000","-2,491,000","-9,000","34,000","12,573,361","-1,548","-9,983,840","-33,379","400,000","-100,000",,"100,000","800,000","-300,000","200,000","100,000",,"-100,000","100,000",,"100,000","100,000","200,000","200,000","100,000",,"300,000","100,000","0","300,000","100,000","300,000","200,000","100,000","200,000",,,,,,,,,,,,,,,,,,,,,
		RestructuringAndMergernAcquisition,,,,,,,,,,,,,,,,,,,,,,,,,,,,,,,,,,,,,,,,,,,,,,,,,,,,,,,,,,,,,,,,,,,,,,,,,,,,,,,,,,,"5,671,000","2,109,000",,,,,,,,,,,,,,,,,,,,,,,,,,,,,,,,,,,,,,,,,,,,,,,,,,,,,,
		OtherSpecialCharges,,,,,,,,,,,,,,,,,,,,,,,,,,,,,,,,,,,,,,,,,,,,,,,,,,,,,,,,,,,,,,,,,,,,,,,,,,,,,,,,,,,"-431,000","382,000",,,,,,,,,,,,,,,,,,,,,,,,,,,,,,,,,,,,,,,,,,,,,,,,,,,,,,
	OtherNonOperatingIncomeExpenses,"1,227,000","335,000","518,000","172,000","202,000","75,000","240,000","30,000","31,000","95,000","139,000","132,000","164,000","268,000","189,000","199,000","153,000","174,000","211,000","122,000","147,000","147,000","113,000","66,000","313,000","-22,000","322,000","267,000","101,000","70,000","43,000","51,000","126,000","160,000","126,000","130,000","139,000","90,000","212,000",,,,,,,,,,,,,,,,,,,,,,,,,,,,,,,,,,,,,,,,,,,,,,,,,,,,,,,,,,,,,,,,,,,,,,,,,,,,,,,,,,,,,,,,,,,,,,,,,,,
PretaxIncome,"36,592,000","11,527,000","6,974,000","7,376,000","10,715,000","6,239,000","4,794,000","5,381,000","-616,000","-1,292,000","2,977,000","3,148,000","5,045,000","1,856,000","1,315,000","1,805,000","2,635,000","884,000","-992,000","1,582,000","-825,000","-2,062,000","1,182,000","-1,707,000","-2,274,000","-9,645,000","-29,000","-1,763,000","-1,446,000","-2,368,000","-3,925,000","-2,158,000","-1,422,000","-1,140,000","-1,048,000","500,000","877,000","785,000","-949,000","129,000","-164,000","464,000","480,000","291,000","1,330,000","603,000","-822,000","-802,000","-1,719,000","-338,000","-917,000","-1,757,000","-808,000","-1,226,000","-8,830,000","-2,011,000","-2,149,000","-8,682,000","-3,787,000","-4,025,000","-4,091,000","-3,252,000","-4,659,000","-2,590,000","-3,103,000","-3,155,000","-3,338,000","-3,097,000","-1,694,000","-1,829,000","-4,145,000","-2,065,000","-3,252,000","-783,000","-3,184,000","-2,495,000","-777,000","-400,000","-668,000","-1,922,000","-3,605,000","-1,929,000","-7,535,000","-3,119,000","-7,092,000","-496,000","-1,695,264","715,498","-17,357,894","421,669","0","900,000","1,100,000","1,100,000","300,000","800,000","2,400,000","2,500,000","3,200,000","3,100,000","2,900,000","2,500,000","2,800,000","2,700,000","2,400,000","2,300,000","1,700,000","2,200,000","1,900,000","1,700,000","1,900,000","1,800,000",,,,,,,,,,,,,,,,,,,,,,,,,,
TaxProvision,"7,481,000","1,925,000","2,052,000","1,356,000","2,148,000","1,247,000","1,467,000","1,489,000","556,000","-1,158,000","-3,402,000","760,000","1,131,000","489,000","219,000","346,000","805,000","301,000","-854,000","409,000","146,000","141,000","1,349,000","71,000","-131,000","-1,604,000","814,000","-11,000","153,000","-28,000","-1,387,000","548,000","367,000","219,000","-172,000","-25,000","599,000","314,000","465,000","219,000","327,000","232,000","371,000","214,000","469,000","303,000","-131,000","356,000","-91,000","298,000","566,000","210,000","280,000","436,000","630,000","239,000","396,000","258,000","504,000","-195,000","266,000","269,000","1,016,000","199,000","115,000","207,000","87,000","210,000","424,000","517,000","239,000","203,000","129,000","485,000","268,000","215,000","315,000","329,000","9,365,000","222,000","304,000","-932,000","762,000","-1,128,000","-2,915,000","-266,000","-502,644","173,963","-5,391,920","158,124","-300,000","400,000","400,000","400,000","-200,000","400,000","900,000","800,000","1,600,000","1,000,000","900,000","800,000","900,000","900,000","700,000","800,000","-300,000","100,000","100,000","100,000","-2,300,000","100,000",,,,,,,,,,,,,,,,,,,,,,,,,,
NetIncomeCommonStockholders,"29,111,000","9,602,000","4,922,000","6,020,000","8,567,000","4,992,000","3,327,000","3,892,000","-1,172,000","-134,000","6,379,000","2,388,000","3,914,000","1,367,000","1,096,000","1,459,000","1,830,000","583,000","-138,000","1,173,000","-971,000","-2,203,000","-167,000","-1,778,000","-2,143,000","-8,041,000","-843,000","-1,752,000","-1,599,000","-2,340,000","-2,538,000","-2,706,000","-1,789,000","-1,359,000","-876,000","525,000","278,000","471,000","-1,414,000","-90,000","-491,000","232,000","109,000","77,000","861,000","300,000","-691,000","-1,158,000","-1,628,000","3,530,000","-1,483,000","-1,967,000","-1,088,000","-1,662,000","-9,460,000","-2,250,000","-2,545,000","-8,940,000","-4,291,000","-3,830,000","-4,357,000","-3,521,000","-5,675,000","-2,789,000","-3,218,000","-3,362,000","-3,425,000","-3,302,000","-2,110,000","-2,338,000","-4,384,000","-2,268,000","-3,380,000","-1,299,000","-3,520,000","-2,710,000","-1,116,000","-747,000","-10,108,000","-2,144,000","-3,909,000","-997,000","-8,436,000","-1,991,000","-4,177,000","-230,000","-1,192,620","541,535","-18,514,059","263,545","300,000","500,000","700,000","700,000","500,000","-1,300,000","1,500,000","1,700,000","1,600,000","2,100,000","2,000,000","1,700,000","1,900,000","1,800,000","1,700,000","1,500,000","2,000,000","2,100,000","1,800,000","1,600,000","4,200,000","1,700,000","1,300,000","1,100,000","900,000","600,000","600,000","400,000","-2,500,000","-1,800,000","-1,600,000","900,000",,,,"-1,400,000",,,,,,,,,,,,
	NetIncome,"29,111,000","9,602,000","4,922,000","6,020,000","8,567,000","4,992,000","3,327,000","3,892,000","-1,172,000","-134,000","6,379,000","2,388,000","3,914,000","1,367,000","1,096,000","1,459,000","1,830,000","583,000","-138,000","1,173,000","-971,000","-2,203,000","-167,000","-1,778,000","-2,143,000","-8,041,000","-843,000","-1,752,000","-1,599,000","-2,340,000","-2,538,000","-2,706,000","-1,789,000","-1,359,000","-876,000","525,000","278,000","471,000","-1,414,000","-90,000","-491,000","232,000","109,000","77,000","861,000","300,000","-691,000","-1,158,000","-1,628,000","3,530,000","-1,483,000","-1,967,000","-1,088,000","-1,662,000","-9,460,000","-2,250,000","-2,545,000","-8,940,000","-4,291,000","-3,830,000","-4,357,000","-3,521,000","-5,675,000","-2,789,000","-3,218,000","-3,362,000","-3,425,000","-3,302,000","-2,110,000","-2,338,000","-4,384,000","-2,268,000","-3,380,000","-1,299,000","-3,520,000","-2,710,000","-1,116,000","-747,000","-10,108,000","-2,144,000","-3,909,000","-997,000","-8,436,000","-1,991,000","-4,177,000","-230,000","-1,192,620","541,535","-18,514,059","263,545","300,000","500,000","700,000","700,000","500,000","-1,300,000","1,500,000","1,700,000","1,600,000","2,100,000","2,000,000","1,700,000","1,900,000","1,800,000","1,700,000","1,500,000","2,000,000","2,100,000","1,800,000","1,600,000","4,200,000","1,700,000","1,300,000","1,100,000","900,000","600,000","600,000","400,000","-2,500,000","-1,800,000","-1,600,000","900,000",,,,"-1,400,000",,,,,,,,,,,,
		NetIncomeIncludingNoncontrollingInterests,"29,111,000","9,602,000","4,922,000","6,020,000","8,567,000","4,992,000","3,327,000","3,892,000","-1,172,000","-134,000","6,379,000","2,388,000","3,914,000","1,367,000","1,096,000","1,459,000","1,830,000","583,000","-138,000","1,173,000","-971,000","-2,203,000","-167,000","-1,778,000","-2,143,000","-8,041,000","-843,000","-1,752,000","-1,599,000","-2,340,000","-2,538,000","-2,706,000","-1,789,000","-1,359,000","-876,000","525,000","278,000","471,000","-1,414,000","-90,000","-491,000","232,000","109,000","77,000","861,000","300,000","-691,000","-1,158,000","-1,628,000","3,530,000","-1,483,000","-1,967,000","-1,088,000","-1,662,000","-9,460,000","-2,250,000","-2,545,000","-8,940,000","-4,291,000","-3,830,000","-4,357,000","-3,521,000","-5,675,000","-2,789,000","-3,218,000","-3,362,000","-3,425,000","-3,307,000","-2,118,000","-2,346,000","-4,384,000","-2,268,000","-3,381,000","-1,268,000","-3,518,000","-2,686,000","-1,092,000","-729,000","-10,198,000","-2,074,000","-3,855,000","-956,000","-8,430,000","-1,927,000","-4,152,000","-186,000","-1,168,449","550,883","-18,504,447","306,946","300,000","600,000","800,000","900,000","700,000","-1,200,000","1,700,000","1,800,000","1,600,000","2,100,000","2,000,000","1,700,000","1,900,000","1,800,000","1,700,000","1,500,000","2,000,000","2,100,000","1,800,000","1,600,000","4,200,000","1,700,000","1,300,000","1,100,000","900,000","600,000","600,000","400,000","-2,500,000","-1,800,000","-1,600,000","900,000","-6,800,000","-1,600,000","-1,500,000","-1,400,000","-1,200,000","-400,000","2,500,000","2,500,000","-1,100,000","-1,100,000","-1,100,000","-1,100,000","-1,000,000","-900,000","-900,000","-1,000,000"
			NetIncomeContinuousOperations,"29,111,000","9,602,000","4,922,000","6,020,000","8,567,000","4,992,000","3,327,000","3,892,000","-1,172,000","-134,000","6,379,000","2,388,000","3,914,000","1,367,000","1,096,000","1,459,000","1,830,000","583,000","-138,000","1,173,000","-971,000","-2,203,000","-167,000","-1,778,000","-2,143,000","-8,041,000","-843,000","-1,752,000","-1,599,000","-2,340,000","-2,538,000","-2,706,000","-1,789,000","-1,359,000","-876,000","525,000","278,000","471,000","-1,414,000","-90,000","-491,000","232,000","109,000","77,000","861,000","300,000","-691,000","-1,158,000","-1,628,000","-636,000","-1,483,000","-1,967,000","-1,088,000","-1,662,000","-9,460,000","-2,250,000","-2,545,000","-8,940,000","-4,291,000","-3,830,000","-4,357,000","-3,521,000","-5,675,000","-2,789,000","-3,218,000","-3,362,000","-3,425,000","-3,302,000","-2,110,000","-2,338,000","-4,384,000","-2,268,000","-3,380,000","-1,299,000","-3,520,000","-2,710,000","-1,116,000","-747,000","-10,108,000","-2,144,000","-3,909,000","-997,000","-8,436,000","-1,991,000","-4,177,000","-230,000","-1,192,620","541,535","-11,965,974","263,545","300,000","500,000","700,000","700,000","500,000","400,000","1,500,000","1,700,000","1,600,000","2,100,000","2,000,000","1,700,000","1,900,000","1,800,000","1,700,000","1,500,000","2,000,000","2,100,000","1,800,000","1,600,000","4,200,000","1,700,000","1,300,000","1,100,000","900,000","600,000","600,000","400,000","-2,500,000","-1,800,000","-1,600,000","900,000","-6,800,000","-1,600,000","-1,500,000","-1,400,000","-1,400,000","-400,000","2,500,000","2,500,000","-1,200,000","-1,100,000","-1,100,000","-1,100,000","-1,000,000","-900,000","-900,000","-900,000"
			NetIncomeDiscontinuousOperations,,,,,,,,,,,,,,,,,,,,,,,,,,,,,,,,,,,,,,,,,,,"0","0","0","0","0","0","0","4,166,000",,,,,,,,,,,,,,,,,,,,,,,,,,,,,,,,,,,,,,,"-6,548,085",,,,,,,,,,,,,,,,,,,,,,,,,,,,,,,,,,,,,,,,,,,,,,"0",,,"-100,000"
			NetIncomeExtraordinary,,,,,,,,,,,,,,,,,,,,,,,,,,,,,,,,,,,,,,,,,,,,,,,,,,,,,,,,,,,,,,,,,,,,,,,,,,,,,,,,,,,,,,,,,,,,,,,"0","-1,700,000",,,,,,,,,,,,,,,,,,,,,,,,,,,,,,,,,,,,,,,,,,
		MinorityInterests,,,,,,,,,,,,,,,,,,,,,,,,,,,,,,,,,,,,,,,,,,,,,,,,,,,,,,,,,,,,,,,,,,,"0","5,000","8,000","8,000","0",,"1,000","-31,000","-2,000","-24,000","-24,000","-18,000","90,000","-70,000","-54,000","-41,000","-6,000","-64,000","-25,000","-44,000","-24,171","-9,348","-9,612","-43,401","0","-100,000","-100,000","-200,000","-200,000","-100,000","-200,000","-100,000",,,,,,,,,,,,,,,,,,,,,,,,,,,,,,,,,,,,,,,,
DilutedNIAvailtoComStockholders,"29,111,000","9,602,000","4,922,000","6,020,000","8,567,000","4,992,000","3,327,000","3,892,000","-1,172,000","-134,000","6,379,000","2,388,000","3,914,000","1,367,000","1,096,000","1,459,000","1,830,000","583,000","-138,000","1,173,000","-971,000","-2,203,000","-167,000","-1,778,000","-2,143,000","-8,041,000","-843,000","-1,752,000","-1,599,000","-2,340,000","-2,538,000","-2,706,000","-1,789,000","-1,359,000","-876,000","525,000","278,000","471,000","-1,414,000","-90,000","-491,000","232,000","109,000","77,000","861,000","300,000","-691,000","-1,158,000","-1,628,000","3,530,000","-1,483,000","-1,967,000","-1,088,000","-1,662,000","-9,460,000","-2,250,000","-2,545,000","-8,940,000","-4,291,000","-3,830,000","-4,357,000","-3,521,000","-5,675,000","-2,789,000","-3,218,000","-3,362,000","-3,425,000","-3,302,000","-2,110,000","-2,338,000","-4,384,000","-2,268,000","-3,380,000","-1,299,000","-3,520,000","-2,710,000","-1,116,000","-747,000","-10,108,000","-2,144,000","-3,909,000","-997,000","-8,436,000","-1,991,000","-4,177,000","-230,000","-1,192,620","541,535","-18,514,059","263,545","300,000","500,000","700,000","700,000","500,000","-1,300,000","1,500,000","1,700,000","1,600,000","2,100,000","2,000,000","1,700,000","1,900,000","1,800,000","1,700,000","1,500,000","2,000,000","2,100,000","1,800,000","1,600,000","4,200,000","1,700,000","1,300,000","1,100,000","900,000","600,000","600,000","400,000","-2,500,000","-1,800,000","-1,600,000","900,000",,,,"-1,400,000",,,,,,,,,,,,
BasicEPS,,"0.2","0.1","0.13","0.18","0.11","0.07","0.08","-0.03","-0.003","0.14","0.05","0.09","0.03","0.02","0.03","0.04","0.01","-0.003","0.03","-0.02","-0.05","-0.004","-0.04","-0.05","-0.2","-0.02","-0.04","-0.04","-0.06","-0.07","-0.07","-0.05","-0.04","-0.02","0.01","0.01","0.01","-0.04","0","-0.01","0.01",,"0","0.02","0.01",,"-0.03","-0.05","0.1",,"-0.06","-0.04","-0.06",,"-0.08","-0.09","-0.3",,"-0.13","-0.16","-0.14",,"-0.11","-0.13","-0.14",,"-0.13","-0.09","-0.11",,"-0.11","-0.18","-0.07",,"-0.15","-0.06","-0.04",,"-0.12","-0.23","-0.06",,"-0.12","-0.25","-0.01",,"0.04","-1.25","0.02",,"0.04","0.05","0.05",,"-0.1","0.11","0.13",,"0.16","0.15","0.13",,"0.14","0.13","0.12",,"0.16","0.13","0.12",,"0.13","0.1","0.09",,"0.05","0.04","0.03",,"-0.19","-0.17","0.36",,"-0.44","-0.44","-0.48",,"-0.24","1.92","1.84",,"-1.76","-1.6","-1.6",,"-1.6","-1.68","-1.68"
DilutedEPS,,"0.19","0.1","0.12","0.17","0.1","0.07","0.08","-0.03","-0.003","0.14","0.05","0.08","0.03","0.02","0.03","0.04","0.01","-0.003","0.03","-0.02","-0.05","-0.004","-0.044","-0.05","-0.2","-0.02","-0.04","-0.04","-0.06","-0.07","-0.07","-0.05","-0.04","-0.02","0.01","0.01","0.01","-0.04","0","-0.01","0.01",,"0","0.02","0.01",,"-0.03","-0.05","0.1",,"-0.06","-0.04","-0.06",,"-0.08","-0.09","-0.3",,"-0.13","-0.16","-0.14",,"-0.11","-0.13","-0.14",,"-0.13","-0.09","-0.11",,"-0.11","-0.18","-0.07",,"-0.15","-0.06","-0.04",,"-0.12","-0.23","-0.06",,"-0.12","-0.25","-0.01",,"0.04","-1.25","0.02",,"0.04","0.05","0.05",,"-0.1","0.11","0.12",,"0.14","0.14","0.13",,"0.13","0.12","0.11",,"0.16","0.13","0.12",,"0.13","0.1","0.09",,"0.05","0.04","0.03",,"-0.19","-0.17","0.28",,"-0.44","-0.44","-0.48",,"-0.24","1.92","1.84",,"-1.76","-1.6","-1.6",,"-1.6","-1.68","-1.68"
BasicAverageShares,,"47,755,000","47,652,000","47,483,000","47,099,000","46,617,000","46,264,000","45,903,000","45,354,000","44,953,000","44,681,000","44,563,000","44,479,000","44,235,000","44,146,000","43,054,000","41,723,000","41,410,000","41,223,000","41,110,000","40,933,000","40,749,000","40,635,000","40,486,000","40,210,000","39,983,000","39,763,000","39,727,000","39,066,000","38,481,000","38,413,000","38,369,000","38,168,000","37,794,000","37,111,000","36,750,000","36,496,000","36,427,000","36,394,000","36,292,000","36,257,000","36,071,000",,"35,539,000","35,443,000","35,188,000",,"34,831,000","34,790,000","34,750,000",,"34,701,000","30,911,000","29,641,000",,"29,490,000","29,488,000","29,488,000",,"29,374,000","28,041,000","25,652,000",,"25,293,000","25,059,000","24,857,000",,"24,797,000","24,575,000","20,675,000",,"20,550,000","18,905,000","18,407,000",,"18,281,000","17,289,000","16,962,000",,"17,182,000","17,163,000","17,159,000",,"16,966,000","16,954,000","16,953,000",,"14,837,041","14,817,365","14,752,339",,"12,500,000","14,000,000","14,000,000",,"13,000,000","13,636,364","13,076,923",,"13,125,000","13,333,333","13,076,923",,"12,857,143","13,076,923","12,500,000",,"13,125,000","13,846,154","13,333,333",,"13,076,923","13,000,000","12,222,222",,"12,000,000","15,000,000","13,333,333",,"9,473,684","9,411,765","8,876,000",,"4,214,000","4,214,000","4,214,000",,"4,214,000","4,214,000","4,214,000",,"2,708,000","2,708,000","2,708,000",,"2,347,000","2,347,000","2,347,000"
DilutedAverageShares,,"49,288,000","49,478,000","49,592,000","49,491,000","49,213,000","48,808,000","48,180,000","45,354,000","44,953,000","47,009,000","46,857,000","46,733,000","46,913,000","46,976,000","46,025,000","43,999,000","43,087,000","41,223,000","42,104,000","40,933,000","40,749,000","40,635,000","40,486,000","40,210,000","39,983,000","39,763,000","39,727,000","39,066,000","38,481,000","38,413,000","38,369,000","38,168,000","37,794,000","37,111,000","39,284,000","38,342,000","37,418,000","36,394,000","36,292,000","36,257,000","38,420,000",,"36,953,000","36,439,000","36,389,000",,"34,831,000","34,790,000","34,750,000",,"34,701,000","30,911,000","29,641,000",,"29,490,000","29,488,000","29,488,000",,"29,374,000","28,041,000","25,652,000",,"25,293,000","25,059,000","24,857,000",,"24,797,000","24,575,000","20,675,000",,"20,550,000","18,905,000","18,407,000",,"18,281,000","17,289,000","16,962,000",,"17,182,000","17,163,000","17,159,000",,"16,966,000","16,954,000","16,953,000",,"15,309,254","14,817,365","15,308,271",,"12,500,000","14,000,000","14,000,000",,"13,000,000","13,636,364","14,166,667",,"15,000,000","14,285,714","13,076,923",,"13,846,154","14,166,667","13,636,364",,"13,125,000","13,846,154","13,333,333",,"13,076,923","13,000,000","12,222,222",,"12,000,000","15,000,000","13,333,333",,"9,473,684","9,411,765","8,876,000",,"4,214,000","4,214,000","4,214,000",,"4,214,000","4,214,000","4,214,000",,"2,708,000","2,708,000","2,708,000",,"2,347,000","2,347,000","2,347,000"
TotalOperatingIncomeAsReported,"37,982,000","12,113,000","7,383,000","7,837,000","10,649,000","7,470,000","4,077,000","4,882,000","-1,055,000","-1,135,000","2,342,000","3,334,000","4,611,000","1,565,000","1,187,000","1,583,000","3,026,000","799,000","-1,260,000","1,043,000","-1,320,000","-2,095,000","1,256,000","-1,715,000","-2,142,000","-10,053,000","-63,000","-2,022,000","-1,743,000","-1,510,000","-3,741,000","-1,553,000","-1,390,000","-1,342,000","-1,251,000","173,000","694,000","1,084,000","-1,244,000","-91,000","-164,000","278,000","668,000","737,000","1,170,000","208,000","-688,000","-1,192,000","-799,000","76,000","-763,000","-1,169,000","-664,000","-1,134,000","-8,251,000","-1,426,000","-1,989,000","-8,721,000","-3,630,000","-3,616,000","-3,672,000","-3,200,000","-4,655,000","-2,694,000","-3,043,000","-3,210,000","-3,519,000","-3,328,000","-1,930,000","-2,035,000","-3,819,000","-2,090,000","-3,275,000","-973,000","-2,425,000","-2,498,000","-957,000","-645,000","-671,000","-1,698,000","-2,976,000","-1,768,000","-7,561,000","-2,864,000","-7,014,000","-346,000","-14,583,113","1,046,813","-6,984,991","339,333","-300,000","1,300,000","1,400,000","1,400,000","-300,000","1,300,000","2,800,000","2,700,000","300,000","3,300,000","2,900,000","2,400,000","2,800,000","2,800,000","2,200,000","2,000,000","1,800,000","2,200,000","1,600,000","1,500,000","1,900,000","1,500,000","1,200,000","900,000","800,000","500,000","400,000",,,,,,,,,"-1,400,000",,,,,,,,,,,,
TotalExpenses,"204,938,000","51,087,000","51,618,000","50,515,000","51,718,000","43,282,000","41,921,000","42,199,000","36,249,000","36,322,000","36,541,000","35,721,000","35,053,000","31,018,000","29,999,000","30,187,000","30,879,000","26,294,000","26,112,000","22,430,000","23,256,000","22,445,000","20,881,000","21,767,000","23,116,000","29,322,000","20,922,000","20,772,000","20,400,000","20,368,000","20,314,000","19,741,000","21,438,000","21,520,000","20,195,000","16,933,000","17,470,000","16,917,000","17,711,000","15,957,000","16,106,000","15,231,000","15,712,000","14,529,000","15,099,000","14,641,000","15,077,000","14,344,000","14,438,000","13,702,000","20,594,000","19,282,000","19,781,000","19,417,000","26,408,000","19,538,000","22,654,000","26,681,000","19,515,000","17,245,000","18,604,000","18,117,000","19,922,000","15,833,000","17,604,000","16,525,000","15,586,000","14,975,000","15,840,000","15,713,000","17,771,000","14,230,000","15,299,000","14,542,000","15,179,000","14,425,000","13,908,000","13,471,000","13,899,000","12,899,000","15,064,000","13,499,000","14,630,000","12,909,000","19,904,000","12,792,000","27,918,914","12,617,002","19,833,274","13,798,640","15,900,000","12,500,000","13,300,000","13,400,000","13,500,000","11,600,000","11,200,000","11,400,000","8,200,000","8,500,000","8,700,000","7,900,000","8,700,000","8,000,000","8,100,000","7,500,000","8,200,000","6,800,000","6,800,000","5,800,000","6,200,000","5,400,000","5,400,000","4,900,000","5,400,000","4,200,000","4,600,000",,,,,,,,,"2,200,000",,,,,,,,,,,,
NetIncomeFromContinuingAndDiscontinuedOperation,"29,111,000","9,602,000","4,922,000","6,020,000","8,567,000","4,992,000","3,327,000","3,892,000","-1,172,000","-134,000","6,379,000","2,388,000","3,914,000","1,367,000","1,096,000","1,459,000","1,830,000","583,000","-138,000","1,173,000","-971,000","-2,203,000","-167,000","-1,778,000","-2,143,000","-8,041,000","-843,000","-1,752,000","-1,599,000","-2,340,000","-2,538,000","-2,706,000","-1,789,000","-1,359,000","-876,000","525,000","278,000","471,000","-1,414,000","-90,000","-491,000","232,000","109,000","77,000","861,000","300,000","-691,000","-1,158,000","-1,628,000","3,530,000","-1,483,000","-1,967,000","-1,088,000","-1,662,000","-9,460,000","-2,250,000","-2,545,000","-8,940,000","-4,291,000","-3,830,000","-4,357,000","-3,521,000","-5,675,000","-2,789,000","-3,218,000","-3,362,000","-3,425,000","-3,302,000","-2,110,000","-2,338,000","-4,384,000","-2,268,000","-3,380,000","-1,299,000","-3,520,000","-2,710,000","-1,116,000","-747,000","-10,108,000","-2,144,000","-3,909,000","-997,000","-8,436,000","-1,991,000","-4,177,000","-230,000","-1,192,620","541,535","-18,514,059","263,545","300,000","500,000","700,000","700,000","500,000","400,000","1,500,000","1,700,000","1,600,000","2,100,000","2,000,000","1,700,000","1,900,000","1,800,000","1,700,000","1,500,000","2,000,000","2,100,000","1,800,000","1,600,000","4,200,000","1,700,000","1,300,000","1,100,000","900,000","600,000","600,000","400,000","-2,500,000","-1,800,000","-1,600,000","900,000",,,,"-1,400,000",,,,,,,,,,,,
NormalizedIncome,"31,163,535.527","10,364,195","5,574,126.183","6,517,857.918","8,671,738.871","6,031,366.565","2,996,659.574","3,553,502.323","-1,455,240","207,640","6,157,080","2,831,008.895","3,905,466.006","1,549,659.483","1,338,536.882","1,416,967.867","2,191,138.52","633,781.674","-186,600","843,788.875","-1,199,000","-2,151,400","-71,000","-1,760,600","-1,750,964.82","-8,422,832.867","-688,800","-1,771,875.213","-1,707,000","-1,458,547.297","-2,408,675.159","-2,297,800","-1,701,900","-1,401,900","-940,362.595","378,100","227,950","675,600","-1,618,100","-270,700","-530,000","49,350","182,450","284,350","661,610.526","-47,750","-655,693.431","-1,505,750","-956,532.868","-630,150","-1,462,200","-1,924,750","-1,250,500","-1,751,700","-11,738,250","-1,983,500","-2,544,350","-6,575,300","-4,206,500","-3,782,422.36","-4,067,750","-3,532,050","-5,841,200","-2,796,800","-3,221,600","-3,351,800","-3,476,000","-3,307,400","-2,179,000","-2,461,000","-4,182,400","-2,392,200","-3,396,800","-1,419,000","-3,101,800","-2,655,400","-1,273,800","-742,800","-10,042,600","-2,090,000","-2,968,800","-1,043,200","-5,292,000","-400,881.052","-4,171,600","-250,400","-10,037,992.636","542,706.626","-5,083,435.723","284,407.023","-100,000","560,000","700,000","636,363.636","20,000","580,000","1,375,000","1,632,000","1,600,000","2,167,741.935","1,931,034.483","1,700,000","1,832,142.857","1,733,333.333","1,558,333.333","1,369,565.217","1,940,000","2,100,000","1,515,789.474","1,505,882.353","4,200,000","1,416,666.667","1,240,000","920,000","780,000","540,000","480,000","400,000","-2,500,000","-1,800,000","-1,600,000","900,000",,,,"-1,400,000",,,,,,,,,,,,
InterestIncome,,,,,,,"1,000","1,000",,,,,,,,,,,,,,,"2,000","0","0",,"0","1,000","49,000","0","25,000","7,000","10,000","9,000","36,000","9,000","8,000","35,000","45,000","7,000","7,000","0","8,000","7,000","5,000","13,000","21,000","7,000","13,000","1,000","24,000","28,000","5,000","3,000",,,,,,,,,,,,,,,,,,,,,,,,,,,,,,,,,,,,,,,,,,,,,,,,,,,,,,,,,,,,,,,,,,,,,,,,,,,,,,,,,,,,
InterestExpense,,,,,,,,,,,,,,,,,,,,,,,"29,000","29,000","29,000","28,000","31,000","29,000","33,000","36,000","52,000","35,000","34,000","33,000","36,000","38,000","41,000","83,000","64,000","65,000","67,000","95,000","83,000","134,000","153,000","153,000","113,000","152,000","224,000","406,000","146,000","551,000","399,000","233,000",,,,,,,,,,,,,,,,,,,,,,,,,,,,,,,,,,,,,,,,,,,,,,,,,,,,,,,,,,,,,,,,,,,,,,,,,,,,,,,,,,,,
NetInterestIncome,"-37,000","-6,000","-3,000","-23,000","-5,000","-7,000","1,000","1,000","20,000","216,000","192,000","266,000","259,000","271,000","230,000","-29,000","-24,000","-12,000","-24,000","-27,000","-32,000","-28,000","-27,000","-29,000","-29,000","-28,000","-31,000","-28,000","16,000","-36,000","-27,000","-28,000","-24,000","-24,000","0","-29,000","-33,000","-48,000","-19,000","-58,000","-60,000","-95,000","-75,000","-127,000","-148,000","-140,000","-92,000","-145,000","-211,000","-405,000","-122,000","-523,000","-394,000","-230,000",,,,,,,,,,,,,,,,,,,,,,,,,,,,,,,,,,,,,,,,,,,,,,,,,,,,,,,,,,,,,,,,,,,,,,,,,,,,,,,,,,,,
EBIT,"37,982,000","12,113,000","7,383,000","7,837,000","10,649,000","7,470,000","4,077,000","4,882,000","-1,055,000","-1,135,000","2,342,000","3,334,000","4,611,000","1,565,000","1,187,000","1,583,000","3,026,000","799,000","-1,260,000","1,043,000","-1,320,000","-2,095,000","1,211,000","-1,678,000","-2,245,000","-9,617,000","2,000","-1,734,000","-1,413,000","-2,332,000","-3,873,000","-2,123,000","-1,388,000","-1,107,000","-1,012,000","538,000","918,000","868,000","-885,000","194,000","-97,000","559,000","563,000","425,000","1,483,000","756,000","-709,000","-650,000","-1,495,000","68,000","-771,000","-1,206,000","-409,000","-993,000","-8,635,000","-1,426,000","-1,989,000","-8,721,000","-3,630,000","-3,616,000","-3,672,000","-3,200,000","-4,655,000","-2,694,000","-3,043,000","-3,210,000","-3,519,000","-3,328,000","-1,930,000","-2,035,000","-3,819,000","-2,090,000","-3,275,000","-973,000","-2,425,000","-2,498,000","-957,000","-692,000","-671,000","-1,698,000","-2,976,000","-1,768,000","-2,439,000","-755,000","-7,014,000","209,000","-14,583,113","1,046,813","-6,984,991","339,333","-300,000","1,300,000","1,400,000","1,400,000","-300,000","1,300,000","2,800,000","2,700,000","300,000","3,300,000","2,900,000","2,400,000","2,800,000","2,800,000","2,200,000","2,000,000","1,800,000","2,200,000","1,600,000","1,500,000","1,900,000","1,500,000","1,200,000","900,000","800,000","500,000","400,000","4,300,000","-11,300,000","2,400,000","2,300,000","2,000,000","-13,700,000","800,000","900,000","-1,400,000","-18,100,000","1,500,000","6,300,000","6,200,000","-6,900,000","1,100,000","1,100,000","1,100,000","-7,800,000","1,700,000","1,700,000","1,700,000"
EBITDA,"41,752,000"
ReconciledCostOfRevenue,"54,161,000","13,936,000","14,010,000","13,051,000","13,164,000","11,610,000","11,697,000","12,210,000","10,764,000","10,427,000","10,059,000","10,004,000","9,765,000","8,403,000","8,194,000","7,910,000","8,678,000","7,662,000","7,472,000","6,624,000","6,462,000","5,773,000","6,259,000","5,180,000","6,348,000","6,276,000","6,194,000","5,951,000","6,296,000","5,959,000","7,169,000","6,319,000","6,381,000","6,294,000","5,967,000","5,047,000","5,544,000","5,347,000","5,298,000","4,690,000","4,897,000","4,607,000","4,951,000","4,816,000","5,408,000","5,220,000","5,081,000","4,892,000","4,960,000","4,949,000","8,777,000","8,278,000","8,453,000","7,944,000","7,797,000","7,654,000","9,131,000","10,205,000","7,921,000","6,859,000","7,695,000","7,622,000","8,674,000","6,738,000","7,521,000","6,916,000","6,539,000","6,450,000","7,300,000","7,228,000","7,373,000","6,043,000","5,874,000","6,252,000","5,539,000","5,340,000","5,895,000","5,847,000","6,435,000","5,581,000","6,064,000","6,019,000","6,532,000","5,466,000","11,025,000","4,334,000","4,728,566","4,370,357","9,244,554","4,255,406","5,100,000","4,200,000","4,700,000","4,700,000","5,000,000","3,400,000","2,700,000","3,000,000","1,300,000","1,900,000","1,800,000","1,900,000","2,300,000","2,000,000","2,000,000","1,600,000","2,000,000","1,800,000","1,700,000","1,400,000","1,200,000","1,400,000","1,200,000","1,000,000","600,000","800,000","800,000",,,,,,,,,"400,000",,,,,,,,,,,,
ReconciledDepreciation,"3,770,000","1,002,000","945,000","926,000","897,000","874,000","793,000","767,000","760,000","775,000","820,000","879,000","770,000","1,230,000","646,000","633,000","627,000","558,000","844,000","852,000","848,000","810,000","788,000","756,000","703,000","645,000","684,000","618,000","550,000","549,000","623,000","643,000","635,000","559,000","492,000","594,000","579,000","486,000","447,000","537,000","485,000","492,000","781,000","493,000","488,000","504,000","608,000","578,000","578,000","642,000","1,361,000","836,000","774,000","772,000","780,000","984,000","765,000","1,111,000","667,000","627,000","628,000","586,000","620,000","553,000","589,000","610,000","605,000","618,000","625,000","624,000","649,000","670,000","675,000","699,000","710,000","740,000","723,000","729,000","809,000","640,000","907,000","748,000","1,035,000","865,000","878,000","845,000","636,224","983,417","885,869","1,224,614","1,600,000","800,000","800,000","1,000,000","800,000","1,200,000","1,100,000","1,300,000","1,100,000","900,000","900,000","600,000","500,000","600,000","500,000","700,000","400,000","400,000","300,000","400,000","500,000","200,000","300,000","300,000","200,000","200,000","300,000",,,,,,,,,"100,000",,,,,,,,,,,,
NetIncomeFromContinuingOperationNetMinorityInterest,"29,111,000","9,602,000","4,922,000","6,020,000","8,567,000","4,992,000","3,327,000","3,892,000","-1,172,000","-134,000","6,379,000","2,388,000","3,914,000","1,367,000","1,096,000","1,459,000","1,830,000","583,000","-138,000","1,173,000","-971,000","-2,203,000","-167,000","-1,778,000","-2,143,000","-8,041,000","-843,000","-1,752,000","-1,599,000","-2,340,000","-2,538,000","-2,706,000","-1,789,000","-1,359,000","-876,000","525,000","278,000","471,000","-1,414,000","-90,000","-491,000","232,000","109,000","77,000","861,000","300,000","-691,000","-1,158,000","-1,628,000","-636,000","-1,483,000","-1,967,000","-1,088,000","-1,662,000","-9,460,000","-2,250,000","-2,545,000","-8,940,000","-4,291,000","-3,830,000","-4,357,000","-3,521,000","-5,675,000","-2,789,000","-3,218,000","-3,362,000","-3,425,000","-3,302,000","-2,110,000","-2,338,000","-4,384,000","-2,268,000","-3,380,000","-1,299,000","-3,520,000","-2,710,000","-1,116,000","-747,000","-10,108,000","-2,144,000","-3,909,000","-997,000","-8,436,000","-1,991,000","-4,177,000","-230,000","-1,192,620","541,535","-11,965,974","263,545","300,000","500,000","700,000","700,000","500,000","400,000","1,500,000","1,700,000","1,600,000","2,100,000","2,000,000","1,700,000","1,900,000","1,800,000","1,700,000","1,500,000","2,000,000","2,100,000","1,800,000","1,600,000","4,200,000","1,700,000","1,300,000","1,100,000","900,000","600,000","600,000","400,000","-2,500,000","-1,800,000","-1,600,000","900,000",,,,"-1,400,000",,,,,,,,,,,,
TotalUnusualItemsExcludingGoodwill,"-2,580,000","-915,000","-924,000","-610,000","-131,000","-1,299,000","476,000","468,000","388,000","-468,000","304,000","-584,000","11,000","-248,000","-291,000","52,000","-520,000","-77,000","81,000","444,000","380,000","-86,000","-160,000","-29,000","-416,000","458,000","-257,000","20,000","180,000","-892,000","-200,000","-628,000","-134,000","66,000","77,000","226,000","77,000","-341,000","314,000","278,000","60,000","281,000","-113,000","-319,000","308,000","535,000","-42,000","535,000","-709,000","-9,000","-32,000","-65,000","250,000","138,000","3,505,000","-410,000","-1,000","-3,638,000","-130,000","-50,000","-445,000","17,000","277,000","13,000","6,000","-17,000","85,000","9,000","115,000","205,000","-336,000","207,000","28,000","200,000","-697,000","-91,000","263,000","-7,000","-109,000","-90,000","-1,567,000","77,000","-5,240,000","-2,491,000","-9,000","34,000","12,573,361","-1,548","-9,983,840","-33,379","400,000","-100,000",,"100,000","800,000","-300,000","200,000","100,000",,"-100,000","100,000",,"100,000","100,000","200,000","200,000","100,000",,"300,000","100,000","0","300,000","100,000","300,000","200,000","100,000","200,000",,,,,,,,,,,,,,,,,,,,,
TotalUnusualItems,"-2,580,000","-915,000","-924,000","-610,000","-131,000","-1,299,000","476,000","468,000","388,000","-468,000","304,000","-584,000","11,000","-248,000","-291,000","52,000","-520,000","-77,000","81,000","444,000","380,000","-86,000","-160,000","-29,000","-416,000","458,000","-257,000","20,000","180,000","-892,000","-200,000","-628,000","-134,000","66,000","77,000","226,000","77,000","-341,000","314,000","278,000","60,000","281,000","-113,000","-319,000","308,000","535,000","-42,000","535,000","-709,000","-9,000","-32,000","-65,000","250,000","138,000","3,505,000","-410,000","-1,000","-3,638,000","-130,000","-50,000","-445,000","17,000","277,000","13,000","6,000","-17,000","85,000","9,000","115,000","205,000","-336,000","207,000","28,000","200,000","-697,000","-91,000","263,000","-7,000","-109,000","-90,000","-1,567,000","77,000","-5,240,000","-2,491,000","-9,000","34,000","12,573,361","-1,548","-9,983,840","-33,379","400,000","-100,000",,"100,000","800,000","-300,000","200,000","100,000",,"-100,000","100,000",,"100,000","100,000","200,000","200,000","100,000",,"300,000","100,000","0","300,000","100,000","300,000","200,000","100,000","200,000",,,,,,,,,,,,,,,,,,,,,
NormalizedEBITDA,"44,332,000","14,030,000","9,252,000","9,373,000","11,677,000","9,643,000","4,394,000","5,181,000","-683,000","108,000","2,858,000","4,797,000","5,370,000","3,043,000","2,124,000","2,164,000","4,173,000","1,434,000","-497,000","1,451,000","-852,000","-1,199,000","2,159,000","-893,000","-1,126,000","-9,430,000","943,000","-1,136,000","-1,043,000","-891,000","-3,050,000","-852,000","-619,000","-614,000","-597,000","906,000","1,420,000","1,695,000","-752,000","453,000","328,000","770,000","1,457,000","1,237,000","1,663,000","725,000","-59,000","-607,000","-208,000","719,000","622,000","-305,000","115,000","-359,000","-11,360,000","-32,000","-1,223,000","-3,972,000","-2,833,000","-2,939,000","-2,599,000","-2,631,000","-4,312,000","-2,154,000","-2,460,000","-2,583,000","-2,999,000","-2,719,000","-1,420,000","-1,616,000","-2,834,000","-1,627,000","-2,628,000","-474,000","-1,018,000","-1,667,000","-497,000","44,000","247,000","-968,000","-502,000","-1,097,000","3,836,000","2,601,000","-6,127,000","1,020,000","-26,520,250","2,031,778","3,884,718","1,597,326","900,000","2,200,000","2,200,000","2,300,000","-300,000","2,800,000","3,700,000","3,900,000","1,400,000","4,300,000","3,700,000","3,000,000","3,200,000","3,300,000","2,600,000","2,500,000","2,100,000","2,600,000","1,600,000","1,800,000","2,400,000","1,400,000","1,400,000","900,000","800,000","600,000","500,000","4,300,000","-11,300,000","2,400,000","2,300,000","2,000,000","-13,700,000","800,000","900,000","-1,300,000","-18,100,000","1,500,000","6,300,000","6,200,000","-6,900,000","1,100,000","1,100,000","1,100,000","-7,800,000","1,700,000","1,700,000","1,700,000"
TaxRateForCalcs,"0.204","0.167","0.294","0.184","0.2","0.2","0.306","0.277","0.27","0.27","0.27","0.241","0.224","0.263","0.167","0.192","0.306","0.34","0.4","0.259","0.4","0.4","0.4","0.4","0.058","0.166","0.4","0.006","0.4","0.012","0.353","0.35","0.35","0.35","0.164","0.35","0.35","0.4","0.35","0.35","0.35","0.35","0.35","0.35","0.353","0.35","0.159","0.35","0.053","0.35","0.35","0.35","0.35","0.35","0.35","0.35","0.35","0.35","0.35","0.048","0.35","0.35","0.4","0.4","0.4","0.4","0.4","0.4","0.4","0.4","0.4","0.4","0.4","0.4","0.4","0.4","0.4","0.4","0.4","0.4","0.4","0.4","0.4","0.362","0.4","0.4","0.296","0.243","0.311","0.375","0","0.4","0.364","0.364","0.4","0.4","0.375","0.32","0.4","0.323","0.31","0.32","0.321","0.333","0.292","0.348","0.4","0.045","0.053","0.059","0.4","0.056","0.4","0.4","0.4","0.4","0.4","0.4","0.4","0.4","0.4","0.4",,,,"0.4",,,,,,,,,,,,
TaxEffectOfUnusualItems,"-527,464.473","-152,805","-271,873.817","-112,142.082","-26,261.129","-259,633.435","145,659.574","129,502.323","104,760","-126,360","82,080","-140,991.105","2,466.006","-65,340.517","-48,463.118","9,967.867","-158,861.48","-26,218.326","32,400","114,788.875","152,000","-34,400","-64,000","-11,600","-23,964.82","76,167.133","-102,800","124.787","72,000","-10,547.297","-70,675.159","-219,800","-46,900","23,100","12,637.405","79,100","26,950","-136,400","109,900","97,300","21,000","98,350","-39,550","-111,650","108,610.526","187,250","-6,693.431","187,250","-37,532.868","-3,150","-11,200","-22,750","87,500","48,300","1,226,750","-143,500","-350","-1,273,300","-45,500","-2,422.36","-155,750","5,950","110,800","5,200","2,400","-6,800","34,000","3,600","46,000","82,000","-134,400","82,800","11,200","80,000","-278,800","-36,400","105,200","-2,800","-43,600","-36,000","-626,800","30,800","-2,096,000","-900,881.052","-3,600","13,600","3,727,988.364","-376.374","-3,101,301.723","-12,516.977","0","-40,000","0","36,363.636","320,000","-120,000","75,000","32,000","0","-32,258.065","31,034.483","0","32,142.857","33,333.333","58,333.333","69,565.217","40,000","0","15,789.474","5,882.353","0","16,666.667","40,000","120,000","80,000","40,000","80,000","0","0","0","0","0",,,,"0",,,,,,,,,,,,