name,ttm,03/31/2022,12/31/2021,09/30/2021,06/30/2021,03/31/2021,12/31/2020,09/30/2020,06/30/2020,03/31/2020,12/31/2019,09/30/2019,06/30/2019,03/31/2019,12/31/2018,09/30/2018,06/30/2018,03/31/2018,12/31/2017,09/30/2017,06/30/2017,03/31/2017,12/31/2016,09/30/2016,06/30/2016,03/31/2016,12/31/2015,09/30/2015,06/30/2015,03/31/2015,12/31/2014,09/30/2014,06/30/2014,03/31/2014,12/31/2013,09/30/2013,06/30/2013,03/31/2013,12/31/2012,09/30/2012,06/30/2012,03/31/2012,12/31/2011,09/30/2011,06/30/2011,03/31/2011
TotalRevenue,"19,527,000,000","5,402,000,000","4,954,000,000","4,779,000,000","4,392,000,000","3,471,000,000","2,553,000,000","2,805,000,000","2,080,000,000","3,272,000,000","4,098,000,000","4,331,000,000","4,475,000,000","3,692,000,000","3,877,000,000","4,761,000,000","4,607,000,000","3,749,000,000","4,393,000,000","2,555,000,000","2,400,000,000","4,394,000,000","4,306,203,000","4,137,317,000","4,052,167,000","3,202,313,000","3,674,624,000","4,487,317,000","4,205,985,000","1,129,728,000","1,341,622,000",,"1,376,025,000","1,216,587,000","1,129,599,000","1,163,716,000","1,118,105,000","1,081,159,000","1,008,560,000","1,109,616,000","1,086,511,000","1,072,653,000","965,439,000","991,863,000","1,011,345,000","851,730,000"
	OperatingRevenue,"19,527,000,000","5,402,000,000","4,954,000,000","4,779,000,000","4,392,000,000","3,471,000,000","2,553,000,000","2,805,000,000","2,080,000,000","3,272,000,000","4,098,000,000","4,331,000,000","4,475,000,000","3,692,000,000","3,823,000,000","4,697,000,000","4,541,000,000","3,708,000,000","4,346,000,000","2,516,000,000","2,366,000,000","4,343,000,000","4,256,943,000","4,084,668,000","3,990,453,000","3,164,936,000","3,650,859,000","4,466,990,000","4,198,193,000","1,122,989,000","1,337,524,000",,"1,374,467,000","1,214,579,000","1,127,725,000","1,162,485,000","1,116,898,000","1,079,860,000","1,001,046,000","1,109,616,000","1,086,511,000","1,072,653,000","965,439,000","991,863,000","1,011,345,000","851,730,000"
CostOfRevenue,"18,275,000,000","5,019,000,000","4,657,000,000","4,517,000,000","4,082,000,000","3,167,000,000","2,318,000,000","2,547,000,000","1,769,000,000","3,209,000,000","3,859,000,000","4,084,000,000","4,253,000,000","3,367,000,000","3,744,000,000","4,470,000,000","4,338,000,000","3,502,000,000","3,967,000,000","2,328,000,000","2,268,000,000","3,978,000,000","3,828,482,000","3,637,558,000","3,550,324,000","2,781,636,000","3,398,299,000","4,151,771,000","4,002,442,000","1,060,245,000","1,260,940,000",,"1,357,155,000","1,197,793,000","1,112,147,000","1,147,745,000","1,102,986,000","1,067,424,000","1,000,980,000","1,096,787,000","1,072,331,000","1,062,770,000","954,975,000","980,327,000","999,156,000","842,895,000"
GrossProfit,"1,252,000,000","383,000,000","297,000,000","262,000,000","310,000,000","304,000,000","235,000,000","258,000,000","311,000,000","63,000,000","239,000,000","247,000,000","222,000,000","325,000,000","133,000,000","291,000,000","269,000,000","247,000,000","426,000,000","227,000,000","132,000,000","416,000,000","477,721,000","499,759,000","501,843,000","420,677,000","276,325,000","335,546,000","203,543,000","69,483,000","80,682,000",,"18,870,000","18,794,000","17,452,000","15,971,000","15,119,000","13,735,000","7,580,000","12,829,000","14,180,000","9,883,000","10,464,000","11,536,000","12,189,000","8,835,000"
OperatingExpense,"462,000,000","124,000,000","123,000,000","113,000,000","102,000,000","100,000,000","96,000,000","112,000,000","97,000,000","143,000,000","119,000,000","134,000,000","123,000,000","125,000,000","149,000,000","140,000,000","139,000,000","148,000,000","312,000,000","92,000,000","98,000,000","361,000,000","368,791,000","395,406,000","376,150,000","327,653,000","230,760,000","249,961,000","87,780,000","42,804,000","38,369,000",,"7,417,000","7,153,000","6,568,000","5,196,000","4,517,000","4,734,000","-1,844,000","7,165,000","6,154,000","7,038,000","7,102,000","6,464,000","5,190,000","5,737,000"
	SellingGeneralAndAdministration,"172,000,000","43,000,000","45,000,000","43,000,000","41,000,000","39,000,000","40,000,000","44,000,000","41,000,000","48,000,000","51,000,000","55,000,000","50,000,000","41,000,000","56,000,000","54,000,000","53,000,000","50,000,000","81,000,000","43,000,000","52,000,000","98,000,000","101,985,000","119,005,000","109,362,000","78,648,000","58,366,000","66,338,000","39,021,000","26,195,000","15,341,000",,"5,656,000","5,119,000","5,186,000","4,590,000","3,949,000","4,103,000","3,446,000","4,113,000","4,261,000","3,719,000","3,911,000","3,669,000","3,896,000","3,405,000"
		GeneralAndAdministrativeExpense,"172,000,000","43,000,000","45,000,000","43,000,000","41,000,000","39,000,000","40,000,000","44,000,000","41,000,000","48,000,000","51,000,000","55,000,000","50,000,000","41,000,000","56,000,000","54,000,000","53,000,000","50,000,000","81,000,000","43,000,000","52,000,000","98,000,000","101,985,000","119,005,000","109,362,000","78,648,000","58,366,000","66,338,000","39,021,000","26,195,000","15,341,000",,"5,656,000","5,119,000","5,186,000","4,590,000","3,949,000","4,103,000","3,446,000","4,113,000","4,261,000","3,719,000","3,911,000","3,669,000","3,896,000","3,405,000"
			SalariesAndWages,,,,,,,,,,,,,,,,,,,,,,,,,,,,,,"11,211,000",,,,,,,,,,,,,,,,
			RentAndLandingFees,"60,000,000","16,000,000","15,000,000","15,000,000","14,000,000","15,000,000","15,000,000","16,000,000","16,000,000","14,000,000","16,000,000","15,000,000","16,000,000","14,000,000","18,000,000","20,000,000","19,000,000","15,000,000","43,000,000","13,000,000","12,000,000","34,000,000","34,673,000","36,231,000","35,639,000","33,457,000","22,852,000","23,586,000","11,375,000","4,111,000","2,204,000",,"284,000","249,000","249,000","261,000","300,000","204,000","269,000","1,078,000","1,110,000","1,070,000","1,051,000","1,096,000","1,085,000","1,090,000"
			OtherGandA,"112,000,000","27,000,000","30,000,000","28,000,000","27,000,000","24,000,000","25,000,000","28,000,000","25,000,000","34,000,000","35,000,000","40,000,000","34,000,000","27,000,000","38,000,000","34,000,000","34,000,000","35,000,000","38,000,000","30,000,000","40,000,000","64,000,000","67,312,000","82,774,000","73,723,000","45,191,000","35,514,000","42,752,000","27,646,000","10,873,000","13,137,000",,"5,372,000","4,870,000","4,937,000","4,329,000","3,649,000","3,899,000","3,177,000","3,035,000","3,151,000","2,649,000","2,860,000","2,573,000","2,811,000","2,315,000"
	DepreciationAmortizationDepletionIncomeStatement,,,,,,,,,,"45,000,000","46,000,000","45,000,000","47,000,000","45,000,000","50,000,000","42,000,000","41,000,000","49,000,000","82,000,000","24,000,000","33,000,000","87,000,000","84,582,000","77,628,000","78,724,000","78,066,000","56,891,000","45,601,000","33,230,000","17,566,000","12,502,000",,"3,333,000","3,326,000","2,597,000","2,432,000","1,837,000","1,821,000","1,238,000","2,016,000","1,893,000","1,884,000","2,127,000","1,480,000","1,294,000","1,189,000"
		DepreciationAndAmortizationInIncomeStatement,,,,,,,,,,"45,000,000","46,000,000","45,000,000","47,000,000","45,000,000","50,000,000","42,000,000","41,000,000","49,000,000","82,000,000","24,000,000","33,000,000","87,000,000","84,582,000","77,628,000","78,724,000","78,066,000","56,891,000","45,601,000","33,230,000","17,566,000","12,502,000",,"3,333,000","3,326,000","2,597,000","2,432,000","1,837,000","1,821,000","1,238,000",,,,,,,
	OtherOperatingExpenses,"290,000,000","81,000,000","78,000,000","70,000,000","61,000,000","61,000,000","56,000,000","68,000,000","56,000,000","95,000,000","68,000,000","79,000,000","73,000,000","84,000,000","93,000,000","86,000,000","86,000,000","98,000,000","231,000,000","49,000,000","46,000,000","263,000,000","266,806,000","276,401,000","266,788,000","249,005,000","172,394,000","183,623,000","48,759,000","16,609,000","23,028,000",,"1,761,000","2,034,000","1,382,000","606,000","568,000","631,000","503,000","1,036,000",,"1,435,000","1,064,000","1,315,000",,"1,143,000"
OperatingIncome,"790,000,000","259,000,000","174,000,000","149,000,000","208,000,000","204,000,000","139,000,000","146,000,000","214,000,000","-80,000,000","120,000,000","113,000,000","99,000,000","200,000,000","-16,000,000","151,000,000","130,000,000","99,000,000","114,000,000","135,000,000","34,000,000","55,000,000","108,930,000","104,353,000","125,693,000","93,024,000","45,565,000","85,585,000","115,763,000","26,679,000","42,313,000",,"11,453,000","11,641,000","10,884,000","10,775,000","10,602,000","9,001,000","9,424,000","5,664,000","8,026,000","2,845,000","3,362,000","5,072,000","6,999,000","3,098,000"
NetNonOperatingInterestIncomeExpense,"-163,000,000","-41,000,000","-39,000,000","-40,000,000","-43,000,000","-41,000,000","-44,000,000","-43,000,000","-44,000,000","-44,000,000","-43,000,000","-45,000,000","-43,000,000","-42,000,000","-39,000,000","-35,000,000","-36,000,000","-34,000,000","-47,000,000","-51,000,000","-54,000,000","-64,000,000","-56,435,000","-54,289,000","-50,587,000","-27,689,000","-29,883,000","-28,517,000","-20,322,000","-8,197,000","-6,636,000",,"-1,774,000","-1,502,000","-1,101,000","-921,000","-766,000","-683,000","-522,000","-107,000","-93,000","-87,000","-78,000","-87,000","-82,000","-77,000"
	InterestIncomeNonOperating,,,"0","0","0","0","0","0","1,000,000","1,000,000","1,000,000","1,000,000","0","1,000,000","-1,000,000","1,000,000","1,000,000","2,000,000","1,000,000","0","7,000,000","1,000,000","3,052,000","3,094,000","3,015,000","839,000","664,000","490,000","119,000","69,000",,,"23,000","23,000","32,000","48,000","77,000","108,000","165,000","29,000","19,000","20,000","21,000","20,000","21,000","26,000"
	InterestExpenseNonOperating,"156,000,000","41,000,000","38,000,000","38,000,000","40,000,000","40,000,000","42,000,000","41,000,000","43,000,000","43,000,000","42,000,000","43,000,000","41,000,000","42,000,000","36,000,000","35,000,000","36,000,000","34,000,000","45,000,000","47,000,000","57,000,000","61,000,000","56,095,000","53,775,000","50,834,000","27,288,000","29,323,000","27,918,000","19,620,000","7,885,000","6,636,000",,"1,667,000","1,429,000","1,038,000","874,000","748,000","696,000","585,000","136,000","112,000","107,000","99,000","107,000","103,000","103,000"
	TotalOtherFinanceCost,,,"1,000,000","2,000,000","3,000,000","1,000,000","2,000,000","2,000,000","2,000,000","2,000,000","2,000,000","3,000,000","2,000,000","1,000,000","2,000,000","1,000,000","1,000,000","2,000,000","3,000,000","4,000,000","4,000,000","4,000,000","3,392,000","3,608,000","2,768,000","1,240,000","1,224,000","1,089,000","821,000","381,000","6,636,000",,"130,000","96,000","95,000","95,000","95,000","95,000","516,000",,,,,,,
OtherIncomeExpense,"-11,000,000","1,000,000","-26,000,000","5,000,000","9,000,000","-6,000,000","-4,000,000","2,000,000","-5,000,000","-1,000,000","-20,000,000","4,000,000","4,000,000","-51,000,000","-22,000,000","8,000,000","-2,000,000","-112,000,000",,"4,000,000","-3,000,000","-7,000,000","-677,082,000","-203,000","-1,501,000","-1,214,000","-519,000","-696,000","30,000","266,000","-2,670,000",,"36,000",,"-118,000","-112,000","-72,000","-22,000","-106,000","-200,000","-2,130,000","-111,000","-8,000","-70,000","-1,400,000","-91,000"
	EarningsFromEquityInterest,"4,000,000","1,000,000","1,000,000","1,000,000","1,000,000","1,000,000","2,000,000","1,000,000","1,000,000","1,000,000","2,000,000",,,,,,,,,,,,,,,,,,,,,,,,,,,,,,,,,,,
	SpecialIncomeCharges,"-15,000,000","0","-27,000,000","4,000,000","8,000,000","-7,000,000","-8,000,000","1,000,000","-6,000,000","-2,000,000","-25,000,000","4,000,000","4,000,000","-51,000,000","-22,000,000","8,000,000","-2,000,000","-112,000,000","-114,000,000","4,000,000","-3,000,000","-7,000,000","-677,082,000","-203,000","-1,501,000","-1,214,000","-519,000","-696,000","30,000","266,000","-2,670,000",,"36,000","0","-118,000","-112,000","-72,000","-22,000","-106,000","-200,000","-2,130,000","-111,000","-8,000","-70,000","-1,400,000","-91,000"
		OtherSpecialCharges,,,"29,000,000",,,"7,000,000","13,000,000",,,,,,"-6,000,000","3,000,000","0",,,"109,000,000",,,,,,,,,,,,,,,,,,,,,,,,,,,,
		GainOnSaleOfPPE,,,"2,000,000","4,000,000","8,000,000","0","5,000,000","1,000,000","-6,000,000","-2,000,000","-22,000,000","4,000,000","-2,000,000","-48,000,000","-22,000,000","8,000,000","-2,000,000","-3,000,000","-114,000,000","4,000,000","-3,000,000","-7,000,000","-677,082,000","-203,000","-1,501,000","-1,214,000","-519,000","-696,000","30,000","266,000","-2,670,000",,"36,000","0","-118,000","-112,000","-72,000","-22,000","-112,000",,,,,,,
	OtherNonOperatingIncomeExpenses,,,,,,,"2,000,000",,,,,,,,,,,,,,,,,,,,,,,,,,,,,,,,,,,,,,,
PretaxIncome,"616,000,000","219,000,000","109,000,000","114,000,000","174,000,000","157,000,000","91,000,000","105,000,000","165,000,000","-125,000,000","57,000,000","72,000,000","60,000,000","107,000,000","-77,000,000","124,000,000","92,000,000","-47,000,000","-47,000,000","88,000,000","-23,000,000","-16,000,000","-624,587,000","49,861,000","73,605,000","64,121,000","15,163,000","56,372,000","95,471,000","18,748,000","33,007,000",,"9,715,000","10,139,000","9,665,000","9,742,000","9,764,000","8,296,000","8,796,000","5,357,000","5,803,000","2,647,000","3,276,000","4,915,000","5,517,000","2,930,000"
TaxProvision,"30,000,000","3,000,000","9,000,000","10,000,000","8,000,000","3,000,000","8,000,000","5,000,000","8,000,000","3,000,000","-26,000,000","6,000,000","5,000,000","-2,000,000","-5,000,000","10,000,000","-2,000,000","31,000,000","-192,000,000","-44,000,000","-57,000,000","-17,000,000","-39,890,000","5,310,000","1,468,000","2,112,000","3,413,000","28,972,000","-480,000","-830,000","-2,114,000",,"120,000","7,000","-738,000","145,000","84,000","69,000","220,000","1,739,000","2,101,000","972,000","1,202,000","1,778,000","1,991,000","1,069,000"
NetIncomeCommonStockholders,"508,000,000","196,000,000","22,000,000","104,000,000","147,000,000","134,000,000","141,000,000","81,000,000","138,000,000","-148,000,000","83,000,000","66,000,000","55,000,000","109,000,000","-72,000,000","112,000,000","68,000,000","-315,000,000","232,000,000","138,000,000","-222,000,000","-22,000,000","-521,626,000","23,249,000","72,137,000","62,009,000","44,183,000","18,754,000","31,194,000","15,313,000","30,111,000",,"9,531,000","10,132,000","9,523,000","9,597,000","9,680,000","8,227,000","156,000","3,618,000","3,702,000","1,675,000","2,074,000","3,137,000","3,526,000","1,861,000"
	NetIncome,"508,000,000","196,000,000","22,000,000","104,000,000","147,000,000","134,000,000","141,000,000","81,000,000","138,000,000","-148,000,000","83,000,000","66,000,000","55,000,000","109,000,000","-72,000,000","112,000,000","68,000,000","-315,000,000","232,000,000","138,000,000","-222,000,000","-22,000,000","-521,626,000","23,249,000","72,137,000","62,009,000","21,978,000","30,752,000","31,194,000","15,313,000","30,111,000",,"9,531,000","10,132,000","9,523,000","9,597,000","9,680,000","8,227,000","8,576,000","3,618,000","3,702,000","1,675,000","2,074,000","3,137,000","3,526,000","1,861,000"
		NetIncomeIncludingNoncontrollingInterests,"586,000,000","216,000,000","100,000,000","104,000,000","166,000,000","154,000,000","83,000,000","100,000,000","157,000,000","-128,000,000","83,000,000","66,000,000","55,000,000","109,000,000","-72,000,000","112,000,000","68,000,000","-315,000,000","232,000,000","138,000,000","-222,000,000","1,000,000","-584,697,000","44,551,000","72,137,000","62,009,000","11,750,000","27,400,000","95,951,000","17,918,000","30,893,000",,"9,595,000","10,132,000","9,523,000","9,597,000","9,680,000","8,227,000","8,576,000","3,618,000","3,702,000","1,675,000","2,074,000","3,137,000","3,526,000","1,861,000"
			NetIncomeContinuousOperations,"586,000,000","216,000,000","100,000,000","104,000,000","166,000,000","154,000,000","83,000,000","100,000,000","157,000,000","-128,000,000","83,000,000","66,000,000","55,000,000","109,000,000","-72,000,000","114,000,000","94,000,000","-78,000,000","145,000,000","132,000,000","34,000,000","1,000,000","-584,697,000","44,551,000","72,137,000","62,009,000","11,750,000","27,400,000","95,951,000","19,578,000","35,121,000",,"9,595,000","10,132,000","10,403,000","9,597,000","9,680,000","8,227,000","8,576,000","3,618,000","3,702,000","1,675,000","2,074,000","3,137,000","3,526,000","1,861,000"
			NetIncomeDiscontinuousOperations,,,,,,,,,,,"0","0","0","0","0","-2,000,000","-26,000,000","-237,000,000","87,000,000","6,000,000","-256,000,000",,,,,,,,,,,,,,,,,,,,,,,,,
		MinorityInterests,,,,,,,,,,,,,,,,,,,,,,,,,"0","0","-3,995,000","12,142,000","-61,084,000","-846,000","-782,000",,,,,"0",,,,,,,,,,
	PreferredStockDividends,,,,,,,,,,,,,,,,,,,,,,,,,,,"-22,205,000","11,998,000",,,,,,,,,,,,,,,,,,
	OtherunderPreferredStockDividend,,,,,,,,,,,,,,,,,,,,,,,,,,,,,,,,,,,"0",,,,,,,,,,,
DilutedNIAvailtoComStockholders,"508,000,000","196,000,000","22,000,000","104,000,000","147,000,000","134,000,000","141,000,000","81,000,000","138,000,000","-148,000,000","83,000,000","66,000,000","55,000,000","109,000,000","-72,000,000","112,000,000","68,000,000","-315,000,000","232,000,000","138,000,000","-222,000,000","-22,000,000","-521,626,000","23,249,000","72,137,000","62,009,000","44,183,000","18,754,000","31,194,000","15,313,000","30,111,000",,"9,531,000","10,132,000","9,523,000","9,597,000","9,680,000","8,227,000","156,000","3,618,000",,"1,675,000","2,074,000","3,137,000",,"1,861,000"
BasicEPS,,"2.35","0.97","1.01","1.76","1.61","0.78","0.97","1.65","-1.78","0.76","0.57","0.44","1.08","-1.11","1.13","0.59","-3.74",,"1.09","-2.52","-0.22",,"0.24","0.53","0.47",,"0.3","0.87","0.44","0.83","0","0.43","0.46","0.43","0.44","0.44","0.38","0.39","0.17","0.169","0.077",,"0.143","0.161","0.085"
DilutedEPS,,"2.32","0.95","1","1.73","1.6","0.77","0.96","1.64","-1.78","0.75","0.57","0.43","1.07","-1.11","1.12","0.58","-3.74",,"1.08","-2.53","-0.22",,"0.24","0.53","0.47",,"0.3","0.87","0.44","0.83","0","0.43","0.46","0.43","0.43","0.44","0.38","0.39","0.17","0.169","0.077",,"0.143","0.161","0.085"
BasicAverageShares,,"83,682,902","83,431,830","83,352,123","83,350,567","83,342,828","83,147,345","83,056,365","83,030,286","83,013,768","82,813,411","82,749,644","82,742,323","82,711,188","82,543,312","82,506,279","82,494,976","89,753,950",,"99,469,643","99,466,424","98,609,608",,"95,339,786","95,339,786","87,453,333",,"54,711,462","35,834,095","35,038,613","34,684,667","21,993,235","21,960,200","21,956,797","21,953,923","21,903,107","21,878,872","21,878,872","21,878,872","21,864,436","21,878,872","21,878,872",,"21,878,872","21,878,872","21,878,872"
DilutedAverageShares,,"84,729,202","84,664,873","84,549,277","84,402,867","84,141,261","83,912,647","83,770,034","83,598,730","83,013,768","83,713,959","83,649,898","83,509,987","83,380,167","83,226,399","83,084,713","82,947,669","90,271,751",,"100,117,016","99,900,007","98,715,958",,"95,414,444","95,395,742","87,474,687",,"54,711,462","35,834,095","35,038,613","34,692,723","21,993,235","21,985,725","21,956,797","21,953,923","22,318,605","21,878,872","21,878,872","21,878,872","21,864,436","21,878,872","21,878,872",,"21,878,872","21,878,872","21,878,872"
TotalOperatingIncomeAsReported,"804,000,000","259,000,000","176,000,000","153,000,000","216,000,000","204,000,000","144,000,000","147,000,000","208,000,000","-82,000,000","98,000,000","117,000,000","97,000,000","152,000,000","-38,000,000","159,000,000","128,000,000","96,000,000","0","139,000,000","31,000,000","48,000,000","-568,152,000","104,150,000","124,192,000","91,810,000","45,046,000","84,889,000","115,793,000","26,945,000","39,643,000",,"11,489,000","11,641,000","10,766,000","10,663,000","10,530,000","8,979,000","9,312,000","5,470,000","5,896,000","2,734,000","3,354,000","5,002,000","5,599,000","3,007,000"
RentExpenseSupplemental,"60,000,000","16,000,000","15,000,000","15,000,000","14,000,000","15,000,000","15,000,000","16,000,000","16,000,000","14,000,000","16,000,000","15,000,000","16,000,000","14,000,000","18,000,000","20,000,000","19,000,000","15,000,000","43,000,000","13,000,000","12,000,000","34,000,000","34,673,000","36,231,000","35,639,000","33,457,000","22,852,000","23,586,000","11,375,000","4,111,000","2,204,000",,"284,000","249,000","249,000","261,000","300,000","204,000","269,000","1,078,000","1,110,000","1,070,000","1,051,000","1,096,000","1,085,000","1,090,000"
TotalExpenses,"18,737,000,000","5,143,000,000","4,780,000,000","4,630,000,000","4,184,000,000","3,267,000,000","2,414,000,000","2,659,000,000","1,866,000,000","3,352,000,000","3,978,000,000","4,218,000,000","4,376,000,000","3,492,000,000","3,893,000,000","4,610,000,000","4,477,000,000","3,650,000,000","4,279,000,000","2,420,000,000","2,366,000,000","4,339,000,000","4,197,273,000","4,032,964,000","3,926,474,000","3,109,289,000","3,629,059,000","4,401,732,000","4,090,222,000","1,103,049,000","1,299,309,000",,"1,364,572,000","1,204,946,000","1,118,715,000","1,152,941,000","1,107,503,000","1,072,158,000","999,136,000","1,103,952,000","1,078,485,000","1,069,808,000","962,077,000","986,791,000","1,004,346,000","848,632,000"
NetIncomeFromContinuingAndDiscontinuedOperation,"508,000,000","196,000,000","22,000,000","104,000,000","147,000,000","134,000,000","141,000,000","81,000,000","138,000,000","-148,000,000","83,000,000","66,000,000","55,000,000","109,000,000","-72,000,000","112,000,000","68,000,000","-315,000,000","232,000,000","138,000,000","-222,000,000","-22,000,000","-521,626,000","23,249,000","72,137,000","62,009,000","21,978,000","30,752,000","31,194,000","15,313,000","30,111,000",,"9,531,000","10,132,000","9,523,000","9,597,000","9,680,000","8,227,000","8,576,000","3,618,000","3,702,000","1,675,000","2,074,000","3,137,000","3,526,000","1,861,000"
NormalizedIncome,"522,269,480.519","196,000,000","46,770,642.202","100,350,877.193","139,367,816.092","140,866,242.038","148,296,703.297","80,047,619.048","143,709,090.909","-146,540,000","101,250,000","62,333,333.333","51,333,333.333","146,230,000","-51,428,571.429","106,645,161.29","95,460,000","3,760,000","213,400,000","129,600,000","35,800,000","-17,800,000","112,213,343.685","23,430,381.3","73,608,063.61","63,183,013.599","22,380,179.648","31,169,600","31,176,000","15,058,704","31,846,500",,"9,495,432","10,132,000","9,599,700","9,707,320","9,751,352","8,248,824","8,679,348.795","3,753,075.602","5,060,824.746","1,745,239.894","2,079,064.713","3,181,677.518","4,420,761.646","1,918,798.976"
InterestIncome,,,"0","0","0","0","0","0","1,000,000","1,000,000","1,000,000","1,000,000","0","1,000,000","-1,000,000","1,000,000","1,000,000","2,000,000","1,000,000","0","7,000,000","1,000,000","3,052,000","3,094,000","3,015,000","839,000","664,000","490,000","119,000","69,000",,,"23,000","23,000","32,000","48,000","77,000","108,000","165,000","29,000","19,000","20,000","21,000","20,000","21,000","26,000"
InterestExpense,"156,000,000","41,000,000","38,000,000","38,000,000","40,000,000","40,000,000","42,000,000","41,000,000","43,000,000","43,000,000","42,000,000","43,000,000","41,000,000","42,000,000","36,000,000","35,000,000","36,000,000","34,000,000","45,000,000","47,000,000","57,000,000","61,000,000","56,095,000","53,775,000","50,834,000","27,288,000","29,323,000","27,918,000","19,620,000","7,885,000","6,636,000",,"1,667,000","1,429,000","1,038,000","874,000","748,000","696,000","585,000","136,000","112,000","107,000","99,000","107,000","103,000","103,000"
NetInterestIncome,"-163,000,000","-41,000,000","-39,000,000","-40,000,000","-43,000,000","-41,000,000","-44,000,000","-43,000,000","-44,000,000","-44,000,000","-43,000,000","-45,000,000","-43,000,000","-42,000,000","-39,000,000","-35,000,000","-36,000,000","-34,000,000","-47,000,000","-51,000,000","-54,000,000","-64,000,000","-56,435,000","-54,289,000","-50,587,000","-27,689,000","-29,883,000","-28,517,000","-20,322,000","-8,197,000","-6,636,000",,"-1,774,000","-1,502,000","-1,101,000","-921,000","-766,000","-683,000","-522,000","-107,000","-93,000","-87,000","-78,000","-87,000","-82,000","-77,000"
EBIT,"772,000,000","260,000,000","147,000,000","152,000,000","214,000,000","197,000,000","133,000,000","146,000,000","208,000,000","-82,000,000","99,000,000","115,000,000","101,000,000","149,000,000","-41,000,000","159,000,000","128,000,000","-13,000,000","-2,000,000","135,000,000","34,000,000","45,000,000","-568,492,000","103,636,000","124,439,000","91,409,000","44,486,000","84,290,000","115,091,000","26,633,000","39,643,000",,"11,382,000","11,568,000","10,703,000","10,616,000","10,512,000","8,992,000","9,381,000","5,493,000","5,915,000","2,754,000","3,375,000","5,022,000","5,620,000","3,033,000"
EBITDA,"949,000,000"
ReconciledCostOfRevenue,"18,275,000,000","5,019,000,000","4,657,000,000","4,517,000,000","4,082,000,000","3,167,000,000","2,318,000,000","2,547,000,000","1,769,000,000","3,209,000,000","3,859,000,000","4,084,000,000","4,253,000,000","3,367,000,000","3,744,000,000","4,470,000,000","4,338,000,000","3,502,000,000","3,967,000,000","2,328,000,000","2,268,000,000","3,978,000,000","3,828,482,000","3,637,558,000","3,550,324,000","2,781,636,000","3,398,299,000","4,151,771,000","4,002,442,000","1,060,245,000","1,260,940,000",,"1,357,155,000","1,197,793,000","1,112,147,000","1,147,745,000","1,102,986,000","1,067,424,000","1,000,980,000","1,096,786,000","1,072,332,000","1,062,770,000","954,975,000","980,327,000","999,156,000","842,895,000"
ReconciledDepreciation,"177,000,000","47,000,000","42,000,000","45,000,000","43,000,000","47,000,000","47,000,000","50,000,000","47,000,000","45,000,000","46,000,000","45,000,000","47,000,000","45,000,000","50,000,000","42,000,000","41,000,000","49,000,000","82,000,000","24,000,000","-24,000,000","87,000,000","84,582,000","77,628,000","78,724,000","78,066,000","56,891,000","80,662,000","45,900,000","17,566,000","12,502,000",,"3,333,000","3,326,000","2,597,000","2,432,000","1,837,000","1,821,000","1,238,000","2,017,000","1,892,000","1,884,000","2,127,000","1,480,000","1,294,000","1,189,000"
NetIncomeFromContinuingOperationNetMinorityInterest,"508,000,000","196,000,000","22,000,000","104,000,000","147,000,000","134,000,000","141,000,000","81,000,000","138,000,000","-148,000,000","83,000,000","66,000,000","55,000,000","109,000,000","-72,000,000","114,000,000","94,000,000","-78,000,000","145,000,000","132,000,000","34,000,000","-22,000,000","-521,626,000","23,249,000","72,137,000","62,009,000","21,978,000","30,752,000","31,194,000","15,313,000","30,111,000",,"9,531,000","10,132,000","9,523,000","9,597,000","9,680,000","8,227,000","8,576,000","3,618,000","3,702,000","1,675,000","2,074,000","3,137,000","3,526,000","1,861,000"
TotalUnusualItemsExcludingGoodwill,"-15,000,000","0","-27,000,000","4,000,000","8,000,000","-7,000,000","-8,000,000","1,000,000","-6,000,000","-2,000,000","-25,000,000","4,000,000","4,000,000","-51,000,000","-22,000,000","8,000,000","-2,000,000","-112,000,000","-114,000,000","4,000,000","-3,000,000","-7,000,000","-677,082,000","-203,000","-1,501,000","-1,214,000","-519,000","-696,000","30,000","266,000","-2,670,000",,"36,000","0","-118,000","-112,000","-72,000","-22,000","-106,000","-200,000","-2,130,000","-111,000","-8,000","-70,000","-1,400,000","-91,000"
TotalUnusualItems,"-15,000,000","0","-27,000,000","4,000,000","8,000,000","-7,000,000","-8,000,000","1,000,000","-6,000,000","-2,000,000","-25,000,000","4,000,000","4,000,000","-51,000,000","-22,000,000","8,000,000","-2,000,000","-112,000,000","-114,000,000","4,000,000","-3,000,000","-7,000,000","-677,082,000","-203,000","-1,501,000","-1,214,000","-519,000","-696,000","30,000","266,000","-2,670,000",,"36,000","0","-118,000","-112,000","-72,000","-22,000","-106,000","-200,000","-2,130,000","-111,000","-8,000","-70,000","-1,400,000","-91,000"
NormalizedEBITDA,"964,000,000","307,000,000","216,000,000","193,000,000","249,000,000","251,000,000","188,000,000","195,000,000","261,000,000","-35,000,000","170,000,000","156,000,000","144,000,000","245,000,000","31,000,000","193,000,000","171,000,000","148,000,000","194,000,000","155,000,000","37,000,000","139,000,000","193,172,000","181,467,000","204,664,000","170,689,000","101,896,000","165,648,000","160,961,000","43,933,000","42,313,000",,"14,679,000","14,894,000","13,418,000","13,160,000","12,421,000","10,835,000","10,725,000","7,710,000","9,938,000","4,749,000","5,510,000","6,572,000","8,314,000","4,313,000"
TaxRateForCalcs,"0.049","0.014","0.083","0.088","0.046","0.019","0.088","0.048","0.048","0.27","0.27","0.083","0.083","0.27","0.065","0.081","0.27","0.27","0.4","0.4","0.4","0.4","0.064","0.106","0.02","0.033","0.225","0.4","0.4","0.044","0.35",,"0.012","0.001","0.35","0.015","0.009","0.008","0.025","0.325","0.362","0.367","0.367","0.362","0.361","0.365"
TaxEffectOfUnusualItems,"-730,519.481","0","-2,229,357.798","350,877.193","367,816.092","-133,757.962","-703,296.703","47,619.048","-290,909.091","-540,000","-6,750,000","333,333.333","333,333.333","-13,770,000","-1,428,571.429","645,161.29","-540,000","-30,240,000","-45,600,000","1,600,000","-1,200,000","-2,800,000","-43,242,656.315","-21,618.7","-29,936.39","-39,986.401","-116,820.352","-278,400","12,000","11,704","-934,500",,"432","0","-41,300","-1,680","-648","-176","-2,651.205","-64,924.398","-771,175.254","-40,760.106","-2,935.287","-25,322.482","-505,238.354","-33,201.024"