name,ttm,03/31/2022,12/31/2021,09/30/2021,06/30/2021,03/31/2021,12/31/2020,09/30/2020,06/30/2020,03/31/2020,12/31/2019,09/30/2019,06/30/2019,03/31/2019,12/31/2018,09/30/2018,06/30/2018,03/31/2018,12/31/2017,09/30/2017,06/30/2017,03/31/2017,12/31/2016,09/30/2016,06/30/2016,03/31/2016,12/31/2015,09/30/2015,06/30/2015,03/31/2015,12/31/2014,09/30/2014,06/30/2014,03/31/2014,12/31/2013,09/30/2013,06/30/2013,03/31/2013,12/31/2012,09/30/2012,06/30/2012,03/31/2012,12/31/2011,09/30/2011,06/30/2011,03/31/2011,12/31/2010,09/30/2010,06/30/2010,03/31/2010,12/31/2009,09/30/2009,06/30/2009,03/31/2009,12/31/2008,09/30/2008,06/30/2008,03/31/2008,12/31/2007,09/30/2007,06/30/2007,03/31/2007,12/31/2006,09/30/2006,06/30/2006,03/31/2006,12/31/2005,09/30/2005,06/30/2005,03/31/2005,12/31/2004,09/30/2004,06/30/2004,03/31/2004,12/31/2003,09/30/2003,06/30/2003,03/31/2003,12/31/2002,09/30/2002,06/30/2002,03/31/2002,12/31/2001,09/30/2001,06/30/2001,03/31/2001,12/31/2000,09/30/2000,06/30/2000,03/31/2000,12/31/1999,09/30/1999,06/30/1999,03/31/1999,12/31/1998,09/30/1998,06/30/1998,03/31/1998,12/31/1997,09/30/1997,06/30/1997,03/31/1997,12/31/1996,09/30/1996,06/30/1996,03/31/1996,12/31/1995,09/30/1995,06/30/1995,03/31/1995,12/31/1994,09/30/1994,06/30/1994,03/31/1994,12/31/1993,09/30/1993,06/30/1993,03/31/1993,12/31/1992,09/30/1992,06/30/1992,03/31/1992,12/31/1991,09/30/1991,06/30/1991,03/31/1991,12/31/1990,09/30/1990,06/30/1990,03/31/1990,12/31/1989,09/30/1989,06/30/1989,03/31/1989,12/31/1988,09/30/1988,06/30/1988,03/31/1988,12/31/1987,09/30/1987,06/30/1987,03/31/1987,12/31/1986,09/30/1986,06/30/1986,03/31/1986,12/31/1985,09/30/1985
TotalRevenue,"8,538,000,000","2,943,000,000","2,947,000,000","1,598,000,000","1,050,000,000","1,072,000,000","779,000,000","527,000,000","410,000,000","592,000,000","745,000,000","636,000,000","667,000,000","990,000,000","1,175,000,000","951,000,000","816,000,000","920,000,000","809,000,000","737,000,000","811,000,000","846,000,000","684,000,000","651,000,000","522,000,000","579,000,000","687,000,000","749,000,000","764,000,000","933,000,000","962,000,000","928,000,000","1,035,000,000","1,112,777,000","907,089,000","868,366,000","862,041,000","733,649,000","772,998,000","685,848,000","599,728,000","656,469,000","744,150,000","767,255,000","765,166,000","676,335,000","670,431,000","682,172,000","589,943,000","668,117,000","624,493,000","502,949,000","477,520,000","540,817,000","500,077,000","682,999,000","604,370,000","524,106,000","402,775,000","297,622,000","270,082,000","284,652,000","214,017,000","168,394,000","153,999,000","226,702,000","220,686,000","162,127,000","132,463,000","161,053,000","149,525,000","111,395,000","96,427,000","119,790,000","91,191,000","71,068,000","66,487,000","98,655,000","72,749,000","51,091,000","56,004,000","81,658,000","72,379,000","59,396,000","76,023,000","137,129,000","113,145,000","75,342,000","78,483,000","96,913,000","85,800,000","60,400,000","56,100,000","78,200,000","73,500,000","53,600,000","56,300,000","83,000,000","87,400,000","48,600,000","51,300,000","88,900,000","60,800,000","30,200,000","34,300,000","63,900,000","45,300,000","25,500,000","30,600,000","51,800,000","42,300,000","27,900,000","34,600,000","65,400,000","53,100,000","28,500,000","34,000,000","58,400,000","46,200,000","21,000,000","25,100,000","48,900,000","43,500,000","20,200,000","22,400,000","50,300,000","36,700,000","16,300,000","22,100,000","42,000,000","38,000,000","16,700,000","21,200,000","46,400,000","33,800,000","14,700,000","15,900,000","30,900,000","20,400,000","10,700,000","13,900,000","26,300,000","20,800,000","11,900,000","15,300,000","29,800,000","20,800,000","19,400,000"
	OperatingRevenue,"8,530,000,000","2,941,000,000","2,945,000,000","1,594,000,000","1,050,000,000","1,070,000,000","783,000,000","526,000,000","410,000,000","589,000,000","744,000,000","636,000,000","667,000,000","988,000,000","1,174,000,000","951,000,000","815,000,000","917,000,000","805,000,000","737,000,000","811,000,000","846,000,000","684,000,000","651,000,000","522,000,000","579,000,000","687,000,000","749,000,000","764,000,000","933,000,000","962,000,000","928,000,000","1,035,000,000","1,112,777,000","907,089,000","868,366,000","862,041,000","733,649,000","772,998,000","685,848,000","599,728,000","656,469,000","744,150,000","767,255,000","765,166,000","676,335,000","670,431,000","682,172,000","589,943,000","668,117,000","624,493,000","502,949,000","477,520,000","540,817,000","500,077,000","682,999,000","604,370,000","524,106,000","402,775,000","297,622,000","270,082,000","284,652,000","214,017,000","168,394,000","153,999,000","226,702,000","220,686,000","162,127,000","132,463,000","161,053,000","149,525,000","111,395,000","96,427,000","119,790,000","91,191,000","71,068,000","66,487,000","98,655,000","72,749,000","51,091,000","56,004,000","81,658,000","72,379,000","59,396,000","76,023,000","137,129,000","113,145,000","75,342,000","78,483,000","96,913,000","85,800,000","60,400,000","56,100,000","78,200,000","73,500,000","53,600,000","56,300,000","83,000,000","87,400,000","48,600,000","51,300,000","88,900,000","60,800,000","30,200,000","34,300,000","63,900,000","45,300,000","25,500,000","30,600,000","51,800,000","42,300,000","27,900,000","34,600,000","65,400,000","53,100,000","28,500,000","34,000,000","58,400,000","46,200,000","21,000,000","25,100,000","48,900,000","43,500,000","20,200,000","22,400,000","50,300,000","36,700,000","16,300,000","22,100,000","42,000,000","38,000,000","16,700,000","21,200,000","46,400,000","33,800,000","14,700,000","15,900,000","30,900,000","20,400,000","10,700,000","13,900,000","26,300,000","20,800,000","11,900,000","15,300,000","29,800,000","20,800,000","19,400,000"
CostOfRevenue,"3,188,000,000","1,137,000,000","1,060,000,000","558,000,000","433,000,000","452,000,000","361,000,000","296,000,000","285,000,000","361,000,000","417,000,000","413,000,000","414,000,000","553,000,000","545,000,000","439,000,000","407,000,000","398,000,000","376,000,000","371,000,000","376,000,000","357,000,000","324,000,000","333,000,000","304,000,000","339,000,000","413,000,000","488,000,000","527,000,000","515,000,000","477,000,000","458,000,000","491,000,000","496,196,000","421,633,000","400,205,000","386,977,000","359,423,000","800,000,000","211,557,000","184,228,000","207,634,000","228,754,000","239,147,000","255,106,000","227,028,000","204,939,000","211,024,000","192,735,000","194,234,000","169,478,000","151,854,000","121,693,000","176,352,000","149,639,000","225,149,000","212,433,000","184,347,000","133,017,000","80,651,000","76,915,000","101,198,000","65,282,000","33,488,000","35,197,000","73,783,000","79,647,000","36,741,000","34,010,000","57,021,000","45,943,000","21,487,000","18,090,000","39,595,000","27,837,000","12,521,000","13,049,000","38,606,000","25,131,000","12,485,000","15,258,000","33,441,000","20,456,000","14,637,000","26,215,000","74,863,000","61,083,000","40,462,000","42,419,000","47,926,000","44,400,000","33,100,000","28,300,000","32,400,000","32,300,000","24,800,000","23,000,000","33,000,000","37,300,000","18,700,000","18,600,000","35,400,000","17,300,000","2,500,000","3,000,000","20,100,000","12,700,000","3,000,000","5,700,000","15,600,000","8,400,000","2,400,000","4,300,000","21,300,000",,,,,,,,,,,,,,,,,,,,,,,,,,,,,,,,,,
GrossProfit,"5,350,000,000","1,806,000,000","1,887,000,000","1,040,000,000","617,000,000","620,000,000","418,000,000","231,000,000","125,000,000","231,000,000","328,000,000","223,000,000","253,000,000","437,000,000","630,000,000","512,000,000","409,000,000","522,000,000","433,000,000","366,000,000","435,000,000","489,000,000","360,000,000","318,000,000","218,000,000","240,000,000","274,000,000","261,000,000","237,000,000","418,000,000","485,000,000","470,000,000","544,000,000","616,581,000","485,456,000","468,161,000","475,064,000","374,226,000","-27,002,000","474,291,000","415,500,000","448,835,000","515,396,000","528,108,000","510,060,000","449,307,000","465,492,000","471,148,000","397,208,000","473,883,000","455,015,000","351,095,000","355,827,000","364,465,000","350,438,000","457,850,000","391,937,000","339,759,000","269,758,000","216,971,000","193,167,000","183,454,000","148,735,000","134,906,000","118,802,000","152,919,000","141,039,000","125,386,000","98,453,000","104,032,000","103,582,000","89,908,000","78,337,000","80,195,000","63,354,000","58,547,000","53,438,000","60,049,000","47,618,000","38,606,000","40,746,000","48,217,000","51,923,000","44,759,000","49,808,000","62,266,000","52,062,000","34,880,000","36,064,000","48,987,000","41,400,000","27,300,000","27,800,000","45,800,000","41,200,000","28,800,000","33,300,000","50,000,000","50,100,000","29,900,000","32,700,000","53,500,000","43,500,000","27,700,000","31,300,000","43,800,000","32,600,000","22,500,000","24,900,000","36,200,000","33,900,000","25,500,000","30,300,000","44,100,000",,,,,,,,,,,,,,,,,,,,,,,,,,,,,,,,,,
OperatingExpense,"1,610,000,000","482,000,000","445,000,000","363,000,000","320,000,000","312,000,000","285,000,000","248,000,000","224,000,000","232,000,000","255,000,000","246,000,000","226,000,000","221,000,000","266,000,000","283,000,000","267,000,000","267,000,000","272,000,000","256,000,000","247,000,000","223,000,000","237,000,000","224,000,000","229,000,000","242,000,000","266,000,000","263,000,000","263,000,000","253,000,000","200,000,000","184,000,000","177,000,000","181,962,000","168,339,000","158,932,000","149,747,000","122,266,000","-295,679,000","253,028,000","267,242,000","262,875,000","251,506,000","232,390,000","227,518,000","216,656,000","208,807,000","201,012,000","190,891,000","185,793,000","188,754,000","154,057,000","153,600,000","157,145,000","179,506,000","158,810,000","162,651,000","152,249,000","143,510,000","127,518,000","111,161,000","99,695,000","93,679,000","81,788,000","70,508,000","63,115,000","65,727,000","58,185,000","51,272,000","47,806,000","48,285,000","44,471,000","40,091,000","36,888,000","36,339,000","35,840,000","33,492,000","32,375,000","34,846,000","30,612,000","31,846,000","31,378,000","34,131,000","30,496,000","31,793,000","29,667,000","30,622,000","28,996,000","137,913,000","27,931,000","28,400,000","25,700,000","26,200,000","25,800,000","29,000,000","25,900,000","97,100,000","30,000,000","31,400,000","26,800,000","27,500,000","28,400,000","27,400,000","23,500,000","23,200,000","24,200,000","22,300,000","20,500,000","21,000,000","21,000,000","22,100,000","19,000,000","19,800,000","20,600,000",,,,,,,,,,,,,,,,,,,,,,,,,,,,,,,,,,
	SellingGeneralAndAdministration,"144,000,000","44,000,000","34,000,000","32,000,000","34,000,000","38,000,000","32,000,000","31,000,000","32,000,000","26,000,000","47,000,000","42,000,000","40,000,000","37,000,000","44,000,000","51,000,000","59,000,000","55,000,000","63,000,000","62,000,000","58,000,000","50,000,000","76,000,000","61,000,000","56,000,000","54,000,000","58,000,000","60,000,000","60,000,000","68,000,000","59,000,000","54,000,000","52,000,000","56,387,000","55,556,000","50,969,000","47,570,000","37,215,000","45,268,000","36,121,000","44,932,000","48,826,000","45,086,000","35,600,000","40,238,000","37,117,000","40,828,000","35,158,000","36,633,000","32,944,000","37,767,000","31,942,000","29,200,000","23,709,000","31,423,000","21,055,000","25,741,000","23,740,000","25,487,000","20,099,000","17,935,000","16,748,000","19,374,000","16,947,000","15,238,000","14,553,000","16,602,000","11,437,000","10,308,000","10,303,000","10,649,000","9,151,000","8,264,000","8,010,000","9,619,000","7,937,000","7,663,000","7,883,000","9,095,000","5,527,000","6,034,000","5,790,000","7,617,000","5,049,000","7,580,000","4,827,000","7,075,000","5,217,000",,,,,,,,,,,,,,,,,,,,,,,,,,,,,,,,,,,,,,,,,,,,,,,,,,,,,,,,,,,,
		GeneralAndAdministrativeExpense,"144,000,000","44,000,000","34,000,000","32,000,000","34,000,000","38,000,000","32,000,000","31,000,000","32,000,000","26,000,000","47,000,000","42,000,000","40,000,000","37,000,000","44,000,000","51,000,000","59,000,000","55,000,000","63,000,000","62,000,000","58,000,000","50,000,000","76,000,000","61,000,000","56,000,000","54,000,000","58,000,000","60,000,000","60,000,000","68,000,000","59,000,000","54,000,000","52,000,000","56,387,000","55,556,000","50,969,000","47,570,000","37,215,000","45,268,000","36,121,000","44,932,000","48,826,000",,"35,600,000","40,238,000","37,117,000","40,828,000","35,158,000","36,633,000","32,944,000","37,767,000","31,942,000","29,200,000","23,709,000",,,,,,,,,,,,,,,,,,,,,,,,,,,,,,,,,,,,,,,,,,,,,,,,,,,,,,,,,,,,,,,,,,,,,,,,,,,,,,,,,,,,,,,,,,,,,,
			OtherGandA,"144,000,000","44,000,000","34,000,000","32,000,000","34,000,000","38,000,000","32,000,000","31,000,000","32,000,000","26,000,000","47,000,000","42,000,000","40,000,000","37,000,000","44,000,000","51,000,000","59,000,000","55,000,000","63,000,000","62,000,000","58,000,000","50,000,000","76,000,000","61,000,000","56,000,000","54,000,000","58,000,000","60,000,000","60,000,000","68,000,000","59,000,000","54,000,000","52,000,000","56,387,000","55,556,000","50,969,000","47,570,000","37,215,000","45,268,000",,,,,,,,,,,,,,,,,,,,,,,,,,,,,,,,,,,,,,,,,,,,,,,,,,,,,,,,,,,,,,,,,,,,,,,,,,,,,,,,,,,,,,,,,,,,,,,,,,,,,,,,,,,,,
	DepreciationAmortizationDepletionIncomeStatement,,,,,,,,,,,,,,"112,000,000","134,000,000","151,000,000","142,000,000","143,000,000","140,000,000","135,000,000","123,000,000","106,000,000","87,000,000","99,000,000","107,000,000","143,000,000","215,000,000","275,000,000","308,000,000","293,000,000","249,000,000",,"230,000,000","225,076,000","215,344,000","204,934,000","186,867,000","179,467,000","205,561,000","200,655,000","207,830,000","193,627,000","190,331,000","179,113,000","171,620,000","163,447,000","156,025,000","151,284,000","144,006,000","139,017,000","137,670,000","113,833,000","117,927,000","124,228,000","113,930,000","105,230,000","98,151,000","97,097,000","90,268,000","81,426,000","66,435,000","55,785,000","50,778,000","40,459,000","31,950,000","28,103,000","27,428,000","25,527,000","23,009,000","20,247,000","21,097,000","19,960,000","17,091,000","15,526,000","14,983,000","14,896,000","13,686,000","12,383,000","12,931,000","13,323,000","13,868,000","13,870,000","14,744,000","13,881,000","12,637,000","11,637,000","11,900,000","11,627,000","11,251,000","11,091,000","11,100,000","10,500,000","10,700,000","10,700,000","11,500,000","11,200,000","12,500,000","13,100,000","13,300,000","11,200,000","11,600,000","12,400,000","11,400,000","9,900,000","10,100,000","11,300,000","8,900,000","9,000,000","9,000,000","9,400,000","9,500,000","8,200,000","8,600,000","9,500,000",,,,,,,,,,,,,,,,,,,,,,,,,,,,,,,,,,
	OtherTaxes,"165,000,000","57,000,000","46,000,000","35,000,000","27,000,000","24,000,000","17,000,000","15,000,000","10,000,000","13,000,000","11,000,000","15,000,000","17,000,000","19,000,000","25,000,000","26,000,000","15,000,000","23,000,000","19,000,000","24,000,000","25,000,000","26,000,000","24,000,000","24,000,000","22,000,000","23,000,000","26,000,000","27,000,000","27,000,000","30,000,000","23,000,000","22,000,000","24,000,000","25,422,000","20,928,000","17,694,000","20,022,000","20,827,000","16,430,000","16,252,000","14,480,000","20,422,000","16,089,000","17,677,000","15,660,000","16,092,000","11,954,000","14,570,000","10,252,000","13,832,000","13,317,000","8,282,000","6,473,000","9,208,000","4,479,000","8,648,000","8,729,000","7,416,000","4,013,000","4,431,000","6,306,000","7,125,000","4,776,000","7,022,000","7,243,000","6,068,000","7,173,000","7,241,000","5,542,000","5,323,000","5,662,000","4,290,000","4,238,000","3,640,000","2,603,000","3,058,000","2,895,000","3,063,000","2,958,000","2,064,000","2,439,000","2,160,000","1,850,000","2,129,000","2,361,000","2,740,000","2,419,000","1,914,000","2,128,000","2,054,000","1,800,000","1,700,000","1,600,000","1,500,000","1,600,000","1,600,000","1,700,000","1,900,000","1,800,000","1,700,000","1,600,000","1,800,000","1,700,000","1,400,000","1,200,000","1,300,000","1,300,000","900,000","1,000,000","1,100,000","900,000","900,000","900,000","1,000,000",,,,,,,,,,,,,,,,,,,,,,,,,,,,,,,,,,
	OtherOperatingExpenses,"1,301,000,000","381,000,000","365,000,000","296,000,000","259,000,000","250,000,000","236,000,000","202,000,000","182,000,000","193,000,000","197,000,000","189,000,000","169,000,000","165,000,000","197,000,000","206,000,000","193,000,000","189,000,000","190,000,000","170,000,000","164,000,000","147,000,000","137,000,000","139,000,000","151,000,000","165,000,000","182,000,000","176,000,000","176,000,000","155,000,000","118,000,000","108,000,000","101,000,000","100,153,000","91,855,000","90,269,000","82,155,000","64,224,000","65,257,000",,,,,,,,,,,,,,,,"29,674,000","23,877,000","30,030,000","23,996,000","23,742,000","21,562,000","20,485,000","20,037,000","18,751,000","17,360,000","16,077,000","14,391,000","14,524,000","13,980,000","12,413,000","11,933,000","10,877,000","11,070,000","10,498,000","9,712,000","9,134,000","9,949,000","9,248,000","9,046,000","9,862,000","9,698,000","9,505,000","9,558,000","9,920,000","9,437,000","9,215,000","10,463,000","9,228,000","10,238,000","124,534,000","14,786,000","15,500,000","13,500,000","13,900,000","13,600,000","15,900,000","13,100,000","82,900,000","15,000,000","16,300,000","13,900,000","14,300,000","14,200,000","14,300,000","12,200,000","11,900,000","11,600,000","12,100,000","10,600,000","11,000,000","10,500,000","11,700,000","9,900,000","10,300,000","10,100,000",,,,,,,,,,,,,,,,,,,,,,,,,,,,,,,,,,
OperatingIncome,"3,740,000,000","1,324,000,000","1,442,000,000","677,000,000","297,000,000","308,000,000","133,000,000","-17,000,000","-99,000,000","-1,000,000","73,000,000","-23,000,000","27,000,000","216,000,000","364,000,000","229,000,000","142,000,000","255,000,000","161,000,000","110,000,000","188,000,000","266,000,000","123,000,000","94,000,000","-11,000,000","-2,000,000","8,000,000","-2,000,000","-26,000,000","165,000,000","285,000,000","286,000,000","367,000,000","434,619,000","317,117,000","309,229,000","325,317,000","251,960,000","268,677,000","221,263,000","148,258,000","185,960,000","263,890,000","295,718,000","282,542,000","232,651,000","256,685,000","270,136,000","206,317,000","288,090,000","266,261,000","197,038,000","202,227,000","207,320,000","170,932,000","299,040,000","229,286,000","187,510,000","126,248,000","89,453,000","82,006,000","83,759,000","55,056,000","53,118,000","48,294,000","89,804,000","75,312,000","67,201,000","47,181,000","56,226,000","55,297,000","45,437,000","38,246,000","43,307,000","27,015,000","22,707,000","19,946,000","27,674,000","12,772,000","7,994,000","8,900,000","16,839,000","17,792,000","14,263,000","18,015,000","32,599,000","21,440,000","5,884,000","-101,849,000","21,056,000","13,000,000","1,600,000","1,600,000","20,000,000","12,200,000","2,900,000","-63,800,000","20,000,000","18,700,000","3,100,000","5,200,000","25,100,000","16,100,000","4,200,000","8,100,000","19,600,000","10,300,000","2,000,000","3,900,000","15,200,000","11,800,000","6,500,000","10,500,000","23,500,000","53,100,000","28,500,000","34,000,000","58,400,000","46,200,000","21,000,000","25,100,000","48,900,000","43,500,000","20,200,000","22,400,000","50,300,000","36,700,000","16,300,000","22,100,000","42,000,000","38,000,000","16,700,000","21,200,000","46,400,000","33,800,000","14,700,000","15,900,000","30,900,000","20,400,000","10,700,000","13,900,000","26,300,000","20,800,000","11,900,000","15,300,000","29,800,000","20,800,000","19,400,000"
NetNonOperatingInterestIncomeExpense,"-146,000,000","-41,000,000","-41,000,000","-34,000,000","-30,000,000","-31,000,000","-31,000,000","-22,000,000","-22,000,000","-19,000,000","-19,000,000","-17,000,000","-15,000,000","-14,000,000","-24,000,000","-29,000,000","-32,000,000","-39,000,000","-38,000,000","-31,000,000","-34,000,000","-32,000,000","-31,000,000","-26,000,000","-17,000,000","-14,000,000","-4,000,000","0","-1,000,000","-51,000,000","-20,000,000","-13,000,000","-12,000,000","-12,907,000","-12,277,000","-11,018,000","-9,278,000","-9,021,000","-9,352,000","-10,606,000","-8,361,000","-7,338,000","-4,812,000","-5,657,000","-6,170,000","-7,436,000","-6,886,000","-6,589,000","-6,180,000","-6,508,000","-6,611,000","-5,277,000","-3,066,000","-3,684,000",,,,,,,,,,,,,,,,,,,,,,,,,,,,,,,,,,,,,,,,,,,,,,,,,,,,,,,,,,,,,,,,,,,,,,,,,,,,,,,,,,,,,,,,,,,,,,
	InterestExpenseNonOperating,"146,000,000","41,000,000","41,000,000","34,000,000","30,000,000","31,000,000","31,000,000","22,000,000","22,000,000","19,000,000","19,000,000","17,000,000","15,000,000","14,000,000","24,000,000","29,000,000","32,000,000","39,000,000","38,000,000","31,000,000","34,000,000","32,000,000","31,000,000","26,000,000","17,000,000","14,000,000","4,000,000","0","1,000,000","51,000,000","20,000,000","13,000,000","12,000,000","12,907,000","12,277,000","11,018,000","9,278,000","9,021,000","9,352,000","10,606,000","8,361,000","7,338,000","4,812,000","5,657,000","6,170,000","7,436,000","6,886,000","6,589,000","6,180,000","6,508,000","6,611,000","5,277,000","3,066,000","3,684,000",,,,,,,,,,,,,,,,,,,,,,,,,,,,,,,,,,,,,,,,,,,,,,,,,,,,,,,,,,,,,,,,,,,,,,,,,,,,,,,,,,,,,,,,,,,,,,
OtherIncomeExpense,"-6,370,000,000","-3,954,000,000","960,000,000","-2,500,000,000","-876,000,000","-197,000,000","-193,000,000","-554,000,000","-759,000,000","-1,121,000,000","46,000,000","99,000,000","141,000,000","-34,000,000","-32,000,000","-229,000,000","-59,000,000","-8,000,000","132,000,000","-16,000,000","130,000,000","117,000,000","-311,000,000","-796,000,000","-566,000,000","-1,115,000,000","-2,584,000,000","-2,825,000,000","-1,254,000,000","13,000,000","163,000,000","78,000,000","-8,000,000","-98,527,000","-46,933,000","11,805,000","93,803,000","-30,327,000","-563,955,000","-441,227,000","-933,322,000","-200,000","-57,000","-122,000","69,000","374,000","162,000","326,000","-84,000","23,000","361,000","554,000","169,000","-907,447,000","1,874,000","59,618,000","169,000","7,000","-198,000","83,000","-125,000","21,000","-595,000","1,217,000","13,281,000","3,176,000","4,158,000","427,000","15,000","184,000","728,000","-543,000","-868,000","321,000","-86,000","-476,000","-63,000","1,422,000","32,000","-124,000","-232,000","-242,000","-637,000","-184,000","-358,000","380,000","416,000","-417,000","3,239,000","-1,241,000","-900,000","-500,000","-200,000","-700,000","-1,400,000","-600,000","-1,100,000","-900,000","-1,600,000","-1,100,000","-1,300,000","-1,100,000","-1,300,000","-800,000","-700,000","-1,100,000","1,200,000","-800,000","-700,000","-900,000","-900,000","-600,000","-500,000","-500,000",,,,,,,,,,,,,,,,,,,,,,,,,,,,,,,,,,
	GainOnSaleOfSecurity,"-6,172,000,000","-3,927,000,000","1,025,000,000","-2,399,000,000","-871,000,000","-191,000,000","186,000,000","-192,000,000","-109,000,000","339,000,000","54,000,000","100,000,000","152,000,000","-32,000,000","-10,000,000","-65,000,000","-36,000,000","-7,000,000","127,000,000","45,000,000","134,000,000","116,000,000","-311,000,000","71,000,000","-85,000,000","-14,000,000","17,000,000","15,000,000","1,000,000","14,000,000","168,000,000","78,000,000","-8,000,000","-99,720,000","-49,638,000","12,124,000","93,449,000","-29,794,000",,,,,,,,,,,,,,,,,,,,,,,,,,,,,,,,,,,,,,,,,,,,,,,,,,,,,,,,,,,,,,,,,,,,,,,,,,,,,,,,,,,,,,,,,,,,,,,,,,,,,,,,,,,,,,
	SpecialIncomeCharges,"-202,000,000","-27,000,000","-71,000,000","-100,000,000","-4,000,000","-7,000,000","-377,000,000","-364,000,000","-650,000,000","-1,461,000,000","-8,000,000","1,000,000","-5,000,000","-3,000,000","-21,000,000","-163,000,000","-26,000,000",,"6,000,000","-59,000,000","-10,000,000","-1,000,000","-1,000,000","-870,000,000","-481,000,000","-1,098,000,000","-2,569,000,000","-2,840,000,000","-1,258,000,000",,,,,,"0","0","0",,"-564,985,000","-441,227,000","-933,322,000","-200,000","-57,000","-122,000","69,000","374,000","162,000","326,000","-84,000","23,000","361,000","554,000","169,000","-907,447,000","1,874,000","59,618,000","169,000","7,000","-198,000","83,000","-125,000","21,000","-595,000","1,217,000","13,281,000","3,176,000","4,158,000","427,000","15,000","184,000","728,000","-543,000","-868,000","321,000","-86,000","-476,000","-63,000","1,422,000","32,000","-124,000","-232,000","-242,000","-637,000","-184,000","-358,000","380,000","416,000","-417,000","3,239,000","-1,241,000","-900,000","-500,000","-200,000","-700,000","-1,400,000","-600,000","-1,100,000","-900,000","-1,600,000","-1,100,000","-1,300,000","-1,100,000","-1,300,000","-800,000","-700,000","-1,100,000","1,200,000","-800,000","-700,000","-900,000","-900,000","-600,000","-500,000","-500,000",,,,,,,,,,,,,,,,,,,,,,,,,,,,,,,,,,
		RestructuringAndMergernAcquisition,"101,000,000","25,000,000","37,000,000","35,000,000","4,000,000","7,000,000","42,000,000","3,000,000","2,000,000","10,000,000","2,000,000","4,000,000","2,000,000","3,000,000","19,000,000","2,000,000","18,000,000",,"0",,,,"1,000,000","2,000,000","11,000,000","64,000,000",,,,,,,,,,,,,,,,,,,,,,,,,,,,,,,,,,,,,,,,,,,,,,,,,,,,,,,,,,,,,,,,,,,,,,,,,,,,,,,,,,,,,,,,,,,,,,,,,,,,,,,,,,,,,,,,,,,,,,,,,,
		ImpairmentOfCapitalAssets,,,,,,,,,,,,,,,,,,,"0",,,,"0","817,000,000","470,000,000","1,034,000,000","2,576,000,000","2,839,000,000","1,535,000,000",,,,,,"0",,,,"562,370,000","441,465,000","935,899,000",,,,,,"0","0","0","0","0","0","0","907,812,000",,,,,,,,,,,,,,,,,,,,,,,,,,,,,,,,,,,,,,,,,,,,,,,,,,,,,,,,,,,,,,,,,,,,,,,,,,,,,,,,,,,,,,,,,,,,,,
		WriteOff,,,"0","6,000,000","0","0","335,000,000","361,000,000","655,000,000","1,479,000,000","8,000,000","2,000,000",,,"10,000,000","161,000,000",,,,,,,,,,,,,,,,,,,,,,,,,,,,,,,,,,,,,,,,,,,,,,,,,,,,,,,,,,,,,,,,,,,,,,,,,,,,,,,,,,,,,,,,,,,,,,,,,,,,,,,,,,,,,,,,,,,,,,,,,,,,,,,,,,,,
		OtherSpecialCharges,,"2,000,000","34,000,000","59,000,000",,,"0",,"-7,000,000","-28,000,000","-1,000,000","-7,000,000",,,"9,000,000",,"8,000,000",,"0","59,000,000","10,000,000","1,000,000","0","51,000,000",,,,,,,,,,,,,,,,"-238,000","-2,577,000",,,,,,"-162,000","-326,000","84,000","-23,000","-361,000","-554,000","-169,000","-365,000",,,,,,,,,,,,,,,,,,,,,,,,,,,,,,,,,,,,,,,,,,,,,,,,,,,,,,,,,,,,,,,,,,,,,,,,,,,,,,,,,,,,,,,,,,,,,,
		GainOnSaleOfPPE,,,,,,,"0","0","0",,"1,000,000","0","-3,000,000",,"17,000,000",,,,"6,000,000",,,,"0",,,,"7,000,000","-1,000,000","277,000,000",,,,,,,,,,,,,,,,,,,,,,,,,,,,,,,,,,,,,,,,,,,,,,,,,,,,,,,,,,,,,,,,,,,,,,,,,,,,,,,,,,,,,,,,,,,,,,,,,,,,,,,,,,,,,,,,,,,,,,,
	OtherNonOperatingIncomeExpenses,,,"6,000,000","-1,000,000","-1,000,000","1,000,000","-2,000,000","2,000,000",,"1,000,000","0","-2,000,000","-6,000,000","1,000,000","-1,000,000","-1,000,000","3,000,000","-1,000,000","-1,000,000","-2,000,000","6,000,000","2,000,000","1,000,000","3,000,000",,"-3,000,000","-32,000,000",,"3,000,000","-1,000,000","-5,000,000",,,"1,193,000","2,705,000","-319,000","354,000","-533,000","-1,585,000",,,,,,,,,,,,,,,,,,,,,,,,,,,,,,,,,,,,,,,,,,,,,,,,,,,,,,,,,,,,,,,,,,,,,,,,,,,,,,,,,,,,,,,,,,,,,,,,,,,,,,,,,,,,,
PretaxIncome,"-2,776,000,000","-2,671,000,000","2,361,000,000","-1,857,000,000","-609,000,000","80,000,000","-91,000,000","-593,000,000","-880,000,000","-1,141,000,000","100,000,000","59,000,000","153,000,000","168,000,000","308,000,000","-29,000,000","51,000,000","208,000,000","255,000,000","63,000,000","284,000,000","351,000,000","-219,000,000","-728,000,000","-594,000,000","-1,131,000,000","-2,580,000,000","-2,827,000,000","-1,281,000,000","127,000,000","428,000,000","351,000,000","347,000,000","323,185,000","257,907,000","310,016,000","409,842,000","212,612,000","-304,630,000","-230,570,000","-793,425,000","178,422,000","259,021,000","289,939,000","276,441,000","225,589,000","249,961,000","263,873,000","200,053,000","281,605,000","260,011,000","192,315,000","199,330,000","-703,811,000","170,966,000","351,883,000","220,243,000","175,853,000","115,833,000","82,193,000","76,764,000","82,239,000","54,171,000","53,995,000","61,325,000","92,544,000","77,746,000","62,440,000","42,226,000","51,779,000","51,194,000","40,316,000","33,000,000","38,844,000","22,356,000","17,545,000","15,363,000","23,384,000","7,151,000","2,071,000","2,878,000","10,919,000","11,503,000","8,226,000","11,255,000","26,257,000","15,259,000","-1,236,000","-103,784,000","15,059,000","7,300,000","-3,100,000","-2,800,000","14,900,000","6,100,000","-2,200,000","-69,000,000","14,900,000","12,500,000","-2,100,000",,"20,000,000","11,000,000","300,000","4,500,000","15,100,000","8,300,000","-1,800,000","700,000","11,500,000","8,300,000","3,400,000","7,800,000","21,100,000",,,,,,,,,,,,,,,,,,,,,,,,,,,,,,,,,,
TaxProvision,"4,000,000","4,000,000","0","0","0","0","1,000,000","0","0","406,000,000","-10,000,000","10,000,000","15,000,000","-426,000,000","1,000,000","0","0","0","-79,000,000","-14,000,000",,,"-9,000,000","-20,000,000","-1,000,000","1,000,000","-473,000,000","-1,088,000,000","-493,000,000","49,000,000","116,000,000","140,000,000","140,000,000","128,995,000","113,417,000","124,149,000","164,211,000","85,097,000","-122,777,000","-85,755,000","-305,325,000","70,718,000","100,488,000","114,766,000","108,987,000","88,980,000","100,543,000","103,235,000","78,044,000","109,837,000","102,219,000","74,105,000","78,272,000","-270,959,000","66,767,000","133,715,000","83,693,000","66,824,000","44,201,000","31,233,000","29,170,000","31,251,000","20,411,000","20,518,000","24,321,000","34,149,000","28,890,000","22,971,000","15,412,000","19,158,000","18,279,000","14,917,000","12,210,000","14,372,000","7,505,000","6,667,000","5,837,000","8,887,000","2,599,000","797,000","1,108,000","4,204,000","4,079,000","3,208,000","4,386,000","10,244,000","6,179,000","-482,000","-40,475,000","5,873,000","2,900,000","-1,200,000","-1,100,000","5,800,000","2,400,000","-900,000","-26,900,000","5,800,000","4,900,000","-800,000",,"7,700,000","4,100,000","100,000","1,700,000","5,800,000","3,300,000","-700,000","300,000","4,400,000","3,200,000","1,300,000","3,000,000","8,100,000",,,,,,,,,,,,,,,,,,,,,,,,,,,,,,,,,,
NetIncomeCommonStockholders,"-2,780,000,000","-2,675,000,000","2,361,000,000","-1,857,000,000","-609,000,000","80,000,000","-92,000,000","-593,000,000","-880,000,000","-1,547,000,000","110,000,000","49,000,000","138,000,000","594,000,000","306,000,000","-29,000,000","51,000,000","205,000,000","267,000,000","43,000,000","224,000,000","281,000,000","-129,000,000","-735,000,000","-620,000,000","-1,159,000,000","-2,134,000,000","-1,766,000,000","-815,000,000","46,000,000","312,000,000","211,000,000","207,000,000","194,190,000","144,490,000","185,867,000","245,631,000","127,515,000","-181,853,000","-144,815,000","-488,100,000","107,704,000","158,533,000","175,173,000","167,454,000","136,609,000","149,511,000","160,741,000","122,069,000","171,797,000","157,826,000","118,254,000","121,100,000","-432,830,000","104,199,000","218,168,000","136,550,000","109,029,000","71,632,000","50,960,000","47,594,000","50,988,000","33,760,000","33,477,000","37,004,000","58,395,000","48,856,000","39,469,000","26,814,000","32,621,000","32,915,000","25,399,000","20,790,000","24,472,000","14,851,000","10,878,000","9,526,000","13,642,000","4,552,000","1,274,000","1,770,000","6,715,000","7,424,000","5,018,000","6,869,000","16,013,000","9,080,000","-754,000","-64,199,000","9,186,000","4,400,000","-1,900,000","-1,700,000","9,100,000","3,700,000","-1,300,000","-42,100,000","9,100,000","7,600,000","-1,300,000",,"12,300,000","6,900,000","200,000","2,800,000","9,300,000","4,700,000","-1,100,000","400,000","7,100,000","5,100,000","2,100,000","4,800,000","13,000,000","10,600,000","1,400,000","3,700,000","21,500,000","9,900,000","1,800,000","1,800,000","8,800,000","7,300,000","1,100,000","1,700,000","10,000,000","6,700,000","700,000","1,400,000","5,700,000",,,"800,000",,,,,,,,,,,,,,,
	NetIncome,"-2,780,000,000","-2,675,000,000","2,361,000,000","-1,857,000,000","-609,000,000","80,000,000","-92,000,000","-593,000,000","-880,000,000","-1,547,000,000","110,000,000","49,000,000","138,000,000","594,000,000","307,000,000","-29,000,000","51,000,000","208,000,000","334,000,000","77,000,000","284,000,000","351,000,000","-210,000,000","-708,000,000","-593,000,000","-1,132,000,000","-2,107,000,000","-1,739,000,000","-788,000,000","78,000,000","312,000,000","211,000,000","207,000,000","194,190,000","144,490,000","185,867,000","245,631,000","127,515,000","-181,853,000","-144,815,000","-488,100,000","107,704,000","158,533,000","175,173,000","167,454,000","136,609,000","149,511,000","160,741,000","122,069,000","171,797,000","157,826,000","118,254,000","121,100,000","-432,830,000","104,199,000","218,168,000","136,550,000","109,029,000","71,632,000","50,960,000","47,594,000","50,988,000","33,760,000","33,477,000","37,004,000","58,395,000","48,856,000","39,469,000","26,814,000","32,621,000","32,915,000","25,399,000","20,790,000","24,472,000","14,851,000","10,878,000","9,526,000","13,642,000","4,552,000","1,274,000","1,770,000","6,715,000","7,424,000","5,018,000","6,869,000","16,013,000","9,080,000","-754,000","-64,199,000","9,186,000","4,400,000","-1,900,000","-1,700,000","9,100,000","3,700,000","-1,300,000","-42,100,000","9,100,000","7,600,000","-1,300,000",,"12,300,000","6,900,000","200,000","2,800,000","9,300,000","4,700,000","-1,100,000","400,000","7,100,000","5,100,000","2,100,000","4,800,000","13,000,000","10,600,000","1,400,000","3,700,000","21,500,000","9,900,000","1,800,000","1,800,000","8,800,000","7,300,000","1,100,000","1,700,000","10,000,000","6,700,000","700,000","1,400,000","5,700,000",,,"800,000",,,,,,,,,,,,,,,
		NetIncomeIncludingNoncontrollingInterests,"-2,780,000,000","-2,675,000,000","2,361,000,000","-1,857,000,000","-609,000,000","80,000,000","-92,000,000","-593,000,000","-880,000,000","-1,547,000,000","110,000,000","49,000,000","138,000,000","594,000,000","307,000,000","-29,000,000","51,000,000","208,000,000","334,000,000","77,000,000","284,000,000","351,000,000","-210,000,000","-708,000,000","-593,000,000","-1,132,000,000","-2,107,000,000","-1,739,000,000","-788,000,000","78,000,000","312,000,000","211,000,000","207,000,000","194,190,000","144,490,000","185,867,000","245,631,000","127,515,000","-181,853,000","-144,815,000","-488,100,000","107,704,000","158,533,000","175,173,000","167,454,000","136,609,000","149,418,000","160,638,000","122,009,000","171,768,000","157,792,000","118,210,000","121,058,000","-432,852,000","104,239,000","218,365,000","136,765,000","109,164,000","71,704,000","51,039,000","47,705,000","51,071,000","33,872,000","33,597,000","37,118,000","58,686,000","49,444,000","39,946,000","27,129,000","32,714,000","33,298,000","25,765,000","21,221,000","24,871,000","15,188,000","11,347,000","10,135,000","14,407,000","4,878,000","1,640,000","2,239,000","7,008,000","7,709,000","5,279,000","7,253,000","16,013,000","9,080,000","-754,000","-64,199,000","9,186,000","4,400,000","-1,900,000","-1,700,000","9,100,000","3,700,000","-1,300,000","-42,100,000","9,100,000","7,600,000","-1,300,000",,"12,300,000","6,900,000","200,000","2,800,000","9,300,000","4,700,000","-1,100,000","400,000","7,100,000","5,100,000","2,100,000","4,800,000","13,000,000","10,600,000","1,400,000","3,700,000","21,500,000","9,900,000","1,800,000","1,800,000","8,800,000","7,300,000","1,100,000","1,700,000","10,000,000","6,700,000","700,000","1,400,000","5,700,000","6,100,000","400,000","800,000","6,700,000","4,900,000","-400,000","600,000","6,400,000","4,000,000","700,000","900,000","4,300,000","4,800,000","1,700,000","1,900,000","5,000,000","4,400,000","3,800,000"
			NetIncomeContinuousOperations,"-2,780,000,000","-2,675,000,000","2,361,000,000","-1,857,000,000","-609,000,000","80,000,000","-92,000,000","-593,000,000","-880,000,000","-1,547,000,000","110,000,000","49,000,000","138,000,000","594,000,000","307,000,000","-29,000,000","51,000,000","208,000,000","334,000,000","77,000,000","284,000,000","351,000,000","-210,000,000","-708,000,000","-593,000,000","-1,132,000,000","-2,107,000,000","-1,739,000,000","-788,000,000","78,000,000","312,000,000","211,000,000","207,000,000","194,190,000","144,490,000","185,867,000","245,631,000","127,515,000","-181,853,000","-144,815,000","-488,100,000","107,704,000","158,533,000","175,173,000","167,454,000","136,609,000","149,418,000","160,638,000","122,009,000","171,768,000","157,792,000","118,210,000","121,058,000","-432,852,000","104,199,000","218,168,000","136,550,000","109,029,000","71,632,000","50,960,000","47,594,000","50,988,000","33,760,000","33,477,000","37,004,000","58,395,000","48,856,000","39,469,000","26,814,000","32,621,000","32,915,000","25,399,000","20,790,000","24,472,000","14,851,000","10,878,000","9,526,000","14,497,000","4,552,000","1,274,000","1,770,000","6,715,000","7,424,000","5,018,000","6,869,000","16,013,000","9,080,000","-754,000","-63,309,000","9,186,000","4,400,000","-1,900,000","-1,700,000","9,100,000","3,700,000","-1,300,000","-42,100,000","9,100,000","7,600,000","-1,300,000",,"12,300,000","6,900,000","200,000","2,800,000","9,300,000","5,000,000","-1,100,000","400,000","7,100,000","5,100,000","2,100,000","4,800,000","13,000,000","10,600,000","1,400,000","3,700,000","11,400,000","9,900,000","1,800,000","1,800,000","8,800,000","7,300,000","1,100,000","1,700,000","10,000,000","6,700,000","700,000","1,400,000","5,700,000","6,100,000","400,000","800,000","6,700,000","4,900,000","-400,000","600,000","6,400,000","4,000,000","700,000","900,000","4,300,000","4,800,000","1,700,000","1,900,000","5,000,000","4,400,000","3,800,000"
			NetIncomeExtraordinary,,,,,,,,,,,,,,,,,,,,,,,,,,,,,,,,,,,,,,,,,,,,,,,,,,,,,,,,,,,,,,,,,,,,,,,,,,,"0",,,"-855,000",,,,,,,,,,,,,,,,,,,,,,,,,,,,,,,,,,,,,"0",,,"10,100,000",,,,,,,,,,,,,,,,,,,,,,,,,,,,,,
			NetIncomeFromTaxLossCarryforward,,,,,,,,,,,,,,,,,,,,,,,,,,,,,,,,,,,,,,,,,,,,,,,,,,,,,,,,,,,,,,,,,,,,,,,,,,,,,,,,,,,,,,,"0",,"-890,000",,,,,,,,,,,,,,,,,,,,,,,,,,,,,,,,,,,,,,,,,,,,,,,,,,,,,,,,,,,
		MinorityInterests,,,,,,,,,,,,,,,,,,,,,,,,,,,,,,,,,,,,,,,,,,,"0","0","0","0","93,000","103,000","60,000","29,000","34,000","44,000","42,000","22,000","-40,000","-197,000","-215,000","-135,000","-72,000","-79,000","-111,000","-83,000","-112,000","-120,000","-114,000","-291,000","-588,000","-477,000","-315,000","-93,000","-383,000","-366,000","-431,000","-399,000","-337,000","-469,000","-609,000","-765,000","-326,000","-366,000","-469,000","-293,000","-285,000","-261,000","-384,000",,,,,,,,,,,,,,,,,,,,,,,,,,,,,,,,,,,,,,,,,,,,,,,,,,,,,,,,,,,,,,,
	PreferredStockDividends,,,,,,,,,,,,,,,"1,000,000",,,"3,000,000","67,000,000","34,000,000","60,000,000","70,000,000","27,000,000","27,000,000","27,000,000","27,000,000","27,000,000","27,000,000","27,000,000","32,000,000",,,,,,,,,,,,,,,,,,,,,,,,,,,,,,,,,,,,,,,,,,,,,,,,,,,,,,,,,,,,,,,,,,,,,,,,,,,,,,,,,,,,,,,,,,,,,,,,,,,,,,,,,,,,,,,,,,,,,,
DilutedNIAvailtoComStockholders,"-2,780,000,000","-2,675,000,000","2,361,000,000","-1,857,000,000","-609,000,000","80,000,000","-92,000,000","-593,000,000","-880,000,000","-1,547,000,000","110,000,000","49,000,000","138,000,000","594,000,000","306,000,000","-29,000,000","51,000,000","205,000,000","267,000,000","43,000,000","224,000,000","281,000,000","-129,000,000","-735,000,000","-620,000,000","-1,159,000,000","-2,134,000,000","-1,766,000,000","-815,000,000","46,000,000","312,000,000","211,000,000","207,000,000","194,190,000","144,490,000","185,867,000","245,631,000","127,515,000","-181,853,000","-144,815,000","-488,100,000","107,704,000","158,533,000","175,173,000","167,454,000","136,609,000","149,511,000","160,741,000","122,069,000","171,797,000","157,826,000","118,254,000","121,100,000","-432,830,000","104,199,000","218,168,000","136,550,000","109,029,000","71,632,000","50,960,000","47,594,000","50,988,000","33,760,000","33,477,000","37,004,000","58,395,000","48,856,000","39,469,000","26,814,000","32,621,000","32,915,000","25,399,000","20,790,000","24,472,000","14,851,000","10,878,000","9,526,000","13,642,000","4,552,000","1,274,000","1,770,000","6,715,000","7,424,000","5,018,000","6,869,000","16,013,000","9,080,000","-754,000","-64,199,000","9,186,000","4,400,000","-1,900,000","-1,700,000","9,100,000","3,700,000","-1,300,000","-42,100,000","9,100,000","7,600,000","-1,300,000",,"12,300,000","6,900,000","200,000","2,800,000","9,300,000","4,700,000","-1,100,000","400,000","7,100,000","5,100,000","2,100,000","4,800,000","13,000,000","10,600,000","1,400,000","3,700,000","21,500,000","9,900,000","1,800,000","1,800,000","8,800,000","7,300,000","1,100,000","1,700,000","10,000,000","6,700,000","700,000","1,400,000","5,700,000",,,"800,000",,,,,,,,,,,,,,,
BasicEPS,,"-2.4","2.32","-2.36","-0.9","0.12","-0.14","-1.04","-1.63","-2.86","0.2","0.09","0.26","1.1","0.54","-0.05","0.09","0.36","0.53","0.09","0.45","0.57","-0.48","-1.52","-1.61","-3.03","-5.58","-4.62","-2.13","0.12",,"0.6","0.59","0.55","0.41","0.53","0.7","0.36","-1.02","-0.42","-1.4","0.31",,"0.5","0.48","0.39",,"0.47","0.35","0.5",,"0.34","0.35","-1.26",,"0.64","0.4","0.32",,"0.15","0.14","0.15",,"0.1","0.11","0.175",,"0.133","0.093","0.113",,"0.089","0.073","0.086",,"0.039","0.034","0.06",,"0.006","0.009","0.033",,"0.025","0.034","0.08",,"-0.004","-0.321","0.046",,"-0.01","-0.009","0.046",,"-0.006","-0.213","0.046",,"-0.006",,"0.063",,"0.001","0.014","0.048",,"-0.005","0.003","0.035",,"0.011","0.023","0.064",,"0.006","0.019","0.104",,"0.009","0.009","0.043",,"0.005","0.009","0.049",,"0.004","0.008","0.029",,"0.003","0.004","0.034",,"-0.003","0.003","0.033",,"0.004","0.005","0.021",,"0.009","0.01","0.025",,"0.02"
DilutedEPS,,"-2.4","2.31","-2.36","-0.9","0.12","-0.14","-1.04","-1.63","-2.86","0.2","0.09","0.26","1.1","0.54","-0.05","0.09","0.36","0.53","0.09","0.45","0.57","-0.48","-1.52","-1.61","-3.03","-5.58","-4.62","-2.13","0.12",,"0.6","0.59","0.55","0.41","0.53","0.7","0.36","-1.02","-0.42","-1.4","0.31",,"0.5","0.48","0.39",,"0.46","0.35","0.49",,"0.34","0.35","-1.26",,"0.63","0.39","0.31",,"0.15","0.14","0.15",,"0.1","0.11","0.17",,"0.128","0.09","0.109",,"0.085","0.07","0.084",,"0.038","0.033","0.059",,"0.006","0.009","0.033",,"0.025","0.034","0.079",,"-0.004","-0.321","0.046",,"-0.01","-0.009","0.046",,"-0.006","-0.213","0.046",,"-0.006",,"0.063",,"0.001","0.014","0.048",,"-0.005","0.003","0.035",,"0.011","0.023","0.064",,"0.006","0.019","0.104",,"0.009","0.009","0.043",,"0.005","0.009","0.049",,"0.004","0.008","0.029",,"0.003","0.004","0.034",,"-0.003","0.003","0.033",,"0.004","0.005","0.021",,"0.009","0.01","0.025",,"0.02"
BasicAverageShares,,"1,114,610,964","1,015,779,264","787,032,414","676,722,999","675,385,145","641,576,267","571,872,413","541,079,192","540,308,491","539,434,877","539,221,101","539,005,941","539,721,751","564,863,538","581,171,753","581,159,200","571,297,804","503,614,377","499,812,926","496,419,815","493,068,000","489,287,827","482,485,150","385,594,815","382,870,847","382,334,978","382,098,080","382,114,011","375,444,030",,"351,457,043","351,391,582","351,222,538","350,851,141","350,517,337","350,448,806","350,032,430","349,618,083","348,649,630","348,162,723","348,000,074",,"347,239,793","347,132,830","346,833,906",,"345,587,569","345,288,773","345,099,247",,"343,717,232","342,960,373","342,570,995",,"342,312,845","341,402,888","341,064,247",,"339,591,040","338,933,824","337,202,714",,"335,028,498","334,089,178","333,555,120",,"296,385,296","289,899,948","289,006,880",,"286,181,128","285,371,648","284,395,624",,"280,722,640","280,425,368","225,107,752",,"202,455,360","201,671,792","203,994,352",,"201,523,096","201,516,984","201,496,824",,"200,274,448","200,280,632","200,300,064",,"190,000,000","194,285,714","196,756,757",,"208,000,000","198,117,647","196,756,757",,"208,000,000","196,800,000","196,800,000",,"160,000,000","203,636,364","195,789,474",,"220,000,000","160,000,000","202,857,143",,"186,666,667","213,333,333","203,921,569",,"224,000,000","197,333,333","207,228,916",,"205,714,286","205,714,286","207,058,824",,"220,000,000","194,285,714","205,128,205",,"186,666,667","186,666,667","198,260,870",,"200,000,000","213,333,333","199,712,000",,"199,712,000","199,712,000","199,712,000",,"199,760,000","199,760,000","199,760,000",,"199,760,000","199,760,000","199,760,000",,"199,760,000"
DilutedAverageShares,,"1,114,610,964","1,020,130,445","787,032,414","676,722,999","679,867,825","641,576,267","571,872,413","541,079,192","540,308,491","540,574,288","540,038,187","539,947,053","541,320,487","567,773,371","581,171,753","582,878,106","573,844,459","507,137,867","502,290,779","498,224,599","494,494,995","489,287,827","482,485,150","385,594,815","382,870,847","382,334,978","382,098,080","382,114,011","375,578,054",,"352,327,250","352,579,522","351,985,821","351,364,481","351,222,830","351,082,807","350,738,309","349,618,083","348,649,630","348,162,723","349,990,725",,"349,998,789","349,970,819","349,697,327",,"349,228,576","349,341,731","349,397,997",,"349,000,241","348,806,860","342,570,995",,"346,712,565","346,551,198","348,196,507",,"345,088,224","345,001,082","344,064,964",,"343,156,208","341,777,678","341,893,002",,"307,329,200","300,808,132","299,649,016",,"296,720,888","294,602,248","292,916,624",,"288,225,256","288,701,808","231,930,360",,"208,772,928","209,051,616","206,873,976",,"204,969,712","205,262,736","203,964,680",,"200,504,608","200,504,608","200,504,608",,"190,000,000","194,285,714","196,756,757",,"208,000,000","198,117,647","196,756,757",,"208,000,000","196,800,000","196,800,000",,"160,000,000","203,636,364","195,789,474",,"220,000,000","160,000,000","202,857,143",,"186,666,667","213,333,333","203,921,569",,"224,000,000","197,333,333","207,228,916",,"205,714,286","205,714,286","207,058,824",,"220,000,000","194,285,714","205,128,205",,"186,666,667","186,666,667","198,260,870",,"200,000,000","213,333,333","199,712,000",,"199,712,000","199,712,000","199,712,000",,"199,760,000","199,760,000","199,760,000",,"199,760,000","199,760,000","199,760,000",,"199,760,000"
TotalOperatingIncomeAsReported,"3,633,000,000","1,299,000,000","1,405,000,000","636,000,000","293,000,000","301,000,000","-244,000,000","-381,000,000","-756,000,000","-1,490,000,000","64,000,000","-29,000,000","22,000,000","213,000,000","352,000,000","66,000,000","124,000,000","255,000,000","167,000,000","110,000,000","188,000,000","266,000,000","122,000,000","-725,000,000","-492,000,000","-1,100,000,000","-2,561,000,000","-2,842,000,000","-1,284,000,000","165,000,000","285,000,000","286,000,000","367,000,000","434,619,000","317,117,000","309,229,000","325,317,000","251,960,000","-293,693,000","-220,202,000","-787,641,000","185,960,000","263,890,000","295,718,000","282,542,000","232,651,000","256,685,000","270,136,000","206,317,000","288,090,000","266,261,000","197,038,000","202,227,000","-700,492,000","170,932,000","299,040,000","229,286,000","187,510,000","126,248,000","89,453,000","82,006,000","83,759,000","55,056,000","53,118,000","48,294,000","89,804,000","75,312,000","67,201,000","47,181,000","56,226,000","55,297,000","45,437,000","38,246,000","43,307,000","27,015,000","22,707,000","19,946,000","27,674,000","12,772,000","7,994,000","8,900,000","16,839,000","17,792,000","14,263,000","18,015,000","32,599,000","21,440,000","5,884,000","-101,849,000","21,056,000","13,000,000","1,600,000","1,600,000","20,000,000","12,200,000","2,900,000","-63,800,000","20,000,000","18,700,000","3,100,000","5,200,000","25,100,000","16,100,000","4,200,000","8,100,000","19,600,000","10,300,000","2,000,000","3,900,000","15,200,000","11,800,000","6,500,000","10,500,000","23,500,000",,,,,,,,,,,,,,,,,,,,,,,,,,,,,,,,,,
TotalExpenses,"4,798,000,000","1,619,000,000","1,505,000,000","921,000,000","753,000,000","764,000,000","646,000,000","544,000,000","509,000,000","593,000,000","672,000,000","659,000,000","640,000,000","774,000,000","811,000,000","722,000,000","674,000,000","665,000,000","648,000,000","627,000,000","623,000,000","580,000,000","561,000,000","557,000,000","533,000,000","581,000,000","679,000,000","751,000,000","790,000,000","768,000,000","677,000,000","642,000,000","668,000,000","678,158,000","589,972,000","559,137,000","536,724,000","481,689,000","504,321,000","464,585,000","451,470,000","470,509,000","480,260,000","471,537,000","482,624,000","443,684,000","413,746,000","412,036,000","383,626,000","380,027,000","358,232,000","305,911,000","275,293,000","333,497,000","329,145,000","383,959,000","375,084,000","336,596,000","276,527,000","208,169,000","188,076,000","200,893,000","158,961,000","115,276,000","105,705,000","136,898,000","145,374,000","94,926,000","85,282,000","104,827,000","94,228,000","65,958,000","58,181,000","76,483,000","64,176,000","48,361,000","46,541,000","70,981,000","59,977,000","43,097,000","47,104,000","64,819,000","54,587,000","45,133,000","58,008,000","104,530,000","91,705,000","69,458,000","180,332,000","75,857,000","72,800,000","58,800,000","54,500,000","58,200,000","61,300,000","50,700,000","120,100,000","63,000,000","68,700,000","45,500,000","46,100,000","63,800,000","44,700,000","26,000,000","26,200,000","44,300,000","35,000,000","23,500,000","26,700,000","36,600,000","30,500,000","21,400,000","24,100,000","41,900,000",,,,,,,,,,,,,,,,,,,,,,,,,,,,,,,,,,
NetIncomeFromContinuingAndDiscontinuedOperation,"-2,780,000,000","-2,675,000,000","2,361,000,000","-1,857,000,000","-609,000,000","80,000,000","-92,000,000","-593,000,000","-880,000,000","-1,547,000,000","110,000,000","49,000,000","138,000,000","594,000,000","307,000,000","-29,000,000","51,000,000","208,000,000","334,000,000","77,000,000","284,000,000","351,000,000","-210,000,000","-708,000,000","-593,000,000","-1,132,000,000","-2,107,000,000","-1,739,000,000","-788,000,000","78,000,000","312,000,000","211,000,000","207,000,000","194,190,000","144,490,000","185,867,000","245,631,000","127,515,000","-181,853,000","-144,815,000","-488,100,000","107,704,000","158,533,000","175,173,000","167,454,000","136,609,000","149,511,000","160,741,000","122,069,000","171,797,000","157,826,000","118,254,000","121,100,000","-432,830,000","104,199,000","218,168,000","136,550,000","109,029,000","71,632,000","50,960,000","47,594,000","50,988,000","33,760,000","33,477,000","37,004,000","58,395,000","48,856,000","39,469,000","26,814,000","32,621,000","32,915,000","25,399,000","20,790,000","24,472,000","14,851,000","10,878,000","9,526,000","14,497,000","4,552,000","1,274,000","1,770,000","6,715,000","7,424,000","5,018,000","6,869,000","16,013,000","9,080,000","-754,000","-63,309,000","9,186,000","4,400,000","-1,900,000","-1,700,000","9,100,000","3,700,000","-1,300,000","-42,100,000","9,100,000","7,600,000","-1,300,000",,"12,300,000","6,900,000","200,000","2,800,000","9,300,000","5,000,000","-1,100,000","400,000","7,100,000","5,100,000","2,100,000","4,800,000","13,000,000","10,600,000","1,400,000","3,700,000","11,400,000","9,900,000","1,800,000","1,800,000","8,800,000","7,300,000","1,100,000","1,700,000","10,000,000","6,700,000","700,000","1,400,000","5,700,000",,,"800,000",,,,,,,,,,,,,,,
NormalizedIncome,"1,044,400,000","1,279,000,000","1,407,000,000","642,000,000","266,000,000","278,000,000","47,430,000","-37,000,000","-121,000,000","-727,940,000","76,420,000","-33,820,000","5,700,000","619,550,000","337,899,350.649","199,000,000","113,000,000","215,000,000","254,200,000","85,400,000","160,000,000","236,000,000","89,178,082.192","67,030,000","-27,000,000","-20,000,000","-22,866,666.667","12,500,000","-14,763,466.042","69,460,000","189,532,710.28","164,200,000","211,800,000","254,022,000","176,754,700","178,592,600","189,561,600","145,391,400","157,138,000","132,308,164.354","86,061,979.015","107,824,729.506","158,567,886.673","175,246,708.973","167,412,203.284","136,382,518.363","149,413,800","160,542,540.938","122,120,230.204","171,782,970.903","157,606,921.146","117,913,473.572","120,997,362.153","125,260,522.66","103,056,849.362","181,204,748.51","136,445,220.506","109,024,659.994","71,754,444.692","50,908,539.657","47,671,500.521","50,974,980.046","34,130,810.951","32,722,457.746","28,990,137.399","56,390,953.06","46,243,090.68","39,199,088.677","26,804,474.826","32,505,079.183","32,446,934.992","25,741,088.923","21,336,840","24,269,767.686","14,908,129.451","11,173,122.713","9,565,063.855","13,615,425.676","4,531,630.262","1,350,280.058","1,912,682.418","6,863,825.9","7,835,117.795","5,130,243.132","7,087,489.738","15,781,254.561","8,830,400","-499,616.505","-65,284,813.719","9,943,010.824","4,942,465.753","-1,593,548.387","-1,578,571.429","9,527,516.779","4,549,180.328","-940,000","-41,428,840.58","9,649,664.43","8,572,800","-619,047.619",,"12,976,500","7,715,454.545","733,333.333","3,235,555.556","9,977,483.444","4,277,108.434","-611,111.111","820,000","7,655,652.174","5,653,012.048","2,470,588.235","5,107,692.308","13,308,056.872","10,600,000","1,400,000","3,700,000","11,400,000","9,900,000","1,800,000","1,800,000","8,800,000","7,300,000","1,100,000","1,700,000","10,000,000","6,700,000","700,000","1,400,000","5,700,000",,,"800,000",,,,,,,,,,,,,,,
InterestExpense,"146,000,000","41,000,000","41,000,000","34,000,000","30,000,000","31,000,000","31,000,000","22,000,000","22,000,000","19,000,000","19,000,000","17,000,000","15,000,000","14,000,000","24,000,000","29,000,000","32,000,000","39,000,000","38,000,000","31,000,000","34,000,000","32,000,000","31,000,000","26,000,000","17,000,000","14,000,000","4,000,000","0","1,000,000","51,000,000","20,000,000","13,000,000","12,000,000","12,907,000","12,277,000","11,018,000","9,278,000","9,021,000","9,352,000","10,606,000","8,361,000","7,338,000","4,812,000","5,657,000","6,170,000","7,436,000","6,886,000","6,589,000","6,180,000","6,508,000","6,611,000","5,277,000","3,066,000","3,684,000",,,,,,,,,,,,,,,,,,,,,,,,,,,,,,,,,,,,,,,,,,,,,,,,,,,,,,,,,,,,,,,,,,,,,,,,,,,,,,,,,,,,,,,,,,,,,,
NetInterestIncome,"-146,000,000","-41,000,000","-41,000,000","-34,000,000","-30,000,000","-31,000,000","-31,000,000","-22,000,000","-22,000,000","-19,000,000","-19,000,000","-17,000,000","-15,000,000","-14,000,000","-24,000,000","-29,000,000","-32,000,000","-39,000,000","-38,000,000","-31,000,000","-34,000,000","-32,000,000","-31,000,000","-26,000,000","-17,000,000","-14,000,000","-4,000,000","0","-1,000,000","-51,000,000","-20,000,000","-13,000,000","-12,000,000","-12,907,000","-12,277,000","-11,018,000","-9,278,000","-9,021,000","-9,352,000","-10,606,000","-8,361,000","-7,338,000","-4,812,000","-5,657,000","-6,170,000","-7,436,000","-6,886,000","-6,589,000","-6,180,000","-6,508,000","-6,611,000","-5,277,000","-3,066,000","-3,684,000","-1,800,000","-6,578,000","-8,997,000","-11,529,000","-10,145,000","-7,264,000","-5,006,000",,"-178,000","-220,000","-136,000","-145,000","-1,136,000",,"-4,655,000","-4,538,000","-4,448,000",,"-3,947,000","-4,385,000","-4,236,000","-4,217,000",,,"-5,327,000","-5,433,000","-5,321,000","-5,385,000","-5,367,000","-5,592,000","-6,018,000","-6,722,000","-6,597,000","-6,703,000",,"-4,756,000",,"-4,400,000",,"-4,300,000","-4,600,000","-4,500,000",,,,,"-3,700,000","-4,000,000","-3,900,000","-3,100,000","-2,800,000","-3,200,000","-3,200,000","-2,900,000","-2,500,000","-2,600,000","-2,600,000","-2,300,000","-2,100,000","-1,900,000",,,,,,,,,,,,,,,,,,,,,,,,,,,,,,,,,,
EBIT,"-2,630,000,000","-2,630,000,000","2,402,000,000","-1,823,000,000","-579,000,000","111,000,000","-60,000,000","-571,000,000","-858,000,000","-1,122,000,000","119,000,000","76,000,000","168,000,000","182,000,000","332,000,000","0","83,000,000","247,000,000","293,000,000","94,000,000","318,000,000","383,000,000","-188,000,000","-702,000,000","-577,000,000","-1,117,000,000","-2,576,000,000","-2,827,000,000","-1,280,000,000","178,000,000","448,000,000","364,000,000","359,000,000","336,092,000","270,184,000","321,034,000","419,120,000","221,633,000","-295,278,000","-219,964,000","-785,064,000","185,760,000","263,833,000","295,596,000","282,611,000","233,025,000","256,847,000","270,462,000","206,233,000","288,113,000","266,622,000","197,592,000","202,396,000","-700,127,000","170,932,000","299,040,000","229,286,000","187,510,000","126,248,000","89,453,000","82,006,000","83,759,000","55,056,000","53,118,000","48,294,000","89,804,000","75,312,000","67,201,000","47,181,000","56,226,000","55,297,000","45,437,000","38,246,000","43,307,000","27,015,000","22,707,000","19,946,000","27,674,000","12,772,000","7,994,000","8,900,000","16,839,000","17,792,000","14,263,000","18,015,000","32,599,000","21,440,000","5,884,000","-101,849,000","21,056,000","13,000,000","1,600,000","1,600,000","20,000,000","12,200,000","2,900,000","-63,800,000","20,000,000","18,700,000","3,100,000","5,200,000","25,100,000","16,100,000","4,200,000","8,100,000","19,600,000","10,300,000","2,000,000","3,900,000","15,200,000","11,800,000","6,500,000","10,500,000","23,500,000","53,100,000","28,500,000","34,000,000","58,400,000","46,200,000","21,000,000","25,100,000","48,900,000","43,500,000","20,200,000","22,400,000","50,300,000","36,700,000","16,300,000","22,100,000","42,000,000","38,000,000","16,700,000","21,200,000","46,400,000","33,800,000","14,700,000","15,900,000","30,900,000","20,400,000","10,700,000","13,900,000","26,300,000","20,800,000","11,900,000","15,300,000","29,800,000","20,800,000","19,400,000"
EBITDA,"-1,905,000,000"
ReconciledCostOfRevenue,"3,188,000,000","1,137,000,000","1,060,000,000","558,000,000","433,000,000","452,000,000","361,000,000","296,000,000","285,000,000","361,000,000","417,000,000","413,000,000","414,000,000","553,000,000","545,000,000","439,000,000","407,000,000","398,000,000","376,000,000","371,000,000","376,000,000","357,000,000","324,000,000","333,000,000","304,000,000","339,000,000","413,000,000","488,000,000","527,000,000","515,000,000","477,000,000","458,000,000","491,000,000","496,196,000","421,633,000","400,205,000","386,977,000","359,423,000","800,000,000","210,575,000","183,247,000","206,822,000","228,010,000","238,404,000","254,358,000","225,808,000","204,536,000","210,621,000","192,332,000","193,832,000","169,075,000","151,452,000","121,284,000","175,933,000","149,219,000","224,989,000","211,808,000","183,809,000","132,615,000","80,302,000","76,577,000","100,869,000","64,966,000","33,179,000","34,893,000","73,483,000","79,316,000","35,733,000","33,012,000","56,011,000","45,033,000","20,476,000","17,298,000","38,632,000","27,162,000","11,955,000","12,172,000","37,884,000","24,527,000","11,883,000","14,659,000","32,839,000","20,037,000","14,193,000","25,847,000","74,488,000","60,766,000","40,128,000","42,015,000","47,623,000","44,400,000","33,100,000","28,300,000","32,400,000","32,300,000","24,800,000","23,000,000","33,000,000","37,300,000","18,700,000","18,600,000","35,400,000","17,300,000","2,500,000","3,000,000","20,100,000","12,700,000","3,000,000","5,700,000","15,600,000","8,400,000","2,400,000","4,300,000","21,300,000",,,,,,,,,,,,,,,,,,,,,,,,,,,,,,,,,,
ReconciledDepreciation,"725,000,000","275,000,000","212,000,000","138,000,000","100,000,000","96,000,000","90,000,000","70,000,000","84,000,000","113,000,000","119,000,000","119,000,000","121,000,000","112,000,000","124,000,000","151,000,000","142,000,000","143,000,000","140,000,000","135,000,000","123,000,000","106,000,000","87,000,000","99,000,000","107,000,000","143,000,000","215,000,000","274,000,000","310,000,000","293,000,000","249,000,000","238,000,000","228,920,000","226,080,000","216,332,000","205,916,000","187,847,000","180,458,000","209,823,000","201,637,000","208,811,000","194,439,000","191,075,000","179,856,000","172,368,000","164,667,000","156,428,000","151,687,000","144,409,000","139,419,000","138,073,000","114,235,000","118,336,000","124,647,000","114,350,000","105,390,000","98,776,000","97,635,000","90,670,000","81,775,000","66,773,000","56,114,000","51,094,000","40,768,000","32,254,000","28,403,000","27,759,000","26,535,000","24,007,000","21,257,000","22,007,000","20,971,000","17,883,000","16,489,000","15,658,000","15,462,000","14,563,000","13,105,000","13,535,000","13,925,000","14,467,000","14,472,000","15,163,000","14,325,000","13,005,000","12,012,000","12,217,000","11,961,000","11,655,000","11,394,000",,,,,,,,,,,,,,,,,,,,,,,,,,,,,,,,,,,,,,,,,,,,,,,,,,,,,,,,,,
NetIncomeFromContinuingOperationNetMinorityInterest,"-2,780,000,000","-2,675,000,000","2,361,000,000","-1,857,000,000","-609,000,000","80,000,000","-92,000,000","-593,000,000","-880,000,000","-1,547,000,000","110,000,000","49,000,000","138,000,000","594,000,000","307,000,000","-29,000,000","51,000,000","208,000,000","334,000,000","77,000,000","284,000,000","351,000,000","-210,000,000","-708,000,000","-593,000,000","-1,132,000,000","-2,107,000,000","-1,739,000,000","-788,000,000","78,000,000","312,000,000","211,000,000","207,000,000","194,190,000","144,490,000","185,867,000","245,631,000","127,515,000","-181,853,000","-144,815,000","-488,100,000","107,704,000","158,533,000","175,173,000","167,454,000","136,609,000","149,511,000","160,741,000","122,069,000","171,797,000","157,826,000","118,254,000","121,100,000","-432,830,000","104,199,000","218,168,000","136,550,000","109,029,000","71,632,000","50,960,000","47,594,000","50,988,000","33,760,000","33,477,000","37,004,000","58,395,000","48,856,000","39,469,000","26,814,000","32,621,000","32,915,000","25,399,000","20,790,000","24,472,000","14,851,000","10,878,000","9,526,000","14,497,000","4,552,000","1,274,000","1,770,000","6,715,000","7,424,000","5,018,000","6,869,000","16,013,000","9,080,000","-754,000","-63,309,000","9,186,000","4,400,000","-1,900,000","-1,700,000","9,100,000","3,700,000","-1,300,000","-42,100,000","9,100,000","7,600,000","-1,300,000",,"12,300,000","6,900,000","200,000","2,800,000","9,300,000","5,000,000","-1,100,000","400,000","7,100,000","5,100,000","2,100,000","4,800,000","13,000,000","10,600,000","1,400,000","3,700,000","11,400,000","9,900,000","1,800,000","1,800,000","8,800,000","7,300,000","1,100,000","1,700,000","10,000,000","6,700,000","700,000","1,400,000","5,700,000",,,"800,000",,,,,,,,,,,,,,,
TotalUnusualItemsExcludingGoodwill,"-6,374,000,000","-3,954,000,000","954,000,000","-2,499,000,000","-875,000,000","-198,000,000","-191,000,000","-556,000,000","-759,000,000","-1,122,000,000","46,000,000","101,000,000","147,000,000","-35,000,000","-31,000,000","-228,000,000","-62,000,000","-7,000,000","133,000,000","-14,000,000","124,000,000","115,000,000","-312,000,000","-799,000,000","-566,000,000","-1,112,000,000","-2,552,000,000","-2,825,000,000","-1,257,000,000","14,000,000","168,000,000","78,000,000","-8,000,000","-99,720,000","-49,638,000","12,124,000","93,449,000","-29,794,000","-564,985,000","-441,227,000","-933,322,000","-200,000","-57,000","-122,000","69,000","374,000","162,000","326,000","-84,000","23,000","361,000","554,000","169,000","-907,447,000","1,874,000","59,618,000","169,000","7,000","-198,000","83,000","-125,000","21,000","-595,000","1,217,000","13,281,000","3,176,000","4,158,000","427,000","15,000","184,000","728,000","-543,000","-868,000","321,000","-86,000","-476,000","-63,000","1,422,000","32,000","-124,000","-232,000","-242,000","-637,000","-184,000","-358,000","380,000","416,000","-417,000","3,239,000","-1,241,000","-900,000","-500,000","-200,000","-700,000","-1,400,000","-600,000","-1,100,000","-900,000","-1,600,000","-1,100,000",,"-1,100,000","-1,300,000","-800,000","-700,000","-1,100,000","1,200,000","-800,000","-700,000","-900,000","-900,000","-600,000","-500,000","-500,000",,,,,,,,,,,,,,,,,,,,,,,,,,,,,,,,,,
TotalUnusualItems,"-6,374,000,000","-3,954,000,000","954,000,000","-2,499,000,000","-875,000,000","-198,000,000","-191,000,000","-556,000,000","-759,000,000","-1,122,000,000","46,000,000","101,000,000","147,000,000","-35,000,000","-31,000,000","-228,000,000","-62,000,000","-7,000,000","133,000,000","-14,000,000","124,000,000","115,000,000","-312,000,000","-799,000,000","-566,000,000","-1,112,000,000","-2,552,000,000","-2,825,000,000","-1,257,000,000","14,000,000","168,000,000","78,000,000","-8,000,000","-99,720,000","-49,638,000","12,124,000","93,449,000","-29,794,000","-564,985,000","-441,227,000","-933,322,000","-200,000","-57,000","-122,000","69,000","374,000","162,000","326,000","-84,000","23,000","361,000","554,000","169,000","-907,447,000","1,874,000","59,618,000","169,000","7,000","-198,000","83,000","-125,000","21,000","-595,000","1,217,000","13,281,000","3,176,000","4,158,000","427,000","15,000","184,000","728,000","-543,000","-868,000","321,000","-86,000","-476,000","-63,000","1,422,000","32,000","-124,000","-232,000","-242,000","-637,000","-184,000","-358,000","380,000","416,000","-417,000","3,239,000","-1,241,000","-900,000","-500,000","-200,000","-700,000","-1,400,000","-600,000","-1,100,000","-900,000","-1,600,000","-1,100,000",,"-1,100,000","-1,300,000","-800,000","-700,000","-1,100,000","1,200,000","-800,000","-700,000","-900,000","-900,000","-600,000","-500,000","-500,000",,,,,,,,,,,,,,,,,,,,,,,,,,,,,,,,,,
NormalizedEBITDA,"4,469,000,000","1,599,000,000","1,660,000,000","814,000,000","396,000,000","405,000,000","221,000,000","55,000,000","-15,000,000","113,000,000","192,000,000","94,000,000","142,000,000","329,000,000","487,000,000","379,000,000","287,000,000","397,000,000","300,000,000","243,000,000","317,000,000","374,000,000","211,000,000","196,000,000","96,000,000","138,000,000","191,000,000","272,000,000","287,000,000","457,000,000","529,000,000","524,000,000","595,920,000","661,892,000","536,154,000","514,826,000","513,518,000","431,885,000","479,530,000","422,900,000","357,069,000","380,399,000","454,965,000","475,574,000","454,910,000","397,318,000","413,113,000","421,823,000","350,726,000","427,509,000","404,334,000","311,273,000","320,563,000","331,967,000","283,408,000","344,812,000","327,893,000","285,138,000","217,116,000","171,145,000","148,904,000","139,852,000","106,745,000","92,669,000","67,267,000","115,031,000","98,913,000","93,309,000","71,173,000","77,299,000","76,576,000","66,951,000","56,997,000","59,475,000","42,759,000","38,645,000","34,572,000","39,357,000","26,275,000","22,043,000","23,599,000","31,553,000","33,592,000","28,772,000","31,378,000","44,231,000","33,241,000","18,262,000","-93,433,000","33,691,000","25,000,000","12,600,000","12,500,000","31,400,000","25,100,000","14,700,000","-50,200,000","34,000,000","33,600,000","15,400,000","16,800,000","38,600,000","28,800,000","14,900,000","18,900,000","32,000,000","18,000,000","11,800,000","13,600,000","25,500,000","22,200,000","15,300,000","19,600,000","33,500,000","53,100,000","28,500,000","34,000,000","58,400,000","46,200,000","21,000,000","25,100,000","48,900,000","43,500,000","20,200,000","22,400,000","50,300,000","36,700,000","16,300,000","22,100,000","42,000,000","38,000,000","16,700,000","21,200,000","46,400,000","33,800,000","14,700,000","15,900,000","30,900,000","20,400,000","10,700,000","13,900,000","26,300,000","20,800,000","11,900,000","15,300,000","29,800,000","20,800,000","19,400,000"
TaxRateForCalcs,"0.4","0","0","0","0","0","0.27","0","0","0.27","0.27","0.18","0.1","0.27","0.003","0","0","0","0.4","0.4","0","0","0.041","0.03","0","0","0.183","0.38","0.385","0.39","0.271","0.4","0.4","0.4","0.35","0.4","0.4","0.4","0.4","0.372","0.385","0.396","0.388","0.396","0.394","0.394","0.4","0.391","0.39","0.39","0.393","0.385","0.393","0.385","0.391","0.38","0.38","0.38","0.382","0.38","0.38","0.38","0.377","0.38","0.397","0.369","0.372","0.368","0.365","0.37","0.357","0.37","0.37","0.37","0.336","0.38","0.38","0.38","0.363","0.385","0.385","0.385","0.355","0.39","0.39","0.39","0.4","0.39","0.39","0.39","0.397","0.387","0.393","0.389","0.393","0.4","0.39","0.389","0.392","0.381",,"0.385","0.373","0.333","0.378","0.384","0.398","0.389","0.4","0.383","0.386","0.382","0.385","0.384","0.4","0.4","0.4","0.4","0.4","0.4","0.4","0.4","0.4","0.4","0.4","0.4","0.4","0.4","0.4","0.4",,,"0.4",,,,,,,,,,,,,,,
TaxEffectOfUnusualItems,"-2,549,600,000","0","0","0","0","0","-51,570,000","0","0","-302,940,000","12,420,000","18,180,000","14,700,000","-9,450,000","-100,649.351","0","0","0","53,200,000","-5,600,000","0","0","-12,821,917.808","-23,970,000","0","0","-467,866,666.667","-1,073,500,000","-483,763,466.042","5,460,000","45,532,710.28","31,200,000","-3,200,000","-39,888,000","-17,373,300","4,849,600","37,379,600","-11,917,600","-225,994,000","-164,103,835.646","-359,160,020.985","-79,270.494","-22,113.327","-48,291.027","27,203.284","147,518.363","64,800","127,540.938","-32,769.796","8,970.903","141,921.146","213,473.572","66,362.153","-349,356,477.34","731,849.362","22,654,748.51","64,220.506","2,659.994","-75,555.308","31,539.657","-47,499.479","7,980.046","-224,189.049","462,457.746","5,267,137.399","1,171,953.06","1,545,090.68","157,088.677","5,474.826","68,079.183","259,934.992","-200,911.077","-321,160","118,767.686","-28,870.549","-180,877.287","-23,936.145","540,425.676","11,630.262","-47,719.942","-89,317.582","-93,174.1","-225,882.205","-71,756.868","-139,510.262","148,254.561","166,400","-162,616.505","1,263,186.281","-483,989.176","-357,534.247","-193,548.387","-78,571.429","-272,483.221","-550,819.672","-240,000","-428,840.58","-350,335.57","-627,200","-419,047.619",,"-423,500","-484,545.455","-266,666.667","-264,444.444","-422,516.556","477,108.434","-311,111.111","-280,000","-344,347.826","-346,987.952","-229,411.765","-192,307.692","-191,943.128","0","0","0","0","0","0","0","0","0","0","0","0","0","0","0","0",,,"0",,,,,,,,,,,,,,,