name,ttm,03/31/2022,12/31/2021,09/30/2021,06/30/2021,03/31/2021,12/31/2020,09/30/2020,06/30/2020,03/31/2020,12/31/2019,09/30/2019,06/30/2019,03/31/2019,12/31/2018,09/30/2018,06/30/2018,03/31/2018,12/31/2017,09/30/2017,06/30/2017,03/31/2017,12/31/2016,09/30/2016,06/30/2016,03/31/2016,12/31/2015,09/30/2015,06/30/2015,03/31/2015,12/31/2014,09/30/2014,06/30/2014,03/31/2014,12/31/2013,09/30/2013,06/30/2013,03/31/2013,12/31/2012,09/30/2012,06/30/2012,03/31/2012,12/31/2011,09/30/2011,06/30/2011,03/31/2011,12/31/2010,09/30/2010,06/30/2010,03/31/2010,12/31/2009,09/30/2009,06/30/2009,03/31/2009,12/31/2008,09/30/2008,06/30/2008,03/31/2008,12/31/2007,09/30/2007,06/30/2007,03/31/2007,12/31/2006,09/30/2006,06/30/2006,03/31/2006,12/31/2005,09/30/2005,06/30/2005,03/31/2005,12/31/2004,09/30/2004,06/30/2004,03/31/2004,12/31/2003,09/30/2003,06/30/2003,03/31/2003,12/31/2002,09/30/2002,06/30/2002,03/31/2002,12/31/2001
TotalRevenue,"1,591,100,000","470,100,000","420,500,000","372,700,000","327,800,000","325,800,000","357,600,000","328,400,000","277,600,000","328,100,000","388,300,000","339,900,000","295,100,000","334,000,000","425,500,000","417,600,000","388,500,000","394,000,000","430,400,000","417,400,000","426,500,000","444,200,000","461,300,000","386,200,000","323,900,000","402,500,000","470,500,000","470,000,000","478,956,000","477,598,000","463,705,000","282,741,000","314,898,000","204,271,000","205,763,000","222,607,000","230,183,000","163,324,000","143,040,000","127,041,000","137,607,000","131,705,000","145,470,000","133,446,000","143,366,000","142,406,000","159,581,000","153,185,000","145,763,000","116,212,000","133,323,000","119,592,000","115,327,000","100,595,000","141,523,000","115,857,000","96,854,000","78,861,000","98,650,000","86,692,000","71,576,000","64,309,000","76,087,000","54,815,000","43,912,000","40,365,000","48,555,000","51,725,000","56,837,000","56,668,000","56,543,000","38,091,000","35,147,000","34,284,000","34,274,000","29,571,000","28,222,000","26,103,000","24,199,000","22,177,000","25,809,000","24,421,000","26,402,000"
	OperatingRevenue,"1,591,100,000","470,100,000","420,500,000","372,700,000","327,800,000","325,800,000","357,600,000","328,400,000","277,600,000","328,100,000","388,300,000","339,900,000","295,100,000","334,000,000","425,500,000","417,600,000","388,500,000","394,000,000","430,400,000","417,400,000","426,500,000","444,200,000","461,300,000","386,200,000","323,900,000","402,500,000","470,500,000","470,000,000","478,956,000","477,598,000","463,705,000","282,741,000","314,898,000","204,271,000","205,763,000","222,607,000","230,183,000","163,324,000","143,040,000","127,041,000","137,607,000","131,705,000","145,470,000","133,446,000","143,366,000","142,406,000","159,581,000","153,185,000","145,763,000","116,212,000","133,323,000","119,592,000","115,327,000","100,595,000","141,523,000","115,857,000","96,854,000","78,861,000","98,650,000","86,692,000","71,576,000","64,309,000","76,087,000","54,815,000","43,912,000","40,365,000","48,555,000","51,725,000","56,837,000","56,668,000","56,543,000","38,091,000","35,147,000","34,284,000","34,274,000","29,571,000","28,222,000","26,103,000","24,199,000","22,177,000","25,809,000","24,421,000","26,402,000"
CostOfRevenue,"743,300,000","216,300,000","195,400,000","174,600,000","157,000,000","170,300,000","207,200,000","193,900,000","155,600,000","192,500,000","229,000,000","213,700,000","204,700,000","218,000,000","275,700,000","276,700,000","260,900,000","271,100,000","315,200,000","303,000,000","299,700,000","309,500,000","322,600,000","262,800,000","215,800,000","258,100,000","305,300,000","306,200,000","311,621,000","313,253,000","336,874,000","162,552,000","175,072,000","111,841,000","111,218,000","113,328,000","115,062,000","82,241,000","74,010,000","66,471,000","74,203,000","69,525,000","76,747,000","72,186,000","82,778,000","84,790,000","94,543,000","90,357,000","86,516,000","68,910,000","79,492,000","71,270,000","68,924,000","59,888,000","83,717,000","69,264,000","58,085,000","46,688,000","57,605,000","51,228,000","43,635,000","39,162,000","45,696,000","32,420,000","25,010,000","22,257,000","26,384,000","28,053,000","30,555,000","30,481,000","30,155,000","20,899,000","19,958,000","19,726,000","20,134,000","17,426,000","16,672,000","15,385,000","13,917,000","12,443,000","14,836,000","14,197,000","15,376,000"
GrossProfit,"847,800,000","253,800,000","225,100,000","198,100,000","170,800,000","155,500,000","150,400,000","134,500,000","122,000,000","135,600,000","159,300,000","126,200,000","90,400,000","116,000,000","149,800,000","140,900,000","127,600,000","122,900,000","115,200,000","114,400,000","126,800,000","134,700,000","138,700,000","123,400,000","108,100,000","144,400,000","165,200,000","163,800,000","167,335,000","164,345,000","126,831,000","120,189,000","139,826,000","92,430,000","94,545,000","109,279,000","115,121,000","81,083,000","69,030,000","60,570,000","63,404,000","62,180,000","68,723,000","61,260,000","60,588,000","57,616,000","65,038,000","62,828,000","59,247,000","47,302,000","53,831,000","48,322,000","46,403,000","40,707,000","57,806,000","46,593,000","38,769,000","32,173,000","41,045,000","35,464,000","27,941,000","25,147,000","30,391,000","22,395,000","18,902,000","18,108,000","22,171,000","23,672,000","26,282,000","26,187,000","26,388,000","17,192,000","15,189,000","14,558,000","14,140,000","12,145,000","11,550,000","10,718,000","10,282,000","9,734,000","10,973,000","10,224,000","11,026,000"
OperatingExpense,"552,500,000","154,400,000","142,400,000","136,100,000","119,600,000","123,000,000","125,500,000","122,900,000","103,000,000","110,300,000","111,500,000","116,400,000","116,400,000","119,800,000","122,700,000","126,800,000","132,900,000","133,000,000","132,600,000","131,500,000","108,800,000","112,100,000","108,200,000","112,500,000","119,700,000","122,200,000","124,200,000","125,400,000","123,724,000","119,180,000","105,482,000","88,460,000","87,338,000","75,530,000","69,037,000","61,828,000","62,683,000","57,185,000","53,526,000","51,950,000","48,060,000","47,446,000","47,558,000","44,935,000","44,286,000","43,200,000","45,598,000","40,468,000","37,976,000","35,847,000","39,017,000","33,739,000","31,939,000","30,072,000","29,654,000","30,375,000","28,218,000","25,741,000","23,108,000","21,152,000","20,935,000","18,824,000","18,885,000","16,989,000","17,042,000","16,058,000","15,258,000","15,017,000","8,145,000","11,165,000","10,721,000","9,911,000","9,452,000","9,193,000","8,555,000","8,307,000","7,689,000","7,794,000","7,576,000","8,067,000","7,256,000","6,573,000","6,726,000"
	SellingGeneralAndAdministration,"163,400,000","44,200,000","44,300,000","41,600,000","33,300,000","36,800,000","39,500,000","35,300,000","36,400,000","31,600,000","31,500,000","27,500,000","26,800,000","34,200,000","35,600,000","33,900,000","38,400,000","37,900,000","37,400,000","40,300,000","32,600,000","38,100,000","32,300,000","34,600,000","36,900,000","43,600,000","41,000,000","40,200,000","39,368,000","35,803,000","22,056,000","30,673,000","30,180,000","25,856,000","22,845,000","21,124,000","21,521,000","20,183,000","19,008,000","18,908,000","17,584,000","18,031,000","17,721,000","16,709,000","16,799,000","17,244,000","18,958,000","15,548,000","15,053,000","14,635,000","16,575,000","13,764,000","12,944,000","12,786,000","13,714,000","14,570,000","13,780,000","12,181,000","11,415,000","10,750,000","10,180,000","9,339,000","8,927,000","7,801,000","7,426,000","6,952,000","6,913,000","6,728,000","5,332,000","4,937,000","4,388,000","3,766,000","3,752,000","3,452,000","3,293,000","3,074,000","2,793,000","2,715,000","2,638,000","2,604,000","2,422,000","2,351,000","2,426,000"
	ResearchAndDevelopment,"350,900,000","98,200,000","88,900,000","86,100,000","77,700,000","77,500,000","77,300,000","80,900,000","63,700,000","75,800,000","77,000,000","86,000,000","84,200,000","82,600,000","84,200,000","90,000,000","90,200,000","93,700,000","92,200,000","87,100,000","73,800,000","71,600,000","73,500,000","73,400,000","78,200,000","73,900,000","78,600,000","80,500,000","79,733,000","78,719,000","77,223,000","57,525,000","56,896,000","49,412,000","45,931,000","40,442,000","40,900,000","36,740,000","34,257,000","32,802,000","30,476,000","29,415,000","29,837,000","28,226,000","27,487,000","25,956,000","26,640,000","24,920,000","22,923,000","21,212,000","22,442,000","19,975,000","18,995,000","17,286,000","15,940,000","15,805,000","14,438,000","13,560,000","11,693,000","10,402,000","10,755,000","9,485,000","9,958,000","9,188,000","9,616,000","9,106,000","8,345,000","8,289,000","6,543,000","6,157,000","6,248,000","6,043,000","5,580,000","5,613,000","5,130,000","5,096,000","4,760,000","4,942,000","4,812,000","5,323,000","4,714,000","4,072,000","4,117,000"
	DepreciationAmortizationDepletionIncomeStatement,"38,200,000","12,000,000","9,200,000","8,400,000","8,600,000","8,700,000","8,700,000","6,700,000","2,900,000","2,900,000","3,000,000","2,900,000","2,900,000","3,000,000","2,900,000","2,900,000","4,300,000","1,400,000","3,000,000","4,100,000","2,400,000","2,400,000","2,400,000","4,500,000","4,600,000","4,700,000","4,600,000","4,700,000","4,623,000","4,658,000","6,203,000","262,000","262,000","262,000","261,000","262,000","262,000","262,000","261,000","240,000",,,,,,,,,,,,,,,,,,,,,,,,,,,,,"70,000","71,000","85,000","102,000","120,000","128,000","132,000","137,000","136,000","137,000","126,000","140,000","120,000","150,000","183,000"
		DepreciationAndAmortizationInIncomeStatement,"38,200,000","12,000,000","9,200,000","8,400,000","8,600,000","8,700,000","8,700,000","6,700,000","2,900,000","2,900,000","3,000,000","2,900,000","2,900,000","3,000,000","2,900,000","2,900,000","4,300,000","1,400,000","3,000,000","4,100,000","2,400,000","2,400,000","2,400,000","4,500,000","4,600,000","4,700,000","4,600,000","4,700,000","4,623,000","4,658,000","6,203,000","262,000","262,000","262,000","261,000","262,000","262,000","262,000","261,000","240,000",,,,,,,,,,,,,,,,,,,,,,,,,,,,,"70,000","71,000","85,000","102,000","120,000","128,000","132,000","137,000","136,000","137,000","126,000","140,000","120,000","150,000","183,000"
			Amortization,"38,200,000","12,000,000","9,200,000","8,400,000","8,600,000","8,700,000","8,700,000","6,700,000","2,900,000","2,900,000","3,000,000","2,900,000","2,900,000","3,000,000","2,900,000","2,900,000","4,300,000","1,400,000","3,000,000","4,100,000","2,400,000","2,400,000","2,400,000","4,500,000","4,600,000","4,700,000","4,600,000","4,700,000","4,623,000","4,658,000","6,203,000","262,000","262,000","262,000","261,000","262,000","262,000","262,000","261,000","240,000",,,,,,,,,,,,,,,,,,,,,,,,,,,,,"70,000","71,000","85,000","102,000","120,000","128,000","132,000","137,000","136,000","137,000","126,000","140,000","120,000","150,000","183,000"
				AmortizationOfIntangiblesIncomeStatement,"38,200,000","12,000,000","9,200,000","8,400,000","8,600,000","8,700,000","8,700,000","6,700,000","2,900,000","2,900,000","3,000,000","2,900,000","2,900,000","3,000,000","2,900,000","2,900,000","4,300,000","1,400,000","3,000,000","4,100,000","2,400,000","2,400,000","2,400,000","4,500,000","4,600,000","4,700,000","4,600,000","4,700,000","4,623,000","4,658,000","6,203,000","262,000","262,000","262,000","261,000","262,000","262,000","262,000","261,000","240,000",,,,,,,,,,,,,,,,,,,,,,,,,,,,,"70,000","71,000","85,000","102,000","120,000","128,000","132,000","137,000","136,000","137,000","126,000","140,000","120,000","150,000","183,000"
	OtherOperatingExpenses,,,,,,,,,,,,,"2,500,000",,,,,,,,,,,,,,,,,,,,,,,,,,,,,,,,,,,,,,,,,,,,,,,,,,,,,,,,,,,,,,,,,,,,,,
OperatingIncome,"295,300,000","99,400,000","82,700,000","62,000,000","51,200,000","32,500,000","24,900,000","11,600,000","19,000,000","25,300,000","47,800,000","9,800,000","-26,000,000","-3,800,000","27,100,000","14,100,000","-5,300,000","-10,100,000","-17,400,000","-17,100,000","18,000,000","22,600,000","30,500,000","10,900,000","-11,600,000","22,200,000","41,000,000","38,400,000","43,611,000","45,165,000","21,349,000","31,729,000","52,488,000","16,900,000","25,508,000","47,451,000","52,438,000","23,898,000","15,504,000","8,620,000","15,344,000","14,734,000","21,165,000","16,325,000","16,302,000","14,416,000","19,440,000","22,360,000","21,271,000","11,455,000","14,814,000","14,583,000","14,464,000","10,635,000","28,152,000","16,218,000","10,551,000","6,432,000","17,937,000","14,312,000","7,006,000","6,323,000","11,506,000","5,406,000","1,860,000","2,050,000","6,913,000","8,655,000","18,137,000","15,022,000","15,667,000","7,281,000","5,737,000","5,365,000","5,585,000","3,838,000","3,861,000","2,924,000","2,706,000","1,667,000","3,717,000","3,651,000","4,300,000"
NetNonOperatingInterestIncomeExpense,"-27,200,000","-6,700,000","-5,700,000","-5,900,000","-8,900,000","-7,000,000","-6,000,000","-4,700,000","-5,500,000","-3,200,000","-2,300,000","-3,600,000","-6,800,000","-4,300,000","-4,300,000","-1,900,000","-4,500,000","-4,700,000","-4,700,000","-6,000,000","-3,500,000","-1,500,000","600,000","-900,000","-900,000","800,000","-800,000","-800,000","-1,141,000","-968,000","-715,000","624,000","560,000","516,000","471,000","426,000","415,000","193,000","220,000","214,000","236,000","227,000","246,000","196,000","228,000","238,000","221,000","207,000","200,000","196,000","-727,000","-1,092,000","218,000","304,000",,,,,,,,,,,,,,,,,,,,,,,,,,,,,
	InterestIncomeNonOperating,"4,200,000",,,,,,,,"-5,500,000",,"-2,300,000","-3,600,000","14,400,000","-4,300,000","-4,300,000","-1,900,000","17,700,000","-4,700,000","-4,700,000","-6,000,000","2,500,000","-1,500,000","600,000","-900,000","3,900,000","800,000","-800,000","-800,000","130,000","349,000","497,000","624,000","560,000","516,000","476,000","430,000","419,000","197,000","225,000","218,000","240,000","231,000","251,000","200,000","232,000","242,000","226,000","211,000","205,000","200,000","241,000","331,000","452,000","538,000",,,,,,,,,,,,,,,,,,,,,,,,,,,,,
	InterestExpenseNonOperating,"30,100,000","6,700,000","5,700,000","5,900,000","11,800,000","7,000,000","6,000,000","4,700,000","13,400,000","3,200,000","2,300,000","3,600,000","10,700,000","4,300,000","4,300,000","1,900,000","6,800,000","4,700,000","4,700,000","6,000,000","4,200,000","1,500,000",,"900,000","4,000,000",,"800,000","800,000","1,271,000","1,317,000","1,212,000","0","0","0","5,000","4,000","4,000","4,000","5,000","4,000","4,000","4,000","5,000","4,000","4,000","4,000","5,000","4,000","5,000","4,000","968,000","1,423,000","234,000","234,000",,,,,,,,,,,,,,,,,,,,,,,,,,,,,
	TotalOtherFinanceCost,,,"5,700,000",,"9,200,000",,,,,,,,,,,,"4,500,000",,"4,700,000","6,000,000","1,600,000","1,500,000","-600,000",,"-1,200,000","-800,000",,"800,000",,,,,,,,,,,,,,,,,,,,,,,,,,,,,,,,,,,,,,,,,,,,,,,,,,,,,,,
OtherIncomeExpense,"-21,100,000","-5,900,000","-5,100,000","-9,500,000","-600,000","-900,000","33,600,000","-5,600,000","98,300,000","-6,300,000","-13,300,000","-6,600,000","-4,500,000",,"-2,100,000","-8,300,000","-3,400,000","-2,200,000","-6,600,000","200,000","1,900,000","-10,300,000","-1,700,000","-5,300,000","-11,300,000","-1,100,000","4,300,000","-4,600,000","689,000","6,688,000","7,121,000","4,502,000","-13,130,000","-53,043,000","-3,430,000","-258,000","1,331,000","-237,000","-576,000","-287,000","18,000","46,000","-7,000","20,000","39,000","10,000",,"10,000","0",,,"-443,000","160,000","-2,894,000","-2,909,000",,"-4,726,000","-2,237,000",,"-1,311,000","0",,"-915,000",,,,,,,,,,"0",,,"-432,000",,,,,,,
	GainOnSaleOfSecurity,,,,,,,,,,,,,,,,,,,,,,,,,,,,,,,"15,395,000",,,,,,,,,,,,,,,,,,,,,,,,,,,,,,,,,,,,,,,,,,,,,,,,,,,,
	SpecialIncomeCharges,"-21,100,000","-5,900,000","-5,100,000","-9,500,000","-600,000","-900,000","33,600,000","-5,600,000","98,300,000","-6,300,000","-13,300,000","-6,600,000","-4,500,000","0","-2,100,000","-8,300,000","-3,400,000","-2,200,000","-6,600,000","200,000","1,900,000","-10,300,000","-1,700,000","-5,300,000","-11,300,000","-1,100,000","4,300,000","-4,600,000","689,000","6,688,000","7,121,000","4,502,000","-13,130,000","-53,043,000","-3,430,000","-258,000","1,331,000","-237,000","-576,000","-287,000","18,000","46,000","-7,000","20,000","39,000","10,000","0","10,000","0","0","0","-443,000","160,000","-2,894,000","-2,909,000",,"-4,726,000","-2,237,000",,"-1,311,000","0",,"-915,000",,,,,,,,,,"0",,,"-432,000",,,,,,,
		RestructuringAndMergernAcquisition,"18,100,000","11,300,000","5,100,000","1,400,000","300,000","900,000","600,000","5,600,000","6,800,000","6,300,000","13,300,000","6,600,000","7,300,000","0","2,100,000","8,300,000","3,400,000","2,200,000","6,600,000","-200,000","0","300,000","1,700,000","5,300,000","6,700,000","1,100,000","-4,300,000","4,600,000","-489,000","-6,688,000","-7,121,000","-4,502,000","13,130,000","53,043,000","3,430,000","258,000","247,000","237,000","576,000","287,000",,,,,,,,,,,,,,,,,,,,,"0",,"915,000",,,,,,,,,,"0",,,"432,000",,,,,,,
		ImpairmentOfCapitalAssets,,,,,,,,,,,,,,,,,,,,,"0",,,,"6,700,000",,,,,,,,,,,,,,,,,,,,,"-10,000",,,"0","0","0",,"-160,000","2,894,000",,,,,,,,,,,,,,,,,,,,,,,,,,,,,
		WriteOff,,,,,,,,,,,,,,,,,,,,,,,,,,,,,,,,,,,,,"0","0","0","0","-18,000",,,,,,,,,,,,,,,,,,,,,,,,,,,,,,,,,,,,,,,,,,
		OtherSpecialCharges,,,,"8,100,000","34,500,000",,"-34,200,000",,"-1,300,000",,,,,,,,,,,,"0","10,000,000",,,,,,,,,,,,,,,,,,,,,,,,,,,,,,,"0",,,,,,,,,,,,,,,,,,,,,,,,,,,,,,
		GainOnSaleOfPPE,"5,400,000","5,400,000","0",,"0",,,,"105,100,000",,,,,,,,,,,,,,,,,,,,,,,,"0",,,,"1,578,000",,,,,,,,,,,,,,,,,,,,,,,,,,,,,,,,,,,,,,,,,,,,,,
PretaxIncome,"247,000,000","86,800,000","71,900,000","46,600,000","41,700,000","24,600,000","52,500,000","1,300,000","111,800,000","15,800,000","32,200,000","-400,000","-37,300,000","-8,100,000","20,700,000","3,900,000","-13,200,000","-17,000,000","-28,700,000","-22,900,000","16,400,000","10,800,000","29,400,000","4,700,000","-23,800,000","21,900,000","44,500,000","33,000,000","43,159,000","50,885,000","27,755,000","36,855,000","39,918,000","-35,627,000","22,549,000","47,619,000","54,184,000","23,854,000","15,148,000","8,547,000","15,598,000","15,007,000","21,404,000","16,541,000","16,569,000","14,664,000","19,661,000","22,577,000","21,471,000","11,651,000","14,087,000","13,048,000","14,842,000","8,045,000","25,896,000","17,027,000","6,727,000","6,039,000","20,501,000","15,521,000","9,344,000","8,548,000","13,081,000","7,458,000","3,728,000","3,744,000","8,329,000","9,722,000","19,239,000","15,657,000","15,913,000","7,523,000","5,970,000","5,578,000","5,780,000","3,598,000","4,071,000","3,148,000","2,938,000","1,905,000","3,966,000","3,759,000","4,299,000"
TaxProvision,"47,300,000","24,400,000","2,000,000","5,900,000","15,000,000","10,400,000","2,400,000","3,600,000","21,300,000","10,200,000","12,000,000","-4,900,000","8,400,000","-15,300,000","7,500,000","-300,000","-12,100,000","-3,900,000","53,300,000","3,200,000","-1,700,000","6,300,000","6,600,000","1,000,000","-16,700,000","1,400,000","9,500,000","9,200,000","11,800,000","19,407,000","7,783,000","10,269,000","5,446,000","4,429,000","5,215,000","12,680,000","8,864,000","-12,592,000","4,034,000","2,494,000","3,298,000","3,561,000","4,021,000","3,526,000","2,646,000","1,168,000","1,983,000","3,878,000","2,143,000","45,000","1,860,000","3,244,000","1,760,000","1,959,000","4,699,000","3,068,000","4,093,000","3,031,000","6,305,000","4,259,000","1,913,000","2,913,000","3,740,000","3,331,000","1,965,000","2,121,000","3,526,000","4,210,000","7,083,000","3,983,000","6,189,000","3,092,000","2,251,000","2,073,000","2,279,000","1,331,000","1,467,000","1,079,000","1,093,000","705,000","1,393,000","1,321,000","1,497,000"
EarningsFromEquityInterestNetOfTax,"-6,100,000","2,500,000","-400,000","-500,000","-7,700,000","-400,000","-500,000","-500,000","-500,000","-600,000","-400,000","-500,000","-500,000","-500,000","-400,000","-400,000","-400,000","-600,000","-400,000","-400,000","-300,000",,,,,,,,,,,,,,,,,,,,,,,,,,,,,,,,,,,,,,,,,,,,,,,,,,,,,,,,,,,,,,
NetIncomeCommonStockholders,"193,600,000","64,900,000","69,500,000","40,200,000","19,000,000","13,800,000","49,600,000","-2,800,000","90,000,000","5,000,000","19,800,000","4,000,000","-46,200,000","6,700,000","12,800,000","3,800,000","-1,500,000","-13,700,000","-82,400,000","-26,500,000","17,800,000","4,500,000","22,800,000","3,700,000","-7,100,000","20,500,000","35,000,000","23,800,000","31,359,000","31,478,000","19,972,000","26,586,000","34,472,000","-40,056,000","17,334,000","34,939,000","45,320,000","36,446,000","11,114,000","6,053,000","12,300,000","11,446,000","17,383,000","13,015,000","13,923,000","13,496,000","17,678,000","18,699,000","19,328,000","11,606,000","12,227,000","9,804,000","13,082,000","6,086,000","21,197,000","13,959,000","2,634,000","3,008,000","14,196,000","11,262,000","7,431,000","5,635,000","9,341,000","4,127,000","1,763,000","1,623,000","4,803,000","5,512,000","12,156,000","11,674,000","9,724,000","4,431,000","3,719,000","3,505,000","3,501,000","2,267,000","2,604,000","2,069,000","1,845,000","1,200,000","2,573,000","2,438,000","2,802,000"
	NetIncome,"193,600,000","64,900,000","69,500,000","40,200,000","19,000,000","13,800,000","49,600,000","-2,800,000","90,000,000","5,000,000","19,800,000","4,000,000","-46,200,000","6,700,000","12,800,000","3,800,000","-1,500,000","-13,700,000","-82,400,000","-26,500,000","17,800,000","4,500,000","22,800,000","3,700,000","-7,100,000","20,500,000","35,000,000","23,800,000","31,359,000","31,478,000","19,972,000","26,586,000","34,472,000","-40,056,000","17,334,000","34,939,000","45,320,000","36,446,000","11,114,000","6,053,000","12,300,000","11,446,000","17,383,000","13,015,000","13,923,000","13,496,000","17,678,000","18,699,000","19,328,000","11,606,000","12,227,000","9,804,000","13,082,000","6,086,000","21,197,000","13,959,000","2,634,000","3,008,000","14,196,000","11,262,000","7,431,000","5,635,000","9,341,000","4,127,000","1,763,000","1,623,000","4,803,000","5,512,000","12,156,000","11,674,000","9,724,000","4,431,000","3,719,000","3,505,000","3,501,000","2,267,000","2,604,000","2,069,000","1,845,000","1,200,000","2,573,000","2,438,000","2,802,000"
		NetIncomeIncludingNoncontrollingInterests,"193,600,000","64,900,000","69,500,000","40,200,000","19,000,000","13,800,000","49,600,000","-2,800,000","90,000,000","5,000,000","19,800,000","4,000,000","-46,200,000","6,700,000","12,800,000","3,800,000","-1,500,000","-13,700,000","-82,400,000","-26,500,000","17,800,000","4,500,000","22,800,000","3,700,000","-7,100,000","20,500,000","35,000,000","23,800,000","31,359,000","31,478,000","19,972,000","26,586,000","34,472,000","-40,056,000","17,334,000","34,939,000","45,320,000","36,446,000","11,114,000","6,053,000","12,300,000","11,446,000","17,383,000","13,015,000","13,923,000","13,496,000","17,678,000","18,699,000","19,328,000","11,606,000","12,227,000","9,804,000","13,082,000","6,086,000","21,197,000","13,959,000","2,634,000","3,008,000","14,196,000","11,262,000","7,431,000","5,635,000","9,341,000","4,127,000","1,763,000","1,623,000","4,803,000","5,512,000","12,156,000","11,674,000","9,724,000","4,431,000","3,719,000","3,505,000","3,501,000","2,267,000","2,604,000","2,069,000","1,845,000","1,200,000","2,573,000","2,438,000","2,802,000"
			NetIncomeContinuousOperations,"193,600,000","64,900,000","69,500,000","40,200,000","19,000,000","13,800,000","49,600,000","-2,800,000","90,000,000","5,000,000","19,800,000","4,000,000","-46,200,000","6,700,000","12,800,000","3,800,000","-1,500,000","-13,700,000","-82,400,000","-26,500,000","17,800,000","4,500,000","22,800,000","3,700,000","-7,100,000","20,500,000","35,000,000","23,800,000","31,359,000","31,478,000","19,972,000","26,586,000","34,472,000","-40,056,000","17,334,000","34,939,000","45,320,000","36,446,000","11,114,000","6,053,000","12,300,000","11,446,000","17,383,000","13,015,000","13,923,000","13,496,000","17,678,000","18,699,000","19,328,000","11,606,000","12,227,000","9,804,000","13,082,000","6,086,000","21,197,000","13,959,000","2,634,000","3,008,000","14,196,000","11,262,000","7,431,000","5,635,000","9,341,000","4,127,000","1,763,000","1,623,000","4,803,000","5,512,000","12,156,000","11,674,000","9,724,000","4,431,000","3,719,000","3,505,000","3,501,000","2,267,000","2,604,000","2,069,000","1,845,000","1,200,000","2,573,000","2,438,000","2,802,000"
DilutedNIAvailtoComStockholders,"193,600,000","64,900,000","69,500,000","40,200,000","19,000,000","13,800,000","49,600,000","-2,800,000","90,000,000","5,000,000","19,800,000","4,000,000","-46,200,000","6,700,000","12,800,000","3,800,000","-1,500,000","-13,700,000","-82,400,000","-26,500,000","17,800,000","4,500,000","22,800,000","3,700,000","-7,100,000","20,500,000","35,000,000","23,800,000","31,359,000","31,478,000","19,972,000","26,586,000","34,472,000","-40,056,000","17,334,000","34,939,000","45,320,000","36,446,000","11,114,000","6,053,000","12,300,000","11,446,000","17,383,000","13,015,000","13,923,000","13,496,000","17,678,000","18,699,000","19,328,000","11,606,000","12,227,000","9,804,000","13,082,000","6,086,000","21,197,000","13,959,000","2,634,000","3,008,000","14,196,000","11,262,000","7,431,000","5,635,000","9,341,000","4,127,000","1,763,000","1,623,000","4,803,000","5,512,000","12,156,000","11,674,000","9,724,000","4,431,000","3,719,000","3,505,000","3,501,000","2,267,000","2,604,000","2,069,000","1,845,000","1,200,000","2,573,000","2,438,000","2,802,000"
BasicEPS,,"1.64","1.76","1.07","0.54","0.39","1.43","-0.08","2.64","0.15","0.59","0.12","-1.35","0.19","0.37","0.11","-0.04","-0.4","-2.42","-0.79","0.52","0.13","0.65","0.11","-0.19","0.56","0.96","0.65","0.9","0.86","0.55","0.72","0.95","-1.12","0.51","1.06","1.37","1.13","0.34","0.18","0.37","0.34","0.53","0.4",,"0.4","0.52","0.54",,"0.35","0.36","0.29",,"0.18","0.63","0.41",,"0.08","0.353","0.287",,"0.147","0.247","0.107",,"0.047","0.133","0.147",,"0.293","0.253","0.12",,"0.093","0.1","0.06",,"0.06","0.053","0.033",,"0.093","0.28"
DilutedEPS,,"1.59","1.71","0.99","0.48","0.35","1.36","-0.08","2.55","0.14","0.58","0.12","-1.35","0.19","0.36","0.11","-0.04","-0.4","-2.42","-0.79","0.51","0.13","0.64","0.1","-0.19","0.54","0.93","0.62","0.85","0.82","0.52","0.68","0.89","-1.12","0.48","1","1.29","1.07","0.33","0.18","0.36","0.33","0.51","0.39",,"0.38","0.5","0.52",,"0.33","0.35","0.27",,"0.17","0.6","0.39",,"0.08","0.333","0.273",,"0.133","0.213","0.1",,"0.04","0.12","0.133",,"0.253","0.22","0.107",,"0.087","0.087","0.06",,"0.053","0.047","0.033",,"0.067","0.093"
BasicAverageShares,,"39,500,000","39,400,000","37,500,000","35,200,000","35,000,000","34,800,000","34,200,000","34,100,000","34,000,000","33,500,000","33,000,000","34,300,000","34,400,000","34,500,000","35,100,000","34,900,000","34,500,000","34,100,000","33,500,000","34,400,000","34,800,000","35,100,000","34,800,000","36,600,000","36,800,000","36,400,000","36,800,000","37,156,000","36,726,000","36,500,000","36,998,000","36,411,000","35,685,000","33,990,000","32,958,000","32,979,000","32,234,000","32,478,000","32,941,000","33,321,000","33,389,000","32,569,000","32,875,000",,"33,992,000","33,954,000","34,402,000",,"33,526,000","33,611,000","34,341,000",,"34,062,000","33,833,000","33,640,000",,"37,140,000","40,240,500","39,315,000",,"38,734,500","38,352,000","37,701,000",,"37,105,500","36,448,500","37,153,500",,"39,472,500","38,724,000","37,647,972",,"37,007,037","36,169,293","36,020,223",,"35,305,500","35,080,500","34,890,000",,"26,479,500","10,063,705"
DilutedAverageShares,,"40,700,000","40,700,000","40,600,000","39,800,000","39,100,000","36,500,000","34,200,000","35,300,000","35,000,000","34,400,000","33,600,000","34,300,000","35,000,000","35,100,000","36,100,000","34,900,000","34,500,000","34,100,000","33,500,000","35,200,000","35,400,000","35,900,000","35,600,000","36,600,000","37,900,000","37,700,000","38,200,000","38,971,000","38,535,000","38,248,000","39,227,000","38,817,000","35,685,000","36,059,000","35,020,000","35,150,000","34,135,000","33,313,000","34,014,000","34,505,000","35,179,000","34,005,000","33,777,000",,"35,346,000","35,360,000","35,900,000",,"35,095,000","34,936,000","35,968,000",,"35,243,000","35,057,000","35,459,000",,"37,953,000","42,480,000","41,536,500",,"44,388,000","44,538,000","43,879,500",,"43,801,500","43,171,500","43,554,000",,"47,196,000","44,058,000","41,540,712",,"41,176,599","40,087,767","39,790,317",,"37,687,500","37,624,500","37,260,000",,"36,633,000","30,564,411"
TotalOperatingIncomeAsReported,"277,200,000","88,100,000","77,600,000","60,600,000","50,900,000","31,600,000","58,500,000","6,000,000","12,200,000","19,000,000","34,500,000","3,200,000","-33,300,000","-3,800,000","25,000,000","5,800,000","-8,700,000","-12,300,000","-24,000,000","-16,900,000","18,000,000","12,300,000","28,800,000","5,600,000","-25,000,000","21,100,000","45,300,000","33,800,000","44,100,000","51,853,000","28,470,000","36,231,000","39,358,000","-36,143,000","22,078,000","47,193,000","53,769,000","23,661,000","14,928,000","8,333,000","15,344,000",,,,,,,,,,,,,,,,,,,,,,,,,,,,,,,,,,,,,,,,,,
TotalExpenses,"1,295,800,000","370,700,000","337,800,000","310,700,000","276,600,000","293,300,000","332,700,000","316,800,000","258,600,000","302,800,000","340,500,000","330,100,000","321,100,000","337,800,000","398,400,000","403,500,000","393,800,000","404,100,000","447,800,000","434,500,000","408,500,000","421,600,000","430,800,000","375,300,000","335,500,000","380,300,000","429,500,000","431,600,000","435,345,000","432,433,000","442,356,000","251,012,000","262,410,000","187,371,000","180,255,000","175,156,000","177,745,000","139,426,000","127,536,000","118,421,000","122,263,000","116,971,000","124,305,000","117,121,000","127,064,000","127,990,000","140,141,000","130,825,000","124,492,000","104,757,000","118,509,000","105,009,000","100,863,000","89,960,000","113,371,000","99,639,000","86,303,000","72,429,000","80,713,000","72,380,000","64,570,000","57,986,000","64,581,000","49,409,000","42,052,000","38,315,000","41,642,000","43,070,000","38,700,000","41,646,000","40,876,000","30,810,000","29,410,000","28,919,000","28,689,000","25,733,000","24,361,000","23,179,000","21,493,000","20,510,000","22,092,000","20,770,000","22,102,000"
NetIncomeFromContinuingAndDiscontinuedOperation,"193,600,000","64,900,000","69,500,000","40,200,000","19,000,000","13,800,000","49,600,000","-2,800,000","90,000,000","5,000,000","19,800,000","4,000,000","-46,200,000","6,700,000","12,800,000","3,800,000","-1,500,000","-13,700,000","-82,400,000","-26,500,000","17,800,000","4,500,000","22,800,000","3,700,000","-7,100,000","20,500,000","35,000,000","23,800,000","31,359,000","31,478,000","19,972,000","26,586,000","34,472,000","-40,056,000","17,334,000","34,939,000","45,320,000","36,446,000","11,114,000","6,053,000","12,300,000","11,446,000","17,383,000","13,015,000","13,923,000","13,496,000","17,678,000","18,699,000","19,328,000","11,606,000","12,227,000","9,804,000","13,082,000","6,086,000","21,197,000","13,959,000","2,634,000","3,008,000","14,196,000","11,262,000","7,431,000","5,635,000","9,341,000","4,127,000","1,763,000","1,623,000","4,803,000","5,512,000","12,156,000","11,674,000","9,724,000","4,431,000","3,719,000","3,505,000","3,501,000","2,267,000","2,604,000","2,069,000","1,845,000","1,200,000","2,573,000","2,438,000","2,802,000"
NormalizedIncome,"210,659,392.713","69,141,474.654","74,458,136.3","48,497,210.3","19,384,172.662","14,457,000","17,536,000","1,288,000","10,427,996.422","9,599,000","28,143,478.261","8,818,000","-42,915,000","6,700,000","14,139,130.435","9,859,000","982,000","-12,004,705.882","-78,440,000","-26,620,000","16,660,000","10,680,000","24,118,367.347","7,872,340.426","-320,000","21,529,680.365","31,617,977.528","27,117,575.758","30,858,377.859","27,340,732.357","15,628,190","23,551,652","45,810,678.29","-2,554,599","19,971,670","35,128,372","44,206,739.259","36,600,050","11,536,784","6,256,196","12,285,805.873","11,410,915.306","17,388,684.965","12,999,263.346","13,890,228.137","13,486,796.508","17,678,000","18,690,717.677","19,328,000","11,606,000","12,227,000","9,804,000","12,940,973.184","8,275,295.712","23,578,142.763","13,959,000","5,705,900","4,462,050","14,196,000","12,213,258.424","7,431,000","5,635,000","9,994,391.56","4,127,000","1,763,000","1,623,000","4,803,000","5,512,000","12,156,000","11,674,000","9,724,000","4,431,000","3,719,000","3,505,000","3,501,000","2,539,191.217","2,604,000","2,069,000","1,845,000","1,200,000","2,573,000","2,438,000","2,802,000"
InterestIncome,"4,200,000",,,,,,,,"-5,500,000",,"-2,300,000","-3,600,000","14,400,000","-4,300,000","-4,300,000","-1,900,000","17,700,000","-4,700,000","-4,700,000","-6,000,000","2,500,000","-1,500,000","600,000","-900,000","3,900,000","800,000","-800,000","-800,000","130,000","349,000","497,000","624,000","560,000","516,000","476,000","430,000","419,000","197,000","225,000","218,000","240,000","231,000","251,000","200,000","232,000","242,000","226,000","211,000","205,000","200,000","241,000","331,000","452,000","538,000",,,,,,,,,,,,,,,,,,,,,,,,,,,,,
InterestExpense,"30,100,000","6,700,000","5,700,000","5,900,000","11,800,000","7,000,000","6,000,000","4,700,000","13,400,000","3,200,000","2,300,000","3,600,000","10,700,000","4,300,000","4,300,000","1,900,000","6,800,000","4,700,000","4,700,000","6,000,000","4,200,000","1,500,000",,"900,000","4,000,000",,"800,000","800,000","1,271,000","1,317,000","1,212,000","0","0","0","5,000","4,000","4,000","4,000","5,000","4,000","4,000","4,000","5,000","4,000","4,000","4,000","5,000","4,000","5,000","4,000","968,000","1,423,000","234,000","234,000",,,,,,,,,,,,,,,,,,,,,,,,,,,,,
NetInterestIncome,"-27,200,000","-6,700,000","-5,700,000","-5,900,000","-8,900,000","-7,000,000","-6,000,000","-4,700,000","-5,500,000","-3,200,000","-2,300,000","-3,600,000","-6,800,000","-4,300,000","-4,300,000","-1,900,000","-4,500,000","-4,700,000","-4,700,000","-6,000,000","-3,500,000","-1,500,000","600,000","-900,000","-900,000","800,000","-800,000","-800,000","-1,141,000","-968,000","-715,000","624,000","560,000","516,000","471,000","426,000","415,000","193,000","220,000","214,000","236,000","227,000","246,000","196,000","228,000","238,000","221,000","207,000","200,000","196,000","-727,000","-1,092,000","218,000","304,000",,,,,,,,,,,,,,,,,,,,,,,,,,,,,
EBIT,"277,100,000","93,500,000","77,600,000","52,500,000","53,500,000","31,600,000","58,500,000","6,000,000","125,200,000","19,000,000","34,500,000","3,200,000","-26,600,000","-3,800,000","25,000,000","5,800,000","-6,400,000","-12,300,000","-17,400,000","-17,100,000","3,300,000","22,600,000","30,500,000","5,600,000","-21,200,000","22,200,000","45,300,000","38,400,000","44,430,000","52,202,000","28,967,000","31,729,000","52,488,000","16,900,000","22,554,000","47,623,000","54,188,000","23,858,000","15,153,000","8,551,000","15,602,000","15,011,000","21,409,000","16,545,000","16,573,000","14,668,000","19,666,000","22,581,000","21,476,000","11,655,000","15,055,000","14,471,000","15,076,000","8,279,000","28,152,000","16,218,000","10,551,000","6,432,000","17,937,000","14,312,000","7,006,000","6,323,000","11,506,000","5,406,000","1,860,000","2,050,000","6,913,000","8,655,000","18,137,000","15,022,000","15,667,000","7,281,000","5,737,000","5,365,000","5,585,000","3,838,000","3,861,000","2,924,000","2,706,000","1,667,000","3,717,000","3,651,000","4,300,000"
EBITDA,"418,200,000"
ReconciledCostOfRevenue,"640,400,000","184,900,000","169,000,000","152,600,000","133,900,000","146,200,000","179,300,000","170,000,000","142,700,000","177,700,000","212,800,000","191,200,000","181,200,000","194,600,000","251,400,000","249,600,000","233,000,000","245,300,000","286,200,000","275,700,000","279,800,000","289,500,000","302,500,000","242,000,000","195,200,000","237,200,000","283,500,000","283,900,000","289,749,000","291,887,000","291,707,000","154,303,000","168,810,000","105,837,000","106,139,000","110,084,000","112,446,000","79,911,000","71,597,000","64,009,000","74,203,000","69,525,000","76,747,000","72,186,000","82,778,000","84,790,000","94,543,000","90,357,000","86,516,000","68,910,000","79,492,000","71,270,000","68,924,000","59,888,000","83,717,000","69,264,000","58,085,000","46,688,000","57,605,000","51,228,000","43,635,000","39,162,000","45,696,000","32,420,000","25,010,000","22,257,000","26,384,000","28,053,000","30,024,000","29,989,000","29,852,000","20,677,000","19,731,000","19,519,000","19,868,000","17,113,000","16,267,000","15,010,000","13,559,000","12,105,000","14,537,000","13,923,000","15,376,000"
ReconciledDepreciation,"141,100,000","43,400,000","35,600,000","30,400,000","31,700,000","32,800,000","36,600,000","30,600,000","15,800,000","17,700,000","19,200,000","25,400,000","26,400,000","26,400,000","27,200,000","30,000,000","32,200,000","27,200,000","32,000,000","31,400,000","22,300,000","22,400,000","22,500,000","25,300,000","25,200,000","25,600,000","26,400,000","27,000,000","26,495,000","26,024,000","51,370,000","8,511,000","6,524,000","6,266,000","5,340,000","3,506,000","2,878,000","2,592,000","2,674,000","2,702,000","2,431,000","2,445,000","2,665,000","2,868,000","2,985,000","2,889,000","2,758,000","2,537,000","2,357,000","2,149,000","2,083,000","2,088,000","1,880,000","1,377,000","1,669,000","1,412,000","1,262,000","1,202,000","1,123,000","1,070,000","926,000","881,000","732,000","669,000","656,000","642,000","619,000","592,000","601,000","563,000","388,000","324,000","347,000","335,000","398,000","450,000","541,000","512,000","484,000","478,000","419,000","424,000","183,000"
NetIncomeFromContinuingOperationNetMinorityInterest,"193,600,000","64,900,000","69,500,000","40,200,000","19,000,000","13,800,000","49,600,000","-2,800,000","90,000,000","5,000,000","19,800,000","4,000,000","-46,200,000","6,700,000","12,800,000","3,800,000","-1,500,000","-13,700,000","-82,400,000","-26,500,000","17,800,000","4,500,000","22,800,000","3,700,000","-7,100,000","20,500,000","35,000,000","23,800,000","31,359,000","31,478,000","19,972,000","26,586,000","34,472,000","-40,056,000","17,334,000","34,939,000","45,320,000","36,446,000","11,114,000","6,053,000","12,300,000","11,446,000","17,383,000","13,015,000","13,923,000","13,496,000","17,678,000","18,699,000","19,328,000","11,606,000","12,227,000","9,804,000","13,082,000","6,086,000","21,197,000","13,959,000","2,634,000","3,008,000","14,196,000","11,262,000","7,431,000","5,635,000","9,341,000","4,127,000","1,763,000","1,623,000","4,803,000","5,512,000","12,156,000","11,674,000","9,724,000","4,431,000","3,719,000","3,505,000","3,501,000","2,267,000","2,604,000","2,069,000","1,845,000","1,200,000","2,573,000","2,438,000","2,802,000"
TotalUnusualItemsExcludingGoodwill,"-21,100,000","-5,900,000","-5,100,000","-9,500,000","-600,000","-900,000","33,600,000","-5,600,000","98,300,000","-6,300,000","-13,300,000","-6,600,000","-4,500,000","0","-2,100,000","-8,300,000","-3,400,000","-2,200,000","-6,600,000","200,000","1,900,000","-10,300,000","-1,700,000","-5,300,000","-11,300,000","-1,100,000","4,300,000","-4,600,000","689,000","6,688,000","7,121,000","4,502,000","-13,130,000","-53,043,000","-3,430,000","-258,000","1,331,000","-237,000","-576,000","-287,000","18,000","46,000","-7,000","20,000","39,000","10,000","0","10,000","0","0","0","-443,000","160,000","-2,894,000","-2,909,000",,"-4,726,000","-2,237,000",,"-1,311,000","0",,"-915,000",,,,,,,,,,"0",,,"-432,000",,,,,,,
TotalUnusualItems,"-21,100,000","-5,900,000","-5,100,000","-9,500,000","-600,000","-900,000","33,600,000","-5,600,000","98,300,000","-6,300,000","-13,300,000","-6,600,000","-4,500,000","0","-2,100,000","-8,300,000","-3,400,000","-2,200,000","-6,600,000","200,000","1,900,000","-10,300,000","-1,700,000","-5,300,000","-11,300,000","-1,100,000","4,300,000","-4,600,000","689,000","6,688,000","7,121,000","4,502,000","-13,130,000","-53,043,000","-3,430,000","-258,000","1,331,000","-237,000","-576,000","-287,000","18,000","46,000","-7,000","20,000","39,000","10,000","0","10,000","0","0","0","-443,000","160,000","-2,894,000","-2,909,000",,"-4,726,000","-2,237,000",,"-1,311,000","0",,"-915,000",,,,,,,,,,"0",,,"-432,000",,,,,,,
NormalizedEBITDA,"439,300,000","142,800,000","118,300,000","92,400,000","85,800,000","65,300,000","61,500,000","42,200,000","42,700,000","43,000,000","67,000,000","35,200,000","4,300,000","22,600,000","54,300,000","44,100,000","29,200,000","17,100,000","21,200,000","14,100,000","23,700,000","55,300,000","54,700,000","36,200,000","15,300,000","48,900,000","67,400,000","70,000,000","70,236,000","71,538,000","73,216,000","35,738,000","72,142,000","76,209,000","31,324,000","51,387,000","55,735,000","26,687,000","18,403,000","11,540,000","18,015,000","17,410,000","24,081,000","19,393,000","19,519,000","17,547,000","22,424,000","25,108,000","23,833,000","13,804,000","17,138,000","16,559,000","16,796,000","12,550,000","32,730,000","17,630,000","16,539,000","9,871,000","19,060,000","16,693,000","7,932,000","7,204,000","13,153,000","6,075,000","2,516,000","2,692,000","7,532,000","9,247,000","18,738,000","15,585,000","16,055,000","7,605,000","6,084,000","5,700,000","5,983,000","4,720,000","4,402,000","3,436,000","3,190,000","2,145,000","4,136,000","4,075,000","4,483,000"
TaxRateForCalcs,"0.191","0.281","0.028","0.127","0.36","0.27","0.046","0.27","0.191","0.27","0.373","0.27","0.27","0.27","0.362","0.27","0.27","0.229","0.4","0.4","0.4","0.4","0.224","0.213","0.4","0.064","0.213","0.279","0.273","0.381","0.39","0.326","0.136","0.293","0.231","0.266","0.164","0.35","0.266","0.292","0.211","0.237","0.188","0.213","0.16","0.08","0.101","0.172","0.1","0.004","0.132","0.249","0.119","0.244","0.181","0.18","0.35","0.35","0.308","0.274","0.205","0.341","0.286","0.4","0.4","0.4","0.4","0.4","0.368","0.254","0.389","0.4","0.377","0.372","0.394","0.37","0.36","0.343","0.372","0.37","0.351","0.351","0.348"
TaxEffectOfUnusualItems,"-4,040,607.287","-1,658,525.346","-141,863.7","-1,202,789.7","-215,827.338","-243,000","1,536,000","-1,512,000","18,727,996.422","-1,701,000","-4,956,521.739","-1,782,000","-1,215,000","0","-760,869.565","-2,241,000","-918,000","-504,705.882","-2,640,000","80,000","760,000","-4,120,000","-381,632.653","-1,127,659.574","-4,520,000","-70,319.635","917,977.528","-1,282,424.242","188,377.859","2,550,732.357","2,777,190","1,467,652","-1,791,321.71","-15,541,599","-792,330","-68,628","217,739.259","-82,950","-153,216","-83,804","3,805.873","10,915.306","-1,315.035","4,263.346","6,228.137","796.508","0","1,717.677","0","0","0","0","18,973.184","-704,704.288","-527,857.237","0","-1,654,100","-782,950","0","-359,741.576","0","0","-261,608.44","0","0","0","0","0","0","0","0","0","0","0","0","-159,808.783","0","0","0","0","0","0","0"