name,ttm,03/31/2022,12/31/2021,09/30/2021,06/30/2021,03/31/2021,12/31/2020,09/30/2020,06/30/2020,03/31/2020,12/31/2019,09/30/2019,06/30/2019,03/31/2019,12/31/2018,09/30/2018,06/30/2018,03/31/2018,12/31/2017,09/30/2017,06/30/2017,03/31/2017,12/31/2016,09/30/2016,06/30/2016,03/31/2016,12/31/2015,09/30/2015,06/30/2015,03/31/2015,12/31/2014,09/30/2014,06/30/2014,03/31/2014,12/31/2013,09/30/2013,06/30/2013,03/31/2013,12/31/2012,09/30/2012,06/30/2012,03/31/2012,12/31/2011,09/30/2011,06/30/2011,03/31/2011,12/31/2010,09/30/2010,06/30/2010,03/31/2010,12/31/2009,09/30/2009,06/30/2009,03/31/2009,12/31/2008,09/30/2008,06/30/2008,03/31/2008,12/31/2007,09/30/2007,06/30/2007,03/31/2007,12/31/2006,09/30/2006,06/30/2006,03/31/2006,12/31/2005,09/30/2005,06/30/2005,03/31/2005,12/31/2004,09/30/2004,06/30/2004,03/31/2004,12/31/2003,09/30/2003,06/30/2003,03/31/2003,12/31/2002,09/30/2002,06/30/2002,03/31/2002,12/31/2001,09/30/2001,06/30/2001,03/31/2001,12/31/2000,09/30/2000,06/30/2000,03/31/2000,12/31/1999,09/30/1999,06/30/1999,03/31/1999,12/31/1998,09/30/1998,06/30/1998,03/31/1998,12/31/1997,09/30/1997,06/30/1997,03/31/1997,12/31/1996,09/30/1996,06/30/1996,03/31/1996,12/31/1995,09/30/1995,06/30/1995,03/31/1995,12/31/1994,09/30/1994,06/30/1994,03/31/1994,12/31/1993,09/30/1993,06/30/1993,03/31/1993,12/31/1992,09/30/1992,06/30/1992,03/31/1992,12/31/1991,09/30/1991,06/30/1991,03/31/1991,12/31/1990,09/30/1990,06/30/1990,03/31/1990,12/31/1989,09/30/1989,06/30/1989,03/31/1989,12/31/1988,09/30/1988,06/30/1988,03/31/1988,12/31/1987,09/30/1987,06/30/1987,03/31/1987,12/31/1986,09/30/1986,06/30/1986,03/31/1986,12/31/1985,09/30/1985
TotalRevenue,"5,326,000,000","1,315,000,000","1,372,000,000","1,328,000,000","1,311,000,000","1,318,000,000","1,376,000,000","1,324,000,000","1,263,000,000","1,261,000,000","1,336,000,000","1,321,000,000","1,261,000,000","1,257,000,000","1,332,000,000","1,297,000,000","1,255,000,000","1,225,000,000","1,308,000,000","1,251,000,000","1,247,000,000","1,238,000,000","1,278,000,000","1,301,000,000","1,283,000,000","1,243,000,000","1,274,455,000","1,373,798,000","1,276,395,000","1,251,593,000","1,297,061,000","1,280,023,000","1,236,392,000","1,195,962,000","1,183,517,000","1,180,980,000","1,228,166,000","1,308,573,000","1,346,209,000","1,370,108,000","1,323,169,000","1,305,791,000","1,316,727,000","1,325,423,000","1,279,640,000","1,258,681,000","1,265,759,000","1,266,416,000","1,232,219,000","1,222,615,000","1,262,809,000","1,258,742,000","1,242,477,000","1,256,646,000","1,263,969,000","1,304,598,000","1,274,351,000","1,249,101,000","1,242,708,000","1,236,885,000","1,192,834,000","1,156,557,000","1,124,684,000","1,112,070,000","1,065,910,000","1,060,312,000","1,025,672,000","1,028,751,000","965,558,000","928,166,000","946,509,000","968,780,000","934,588,000","870,512,000","911,757,000","874,754,000","851,287,000","807,418,000","794,468,000","801,887,000","723,814,000","665,197,000","670,863,000","675,009,000","642,301,000","600,369,000","704,014,000","568,269,000","550,316,000","504,257,000","500,300,000","510,600,000","552,000,000","505,500,000","483,000,000","478,700,000","451,900,000","392,100,000","401,100,000","392,200,000","360,000,000","318,200,000","336,300,000","315,900,000","299,000,000","263,400,000","255,800,000","256,500,000","232,100,000","210,000,000","205,300,000","193,100,000","173,600,000","158,800,000","160,600,000","158,700,000","144,800,000","126,700,000","126,100,000","118,400,000","111,000,000","100,600,000","97,700,000","92,700,000","86,400,000","77,400,000","80,400,000","75,000,000","71,900,000","67,400,000","67,000,000","61,600,000","57,800,000","53,300,000","52,700,000","50,100,000","48,500,000","45,000,000","47,700,000","44,300,000","42,800,000","39,800,000","48,700,000","37,800,000","35,900,000","32,600,000","34,500,000","29,600,000"
	OperatingRevenue,"5,326,000,000","1,315,000,000","1,372,000,000","1,328,000,000","1,311,000,000","1,318,000,000","1,376,000,000","1,324,000,000","1,263,000,000","1,261,000,000","1,336,000,000","1,321,000,000","1,261,000,000","1,257,000,000","1,332,000,000","1,297,000,000","1,255,000,000","1,225,000,000","1,308,000,000","1,251,000,000","1,247,000,000","1,238,000,000","1,278,000,000","1,301,000,000","1,283,000,000","1,243,000,000","1,274,455,000","1,373,798,000","1,276,395,000","1,251,593,000","1,297,061,000","1,280,023,000","1,236,392,000","1,195,962,000","1,183,517,000","1,180,980,000","1,228,166,000","1,308,573,000","1,346,209,000","1,370,108,000","1,323,169,000","1,305,791,000","1,316,727,000","1,325,423,000","1,279,640,000","1,258,681,000","1,265,759,000","1,266,416,000","1,232,219,000","1,222,615,000","1,262,809,000","1,258,742,000","1,242,477,000","1,256,646,000","1,263,969,000","1,304,598,000","1,274,351,000","1,249,101,000","1,242,708,000","1,236,885,000","1,192,834,000","1,156,557,000","1,124,684,000","1,112,070,000","1,065,910,000","1,060,312,000","1,025,672,000","1,028,751,000","965,558,000","928,166,000","946,509,000","968,780,000","934,588,000","870,512,000","911,757,000","874,754,000","851,287,000","807,418,000","794,468,000","801,887,000","723,814,000","665,197,000","670,863,000","675,009,000","642,301,000","600,369,000","704,014,000","568,269,000","550,316,000","504,257,000","500,300,000","510,600,000","552,000,000","505,500,000","483,000,000","478,700,000","451,900,000","392,100,000","401,100,000","392,200,000","360,000,000","318,200,000","336,300,000","315,900,000","299,000,000","263,400,000","255,800,000","256,500,000","232,100,000","210,000,000","205,300,000","193,100,000","173,600,000","158,800,000","160,600,000","158,700,000","144,800,000","126,700,000","126,100,000","118,400,000","111,000,000","100,600,000","97,700,000","92,700,000","86,400,000","77,400,000","80,400,000","75,000,000","71,900,000","67,400,000","67,000,000","61,600,000","57,800,000","53,300,000","52,700,000","50,100,000","48,500,000","45,000,000","47,700,000","44,300,000","42,800,000","39,800,000","48,700,000","37,800,000","35,900,000","32,600,000","34,500,000","29,600,000"
CostOfRevenue,"2,460,000,000","580,000,000","670,000,000","609,000,000","600,000,000","592,000,000","670,000,000","599,000,000","547,000,000","539,000,000","629,000,000","608,000,000","553,000,000","548,000,000","630,000,000","605,000,000","566,000,000","534,000,000","637,000,000","585,000,000","585,000,000","552,000,000","617,000,000","626,000,000","606,000,000","579,000,000","610,569,000","640,142,000","598,602,000","565,628,000","682,973,000","646,392,000","599,499,000","582,605,000","668,408,000","481,285,000","515,731,000","559,892,000","635,230,000","600,459,000","527,670,000","509,211,000","558,101,000","522,396,000","473,899,000","486,746,000","526,674,000","487,311,000","453,037,000","444,495,000","488,784,000","477,116,000","431,119,000","467,407,000","497,156,000","461,302,000","452,845,000","442,383,000","438,580,000","436,630,000","415,281,000","405,968,000","405,494,000","390,182,000","369,559,000","375,139,000","374,202,000","369,889,000","332,854,000","333,864,000","326,524,000","349,024,000","317,230,000","311,393,000","368,089,000","276,789,000","380,285,000","773,552,000","730,928,000","705,678,000","601,746,000","560,659,000","565,860,000","556,590,000","520,058,000","509,879,000","526,949,000","342,808,000","324,377,000","313,513,000","355,000,000","341,500,000","386,200,000","372,000,000","407,200,000","354,000,000","347,700,000","308,300,000","361,800,000","315,100,000","282,700,000","213,900,000","252,100,000","209,600,000","191,700,000","175,500,000","174,700,000","163,600,000","149,300,000","133,700,000","135,400,000","121,800,000","107,500,000","99,900,000","113,900,000","103,700,000","93,400,000","82,500,000","88,100,000","79,100,000","72,100,000","63,900,000","67,800,000","63,100,000","56,800,000","49,800,000","52,500,000","45,300,000","44,900,000","41,900,000","44,600,000","41,000,000",,,,,,,,,,,,,,,,
GrossProfit,"2,866,000,000","735,000,000","702,000,000","719,000,000","711,000,000","726,000,000","706,000,000","725,000,000","716,000,000","722,000,000","707,000,000","713,000,000","708,000,000","709,000,000","702,000,000","692,000,000","689,000,000","691,000,000","671,000,000","666,000,000","662,000,000","686,000,000","661,000,000","675,000,000","677,000,000","664,000,000","663,886,000","733,656,000","677,793,000","685,965,000","614,088,000","633,631,000","636,893,000","613,357,000","515,109,000","699,695,000","712,435,000","748,681,000","710,979,000","769,649,000","795,499,000","796,580,000","758,626,000","803,027,000","805,741,000","771,935,000","739,085,000","779,105,000","779,182,000","778,120,000","774,025,000","781,626,000","811,358,000","789,239,000","766,813,000","843,296,000","821,506,000","806,718,000","804,128,000","800,255,000","777,553,000","750,589,000","719,190,000","721,888,000","696,351,000","685,173,000","651,470,000","658,862,000","632,704,000","594,302,000","619,985,000","619,756,000","617,358,000","559,119,000","543,668,000","597,965,000","471,002,000","33,866,000","63,540,000","96,209,000","122,068,000","104,538,000","105,003,000","118,419,000","122,243,000","90,490,000","177,065,000","225,461,000","225,939,000","190,744,000","145,300,000","169,100,000","165,800,000","133,500,000","75,800,000","124,700,000","104,200,000","83,800,000","39,300,000","77,100,000","77,300,000","104,300,000","84,200,000","106,300,000","107,300,000","87,900,000","81,100,000","92,900,000","82,800,000","76,300,000","69,900,000","71,300,000","66,100,000","58,900,000","46,700,000","55,000,000","51,400,000","44,200,000","38,000,000","39,300,000","38,900,000","36,700,000","29,900,000","29,600,000","29,600,000","27,600,000","27,900,000","29,700,000","27,000,000","25,500,000","22,400,000","20,600,000",,,,,,,,,,,,,,,,
OperatingExpense,"2,599,000,000","639,000,000","670,000,000","642,000,000","650,000,000","612,000,000","678,000,000","632,000,000","634,000,000","646,000,000","692,000,000","676,000,000","655,000,000","624,000,000","683,000,000","641,000,000","637,000,000","616,000,000","652,000,000","631,000,000","630,000,000","617,000,000","674,000,000","654,000,000","639,000,000","643,000,000","673,827,000","659,848,000","646,534,000","644,615,000","667,739,000","670,543,000","675,469,000","688,588,000","779,793,000","732,159,000","724,923,000","728,980,000","739,145,000","702,436,000","700,913,000","705,033,000","735,116,000","685,454,000","676,854,000","683,624,000","708,868,000","695,944,000","692,801,000","674,963,000","702,926,000","703,963,000","656,758,000","653,030,000","655,478,000","691,157,000","671,763,000","653,109,000","707,471,000","665,766,000","623,598,000","607,792,000","631,281,000","611,513,000","590,453,000","576,088,000","547,408,000","551,088,000","524,852,000","518,862,000","657,852,000","544,776,000","506,887,000","485,952,000","491,054,000","462,446,000","377,457,000",,,,,,,,,,"102,375,000","99,507,000","98,532,000","98,729,000","95,500,000","44,100,000","109,500,000","104,200,000","109,300,000","101,000,000","99,500,000","99,700,000","89,200,000","80,600,000","69,800,000","62,000,000","51,400,000","65,100,000","58,200,000","56,900,000","52,700,000","52,300,000","49,000,000","47,100,000","44,700,000","39,000,000","37,100,000","36,600,000","34,400,000","33,800,000","30,600,000","28,700,000","28,200,000","25,000,000","23,600,000","22,100,000","22,000,000","18,200,000","18,600,000","18,000,000","17,000,000","16,600,000","15,100,000","14,200,000","14,100,000","13,100,000",,,,,,,,,,,,,,,,
	SellingGeneralAndAdministration,"1,699,000,000","410,000,000","445,000,000","429,000,000","416,000,000","388,000,000","454,000,000","415,000,000","398,000,000","411,000,000","457,000,000","439,000,000","421,000,000","397,000,000","462,000,000","421,000,000","417,000,000","395,000,000","440,000,000","422,000,000","419,000,000","406,000,000","460,000,000","440,000,000","429,000,000","431,000,000","457,909,000","449,084,000","435,430,000","438,040,000","466,222,000","465,014,000","470,902,000","463,669,000","513,291,000","476,864,000","470,720,000","486,903,000","517,681,000","506,217,000","502,404,000","507,599,000","543,237,000","495,415,000","482,103,000","491,106,000","526,762,000","502,594,000","501,329,000","480,143,000","520,787,000","507,159,000","470,913,000","467,848,000","484,750,000","496,082,000","477,299,000","463,299,000","473,928,000","474,071,000","433,070,000","416,482,000","444,501,000","424,234,000","410,468,000","393,421,000","420,536,000","383,500,000","357,281,000","350,045,000","371,952,000","375,314,000","343,058,000","330,643,000","305,519,000","321,120,000","274,186,000",,,,,,,,,,,,,,,,,,,,,,,,,,,,,,,,,,,,,,,,,,,,,,,,,,,,,,,,,,,,,,,,,,,,,,,
	DepreciationAmortizationDepletionIncomeStatement,"900,000,000","229,000,000","225,000,000","213,000,000","234,000,000","224,000,000","224,000,000","217,000,000","236,000,000","235,000,000","235,000,000","237,000,000","234,000,000","227,000,000","221,000,000","220,000,000","220,000,000","221,000,000","212,000,000","209,000,000","211,000,000","211,000,000","214,000,000","214,000,000","210,000,000","212,000,000","215,918,000","210,764,000","211,104,000","206,575,000","201,517,000","205,529,000","204,567,000","224,919,000","266,502,000","255,295,000","254,203,000","242,077,000","221,464,000","196,219,000","198,509,000","197,434,000","191,879,000","190,039,000","194,751,000","192,518,000","191,129,000","190,972,000","190,258,000","189,389,000","191,608,000","192,247,000","183,349,000","182,766,000","187,918,000","187,975,000","188,026,000","186,158,000","178,686,000","191,695,000","190,528,000","191,310,000","186,780,000","187,279,000","179,985,000","182,667,000","171,532,000","167,588,000","167,571,000","168,817,000","178,631,000","169,462,000","164,411,000","155,452,000","158,332,000","142,768,000","103,271,000",,,,,,,,,,"102,375,000","99,507,000","98,532,000","98,729,000","95,500,000","44,100,000","109,500,000","104,200,000","109,300,000","101,000,000","99,500,000","99,700,000","89,200,000","80,600,000","69,800,000","62,000,000","51,400,000","65,100,000","58,200,000","56,900,000","52,700,000","52,300,000","49,000,000","47,100,000","44,700,000","39,000,000","37,100,000","36,600,000","34,400,000","33,800,000","30,600,000","28,700,000","28,200,000","25,000,000","23,600,000","22,100,000","22,000,000","18,200,000","18,600,000","18,000,000","17,000,000","16,600,000","15,100,000","14,200,000","14,100,000","13,100,000",,,,,,,,,,,,,,,,
		DepreciationAndAmortizationInIncomeStatement,"900,000,000","229,000,000","225,000,000","213,000,000","234,000,000","224,000,000","224,000,000","217,000,000","236,000,000","235,000,000","235,000,000","237,000,000","234,000,000","227,000,000","221,000,000","220,000,000","220,000,000","221,000,000","212,000,000","209,000,000","211,000,000","211,000,000","214,000,000","214,000,000","210,000,000","212,000,000","215,918,000","210,764,000","211,104,000","206,575,000","201,517,000","205,529,000","204,567,000","224,919,000","266,502,000","255,295,000","254,203,000","242,077,000","221,464,000","196,219,000","198,509,000","197,434,000",,"190,039,000","194,751,000","192,518,000",,,,,,,,,,"187,975,000","188,026,000","186,158,000","178,686,000","191,695,000","190,528,000","191,310,000","186,780,000","187,279,000","179,985,000","182,667,000","171,532,000","167,588,000","167,571,000","168,817,000","178,631,000","169,462,000","164,411,000","155,452,000","158,332,000","142,768,000","103,271,000",,,,,,,,,,"102,375,000","99,507,000","98,532,000","98,729,000","95,500,000","44,100,000","109,500,000","104,200,000","109,300,000","101,000,000","99,500,000","99,700,000","89,200,000","80,600,000","69,800,000","62,000,000","51,400,000","65,100,000","58,200,000","56,900,000","52,700,000","52,300,000","49,000,000","47,100,000","44,700,000","39,000,000","37,100,000","36,600,000","34,400,000","33,800,000","30,600,000","28,700,000","28,200,000","25,000,000","23,600,000","22,100,000","22,000,000","18,200,000","18,600,000","18,000,000","17,000,000","16,600,000","15,100,000","14,200,000","14,100,000","13,100,000",,,,,,,,,,,,,,,,
			DepreciationIncomeStatement,,,,,,,,,,,,,,,,,,,,,,,,,,,,,,,,,,,,,,,,,,,,,,,,,,,,,,,,,,,,,,,,,,,,,,,,,,,,,"87,104,000",,,,,,,,,,,,,,,,,,,,,,,,,,,,,,,,,,,,,,,,,,,,,,,,,,,,,,,,,,,,,,,,,,,,,,,
			Amortization,,,,,,,,,,,,,,,,,,,,,,,,,,,,,,,,,,,,,,,,,,,,,,,,,,,,,,,,,,,,,,,,,,,,,,,,,,,,,"16,167,000",,,,,,,,,,,,,,,,,,,,,,,,,,,,,,,,,,,,,,,,,,,,,,,,,,,,,,,,,,,,,,,,,,,,,,,
				AmortizationOfIntangiblesIncomeStatement,,,,,,,,,,,,,,,,,,,,,,,,,,,,,,,,,,,,,,,,,,,,,,,,,,,,,,,,,,,,,,,,,,,,,,,,,,,,,"16,167,000",,,,,,,,,,,,,,,,,,,,,,,,,,,,,,,,,,,,,,,,,,,,,,,,,,,,,,,,,,,,,,,,,,,,,,,
	OtherOperatingExpenses,,,"1,115,000,000",,,,"1,125,000,000",,,,"1,086,000,000",,,,"1,093,000,000",,,"930,000,000","1,077,000,000",,,,"1,075,000,000",,,,"1,068,478,000",,,,"1,149,195,000",,,,"1,181,699,000","958,149,000",,,,,,,,,,,,"2,378,000","1,214,000","5,431,000",,"4,557,000","2,496,000","2,416,000",,"7,100,000","6,438,000","3,652,000",,,,,,,,,,,,,"107,269,000",,"-582,000","-143,000","27,203,000","-1,442,000",,,,,,,,,,,,,,,,,,,,,,,,,,,,,,,,,,,,,,,,,,,,,,,,,,,,,,,,,,,,,,,,,,,,,,,,
OperatingIncome,"267,000,000","96,000,000","32,000,000","77,000,000","61,000,000","114,000,000","28,000,000","93,000,000","82,000,000","76,000,000","15,000,000","37,000,000","53,000,000","85,000,000","19,000,000","51,000,000","52,000,000","75,000,000","19,000,000","35,000,000","32,000,000","69,000,000","-13,000,000","21,000,000","38,000,000","21,000,000","-9,941,000","73,808,000","31,259,000","41,350,000","-53,651,000","-36,912,000","-38,576,000","-75,231,000","-264,684,000","-32,464,000","-12,488,000","19,701,000","-28,166,000","67,213,000","94,586,000","91,547,000","23,510,000","117,573,000","128,887,000","88,311,000","30,217,000","83,161,000","86,381,000","103,157,000","71,099,000","77,663,000","154,600,000","136,209,000","111,335,000","152,139,000","149,743,000","153,609,000","96,657,000","134,489,000","153,955,000","142,797,000","87,909,000","110,375,000","105,898,000","109,085,000","104,062,000","107,774,000","107,852,000","75,440,000","-37,867,000","74,980,000","110,471,000","73,167,000","52,614,000","135,519,000","93,545,000","33,866,000","63,540,000","96,209,000","122,068,000","104,538,000","103,740,000","118,419,000","122,243,000","90,490,000","74,690,000","125,954,000","127,407,000","92,015,000","49,800,000","125,000,000","56,300,000","29,300,000","-33,500,000","23,700,000","4,700,000","-15,900,000","-49,900,000","-3,500,000","7,500,000","42,300,000","32,800,000","41,200,000","49,100,000","31,000,000","28,400,000","40,600,000","33,800,000","29,200,000","25,200,000","32,300,000","29,000,000","22,300,000","12,300,000","21,200,000","20,800,000","15,500,000","9,800,000","14,300,000","15,300,000","14,600,000","7,900,000","11,400,000","11,000,000","9,600,000","10,900,000","13,100,000","11,900,000","11,300,000","8,300,000","7,500,000","57,800,000","53,300,000","-113,600,000","50,100,000","48,500,000","45,000,000","-96,200,000","44,300,000","42,800,000","39,800,000","-79,300,000","37,800,000","35,900,000","32,600,000","-59,400,000","29,600,000"
NetNonOperatingInterestIncomeExpense,"-202,000,000","-31,000,000","-37,000,000","-51,000,000","-83,000,000","-50,000,000","-46,000,000","-39,000,000","-36,000,000","-31,000,000","-32,000,000","-35,000,000","-34,000,000","-34,000,000","-35,000,000","-37,000,000","-37,000,000","-38,000,000","-39,000,000","-39,000,000","-39,000,000","-38,000,000","-25,000,000","-27,000,000","-28,000,000","-27,000,000","-28,263,000","-25,426,000","-23,802,000","-25,445,000","-20,428,000","-22,644,000","-25,147,000","-26,221,000","-23,196,000","-22,454,000","-21,149,000","-22,920,000","-16,291,000","-18,138,000","-20,787,000","-22,281,000","-21,788,000","-20,059,000","-43,324,000","-25,475,000","-26,092,000","-25,512,000","-26,591,000","-26,279,000","-29,091,000","-26,969,000","-29,343,000","-28,033,000",,,,,,,,,,,,,,,,,,,,,,,,,,,,,,,,,,,,,,,,,,,,,,,,,,,,,,,,,,,,,,,,,,,,,,,,,,,,,,,,,,,,,,,,,,,,,,
	InterestIncomeNonOperating,"10,000,000","2,000,000","2,000,000","3,000,000","3,000,000","3,000,000","3,000,000","4,000,000","2,000,000","6,000,000","5,000,000","7,000,000","9,000,000","9,000,000","8,000,000","6,000,000","6,000,000","5,000,000","3,000,000","4,000,000","4,000,000","4,000,000","18,000,000","15,000,000","15,000,000","14,000,000","10,664,000","9,617,000","10,117,000","8,385,000","7,194,000","4,526,000","2,751,000","2,486,000","2,407,000","2,507,000","2,600,000","1,578,000","2,354,000","2,359,000","2,352,000","2,183,000","2,229,000","2,199,000","2,093,000","2,624,000","2,608,000","2,785,000","2,674,000","2,441,000","2,686,000","3,461,000","2,902,000","2,072,000",,,,,,,,,,,,,,,,,,,,,,,,,,,,,,,,,,,,,,,,,,,,,,,,,,,,,,,,,,,,,,,,,,,,,,,,,,,,,,,,,,,,,,,,,,,,,,
	InterestExpenseNonOperating,"212,000,000","33,000,000","39,000,000","54,000,000","86,000,000","53,000,000","49,000,000","43,000,000","38,000,000","37,000,000","37,000,000","42,000,000","43,000,000","43,000,000","43,000,000","43,000,000","43,000,000","43,000,000","42,000,000","43,000,000","43,000,000","42,000,000","43,000,000","42,000,000","43,000,000","41,000,000","38,927,000","35,043,000","33,919,000","33,830,000","27,622,000","27,170,000","27,898,000","28,707,000","25,603,000","24,961,000","23,749,000","24,498,000","18,645,000","20,497,000","23,139,000","24,464,000","24,017,000","22,258,000","45,417,000","28,099,000","28,700,000","28,297,000","29,265,000","28,720,000","31,777,000","30,430,000","32,245,000","30,105,000",,,,,,,,,,,,,,,,,,,,,,,,,,,,,,,,,,,,,,,,,,,,,,,,,,,,,,,,,,,,,,,,,,,,,,,,,,,,,,,,,,,,,,,,,,,,,,
OtherIncomeExpense,"163,000,000","44,000,000","36,000,000","40,000,000","45,000,000","38,000,000","35,000,000","45,000,000","40,000,000","41,000,000","32,000,000","36,000,000","36,000,000","53,000,000","34,000,000","44,000,000","50,000,000","44,000,000","35,000,000","-232,000,000","29,000,000","46,000,000","27,000,000","36,000,000","40,000,000","29,000,000","29,330,000","59,340,000","36,476,000","275,916,000","41,210,000","-52,353,000","24,326,000","133,403,000","276,356,000","37,133,000","344,641,000","14,388,000","-8,590,000","13,525,000","17,905,000","25,712,000","14,504,000","44,249,000","34,031,000","18,325,000","11,732,000","23,709,000","24,068,000","24,713,000","-7,571,000","24,364,000","18,338,000","25,836,000","-398,488,000","47,846,000","21,461,000","14,129,000","-226,975,000","259,821,000","-198,192,000","277,342,000","-224,028,000","54,380,000","113,369,000","19,303,000","63,104,000","15,097,000","12,139,000","10,540,000","-51,494,000","15,113,000","15,137,000","14,246,000","-34,739,000","4,536,000","1,420,000","10,409,000","-30,341,000","-74,225,000","-1,712,596,000","-25,158,000","68,224,000","22,518,000","-633,469,000","8,953,000","-12,875,000","45,575,000","-54,879,000","6,854,000","4,600,000","-500,000","290,000,000","22,200,000","57,200,000","10,700,000","12,400,000","224,000,000","45,400,000","40,100,000","30,700,000","-2,200,000","6,300,000","16,100,000","95,300,000","49,600,000","15,800,000","55,600,000","26,700,000","31,600,000","14,900,000","12,800,000","8,700,000","6,400,000","7,200,000","10,900,000","6,000,000","4,400,000","20,600,000","5,100,000","5,500,000","19,300,000","6,400,000","7,000,000","5,700,000","6,000,000","4,700,000","3,600,000","4,100,000","4,300,000","-700,000","3,100,000",,,,,,,,,,,,,,,,
	GainOnSaleOfSecurity,,,,,,,"-1,000,000","3,000,000",,,,"7,000,000","9,000,000","9,000,000","8,000,000","6,000,000","6,000,000","5,000,000","3,000,000","4,000,000","4,000,000","4,000,000","18,000,000","15,000,000","15,000,000","14,000,000","10,664,000","9,617,000","10,117,000","8,385,000","7,194,000","4,526,000","2,751,000","2,486,000","29,000","2,507,000","14,518,000","1,578,000","10,000",,"-3,728,000",,,"12,730,000","13,373,000",,,,,,,,,,,,,,,,,,,,,,,,,,,,,,,,,,,,,,,,,,,,,,,,,,,,,,,,,,,,,,,,,,,,,,,,,,,,,,,,,,,,,,,,,,,,,,,,,,,,,,,
	EarningsFromEquityInterest,"185,000,000","45,000,000","44,000,000","48,000,000","48,000,000","42,000,000","43,000,000","48,000,000","44,000,000","45,000,000","39,000,000","44,000,000","41,000,000","44,000,000","39,000,000","42,000,000","40,000,000","38,000,000","36,000,000","35,000,000","33,000,000","32,000,000","31,000,000","38,000,000","36,000,000","35,000,000","30,253,000","39,770,000","35,412,000","34,641,000","23,767,000","36,081,000","34,790,000","37,327,000","32,411,000","37,609,000","35,605,000","27,089,000","19,071,000","25,015,000","25,392,000","23,389,000","18,507,000","22,053,000","22,590,000","19,388,000","23,027,000","24,147,000","25,997,000","24,903,000","23,698,000","23,334,000","18,363,000","25,337,000","22,867,000","22,566,000","22,909,000","21,470,000","20,437,000","23,823,000","23,875,000","23,696,000","28,794,000","24,080,000","22,491,000",,,"18,065,000","16,520,000",,,,,,,,,,,,,,,,,,,,,,,,,,,,,,,,,,,,,,,,,,,,,,,,,,,,,,,,,,,,,,,,,,,,,,,,,,,,,,,
	SpecialIncomeCharges,"-21,000,000","-1,000,000","-8,000,000","-8,000,000","-3,000,000","-4,000,000","-7,000,000","-6,000,000","-4,000,000","-4,000,000","-7,000,000","-8,000,000","-5,000,000","9,000,000","-6,000,000","0","9,000,000","5,000,000","-2,000,000","-267,000,000","-4,000,000","13,000,000","-3,000,000","-1,000,000","3,000,000","-6,000,000","-1,172,000","19,626,000","862,000","241,279,000","17,607,000","-88,503,000","-10,514,000","95,916,000","243,747,000","-621,000","294,715,000","-12,547,000","-28,391,000","-11,490,000","-3,759,000","2,323,000","22,100,000","9,466,000","-1,932,000","-1,063,000","-11,295,000","-438,000","-1,929,000","-190,000","-31,269,000","1,030,000","-25,000","499,000","-452,950,000","25,280,000","-1,448,000","-7,341,000","-247,412,000","235,998,000","-222,067,000","253,646,000","-252,822,000","30,300,000","90,878,000","19,303,000","114,111,000","-2,968,000","-4,381,000","10,540,000","-51,494,000","15,113,000","15,137,000","14,246,000","-34,739,000","4,536,000","1,420,000","10,409,000","-30,341,000","-74,225,000","-1,712,596,000","-25,158,000","68,224,000","22,518,000","-633,469,000","8,953,000","-12,875,000","45,575,000","-54,879,000","6,854,000","4,600,000","-500,000","290,000,000","22,200,000","57,200,000","10,700,000","12,400,000","224,000,000","45,400,000","40,100,000","30,700,000","-2,200,000","6,300,000","16,100,000","95,300,000","49,600,000","15,800,000","55,600,000","26,700,000","31,600,000","14,900,000","12,800,000","8,700,000","6,400,000","7,200,000","10,900,000","6,000,000","4,400,000","20,600,000","5,100,000","5,500,000","19,300,000","6,400,000","7,000,000","5,700,000","6,000,000","4,700,000","3,600,000","4,100,000","4,300,000","-700,000","3,100,000",,,,,,,,,,,,,,,,
		ImpairmentOfCapitalAssets,,,,,,,,,,,,,,,"0","0",,,"0","262,000,000",,,,,,,,,,,,,,,,,,,,"0","515,000",,,,,,,,,,,,,,,,,,,,,,,,,,,,,,,,,,,,,,,,,,,,,,,,,,,,,,,,,,,,,,,,,,,,,,,,,,,,,,,,,,,,,,,,,,,,,,,,,,,,,,,,,,,
		WriteOff,,,,,,,,,,,,,,,,,,,,,,,,,,,"0","0",,,"3,802,000","84,000,000",,,"0","0","0",,,,,,,,,,,,,,,,,,,,,,,,,,,,,,,,,,,,,,,,,,,,,,,,,,,,,,,,,,,,,,,,,,,,,,,,,,,,,,,,,,,,,,,,,,,,,,,,,,,,,,,,,,,,,,,
		OtherSpecialCharges,,,,,,,,,,,,,,,,,,,,,,,,,,,,,,,,,,,,,,,,"11,490,000","3,244,000",,,,,,,,,,"17,269,000","-1,030,000",,,,,,,,,,,,,,,,,,,,,,,,,,,,,,,,,,,,,,,,,,,,,,,,,,,,,,,,,,,,,,,,,,,,,,,,,,,,,,,,,,,,,,,,,,,,,,,,
		GainOnSaleOfBusiness,"2,000,000","1,000,000","1,000,000","0","0","1,000,000","0","0","0","0","0","0","0","2,000,000","0","0",,,"0","1,000,000",,,"0",,"0","0","5,956,000","559,000","5,589,000","123,783,000","6,767,000","4,790,000","-2,611,000","6,900,000","3,019,000","1,534,000","303,034,000","-6,931,000",,,,,,,,,,,,,"0","0",,,,,,,,,,,,,,,,,,,,,,,,,,,,,,,,,,,,,,,,,,,,,,,,,,,,,,,,,,,,,,,,,,,,,,,,,,,,,,,,,,,,,,,,,,,,,,,,
		GainOnSaleOfPPE,"-23,000,000","-2,000,000","-9,000,000","-8,000,000","-3,000,000","-5,000,000","-7,000,000","-6,000,000","-4,000,000","-4,000,000","-7,000,000","-8,000,000","-5,000,000","7,000,000","-6,000,000","0","9,000,000","5,000,000","-2,000,000","-6,000,000","-4,000,000","13,000,000","-3,000,000","-1,000,000","3,000,000","-6,000,000","-7,128,000","19,067,000","-4,727,000","117,496,000","14,642,000","-9,293,000","-7,903,000","89,016,000","240,728,000","-2,155,000","-8,319,000","-5,616,000",,,,,,,,,,,,,,,,,,,,,,,,,,,,,,,,,,,,,,,,,,,,,,,,,,,,,,,,,,,,,,,,,,,,,,,,,,,,,,,,,,,,,,,,,,,,,,,,,,,,,,,,,,,,,,
	OtherNonOperatingIncomeExpenses,,,"0",,,,"0",,,,"-1,000,000",,,,"1,000,000","2,000,000","1,000,000","1,000,000",,,,"1,000,000",,"-1,000,000","1,000,000",,"249,000","-56,000","202,000","-4,000","-164,000","69,000","50,000","160,000","169,000","145,000","-197,000","-154,000",,,,,,,,,,,,,,,,,,,,,,,,,,,,,,,,,,,,,,,,,,,,,,,,,,,,,,,,,,,,,,,,,,,,,,,,,,,,,,,,,,,,,,,,,,,,,,,,,,,,,,,,,,,,,,
PretaxIncome,"228,000,000","109,000,000","31,000,000","66,000,000","23,000,000","102,000,000","17,000,000","99,000,000","86,000,000","86,000,000","15,000,000","38,000,000","55,000,000","104,000,000","18,000,000","58,000,000","65,000,000","81,000,000","15,000,000","-236,000,000","22,000,000","77,000,000","-11,000,000","30,000,000","50,000,000","23,000,000","-8,874,000","107,722,000","43,933,000","291,821,000","-32,869,000","-111,909,000","-39,397,000","31,951,000","-11,524,000","-17,785,000","311,004,000","11,169,000","-53,047,000","62,600,000","91,704,000","94,978,000","16,226,000","141,763,000","119,594,000","81,161,000","15,857,000","81,358,000","83,858,000","101,591,000","34,437,000","75,058,000","143,595,000","134,012,000","-330,295,000","184,018,000","159,527,000","122,738,000","-61,810,000","320,440,000","48,286,000","360,563,000","-218,304,000","121,713,000","306,524,000","86,093,000","83,538,000","83,223,000","184,273,000","41,943,000","-20,034,000","44,185,000","81,850,000","43,345,000","31,351,000","97,162,000","50,836,000","-957,000","-8,175,000","-15,456,000","-1,562,416,000","13,597,000","215,612,000","103,438,000","-552,886,000","61,836,000","33,030,000","143,139,000","46,532,000","72,307,000","29,200,000","93,800,000","310,800,000","14,700,000","-9,300,000","-3,300,000","-13,800,000","160,200,000","-33,700,000","12,400,000","16,900,000","23,400,000","24,100,000","44,500,000","121,900,000","61,300,000","27,200,000","76,100,000","39,600,000","42,200,000","25,900,000","31,400,000","25,600,000","18,200,000","10,600,000","21,400,000","16,100,000","12,200,000","20,300,000","11,900,000","12,600,000","23,500,000","6,400,000","10,800,000","9,700,000","9,200,000","12,000,000","10,700,000","10,400,000","10,400,000","6,200,000","5,500,000",,,,,,,,,,,,,,,,
TaxProvision,"39,000,000","37,000,000","-5,000,000","19,000,000","-11,000,000","31,000,000","2,000,000","6,000,000","8,000,000","3,000,000","0","15,000,000","16,000,000","34,000,000","-2,000,000","5,000,000","21,000,000","24,000,000","-318,000,000","-5,000,000","10,000,000","34,000,000","-5,000,000","14,000,000","18,000,000","13,000,000","-6,788,000","45,327,000","17,433,000","116,020,000","-12,208,000","9,290,000","-13,671,000","11,657,000","-4,013,000","-6,731,000","132,607,000","4,180,000","-12,037,000","22,442,000","35,765,000","27,412,000","18,239,000","53,545,000","10,916,000","28,917,000","-5,884,000","28,775,000","31,469,000","38,465,000","11,909,000","27,793,000","53,036,000","40,638,000","-133,443,000","61,024,000","53,261,000","49,251,000","-14,791,000","115,907,000","26,700,000","141,238,000","-68,787,000","35,718,000","122,118,000","35,968,000","13,431,000","32,766,000","76,005,000","16,148,000","9,405,000","17,864,000","31,277,000","20,105,000","1,681,000","50,142,000","24,214,000","3,855,000","11,344,000","-394,000","-610,035,000","22,085,000","88,414,000","50,494,000","-214,430,000","30,614,000","12,597,000","74,999,000","25,348,000","36,537,000","17,700,000","40,900,000","128,300,000","4,300,000","-6,900,000","-9,600,000","-100,000","86,000,000","1,300,000","3,400,000","10,100,000","13,800,000","12,100,000","21,800,000","62,200,000","27,600,000","11,600,000","33,500,000","17,000,000","19,000,000","7,600,000","13,800,000","11,300,000","8,000,000","4,600,000","9,400,000","7,100,000","5,400,000","9,200,000","5,100,000","5,400,000","10,100,000","3,100,000","4,700,000","3,700,000","3,500,000","3,400,000","4,000,000","4,200,000","4,800,000","2,100,000","2,500,000",,,,,,,,,,,,,,,,
NetIncomeCommonStockholders,"104,000,000","44,000,000","12,000,000","28,000,000","20,000,000","57,000,000","14,000,000","78,000,000","65,000,000","69,000,000","11,000,000","18,000,000","33,000,000","59,000,000","16,000,000","46,000,000","33,000,000","39,000,000","287,000,000","-181,000,000","10,000,000","37,000,000","-6,000,000","13,000,000","28,000,000","8,000,000","-844,000","51,071,000","23,034,000","145,728,000","-16,553,000","-116,042,000","-22,050,000","18,242,000","-6,069,000","-9,524,000","156,065,000","1,407,000","-41,860,000","29,105,000","42,325,000","52,242,000","-6,199,000","71,282,000","91,051,000","41,610,000","14,517,000","40,613,000","40,275,000","49,103,000","16,505,000","35,632,000","69,718,000","71,995,000","-168,939,000","101,210,000","87,744,000","73,474,000","-56,336,000","231,724,000","-8,640,000","219,312,000","-116,249,000","75,188,000","172,417,000","39,824,000","60,823,000","41,516,000","99,309,000","20,495,000","-37,324,000","25,100,000","41,344,000","19,682,000","12,535,000","33,590,000","20,052,000","-5,104,000","-26,180,000","-19,616,000","-952,487,000","13,485,000","61,819,000","51,384,000","-339,832,000","28,116,000","10,374,000","47,107,000","2,143,381,000","35,636,000","11,400,000","25,200,000","182,200,000","10,000,000","-2,800,000","5,900,000","-14,100,000","73,800,000","-35,500,000","8,500,000","6,300,000","9,100,000","11,000,000","22,200,000","59,500,000","33,300,000","15,200,000","42,300,000","22,100,000","22,700,000","18,200,000","17,100,000","13,800,000","8,900,000","5,400,000","11,400,000","8,400,000","6,200,000","2,900,000","6,200,000","6,600,000","13,100,000","2,400,000","5,800,000","5,700,000","5,500,000","8,300,000","6,400,000","5,900,000","5,300,000","3,800,000","2,700,000",,,,,,,,,,,,,,,,
	NetIncome,"158,000,000","61,000,000","30,000,000","40,000,000","27,000,000","59,000,000","14,000,000","78,000,000","65,000,000","69,000,000","11,000,000","18,000,000","33,000,000","59,000,000","16,000,000","46,000,000","33,000,000","39,000,000","287,000,000","-181,000,000","10,000,000","37,000,000","-6,000,000","13,000,000","28,000,000","8,000,000","-832,000","51,083,000","23,046,000","145,740,000","-16,541,000","-116,030,000","-22,038,000","18,254,000","-6,057,000","-9,512,000","156,077,000","1,419,000","-41,847,000","29,117,000","42,337,000","52,254,000","-6,186,000","71,294,000","91,063,000","41,622,000","14,530,000","40,625,000","40,287,000","49,115,000","16,518,000","35,645,000","69,731,000","72,008,000","-168,926,000","101,223,000","87,757,000","73,487,000","-56,323,000","231,737,000","-8,627,000","219,325,000","-116,236,000","75,239,000","172,467,000","39,875,000","60,873,000","41,566,000","99,361,000","20,545,000","-37,273,000","25,151,000","41,394,000","19,732,000","12,640,000","33,694,000","20,156,000","-5,000,000","-26,076,000","-19,511,000","-952,381,000","13,597,000","61,932,000","51,496,000","-339,717,000","28,234,000","10,493,000","47,227,000","2,143,512,000","35,770,000","11,500,000","25,500,000","182,500,000","10,400,000","-2,400,000","6,300,000","-13,700,000","74,200,000","-35,000,000","9,000,000","6,800,000","9,600,000","12,000,000","22,700,000","59,700,000","33,700,000","15,600,000","42,600,000","22,600,000","23,200,000","18,300,000","17,600,000","14,300,000","9,500,000","6,000,000","12,000,000","9,000,000","6,800,000","3,400,000","6,800,000","7,200,000","13,400,000","3,300,000","6,100,000","6,000,000","5,700,000","8,600,000","6,700,000","6,200,000","5,600,000","4,100,000","3,000,000",,,,,,,,,,,,,,,,
		NetIncomeIncludingNoncontrollingInterests,"189,000,000","72,000,000","36,000,000","47,000,000","34,000,000","71,000,000","15,000,000","93,000,000","78,000,000","83,000,000","15,000,000","23,000,000","39,000,000","70,000,000","20,000,000","53,000,000","44,000,000","57,000,000","333,000,000","-231,000,000","12,000,000","43,000,000","-6,000,000","16,000,000","32,000,000","10,000,000","-2,086,000","62,395,000","26,500,000","175,801,000","-20,661,000","-121,199,000","-25,726,000","20,294,000","-7,511,000","-11,054,000","178,397,000","6,989,000","-41,010,000","40,158,000","55,939,000","67,566,000","-2,013,000","88,218,000","108,678,000","52,244,000","21,741,000","52,583,000","52,389,000","63,126,000","22,528,000","47,265,000","90,559,000","93,374,000","-196,852,000","122,994,000","106,266,000","90,505,000","-47,019,000","247,360,000","21,586,000","237,296,000","-104,397,000","85,995,000","184,406,000","50,125,000","70,764,000","50,797,000","108,268,000","25,795,000","-27,428,000","30,672,000","50,573,000","23,240,000","10,947,000","45,411,000","26,622,000","1,391,000","-9,950,000","-8,860,000","-961,422,000","29,739,000","35,344,000","69,281,000","-320,276,000","42,406,000","16,696,000","53,429,000","2,149,714,000","41,973,000","17,700,000","31,700,000","188,700,000","16,600,000","-200,000","11,500,000","-14,100,000","90,700,000","-34,900,000","6,200,000","8,200,000","12,400,000","14,300,000","26,300,000","73,100,000","41,100,000","21,100,000","50,600,000","28,900,000","29,400,000","19,900,000","21,200,000","17,000,000","10,700,000","5,400,000","12,800,000","10,000,000","6,000,000","5,100,000","6,200,000","7,400,000","15,800,000","3,300,000","6,100,000","6,000,000","5,700,000","6,000,000","6,700,000","6,200,000","5,600,000","-200,000","3,000,000","2,400,000","1,600,000","3,300,000","3,600,000","2,400,000","2,100,000","3,500,000","3,300,000","2,900,000","2,700,000","4,100,000","2,700,000","5,300,000","2,000,000","2,200,000","2,100,000"
			NetIncomeContinuousOperations,"189,000,000","72,000,000","36,000,000","47,000,000","34,000,000","71,000,000","15,000,000","93,000,000","78,000,000","83,000,000","15,000,000","23,000,000","39,000,000","70,000,000","20,000,000","53,000,000","44,000,000","57,000,000","333,000,000","-231,000,000","12,000,000","43,000,000","-6,000,000","16,000,000","32,000,000","10,000,000","-2,086,000","62,395,000","26,500,000","175,801,000","-20,661,000","-121,199,000","-25,726,000","20,294,000","-7,511,000","-11,054,000","178,397,000","6,989,000","-41,010,000","40,158,000","55,939,000","67,566,000","-2,013,000","88,218,000","108,678,000","52,244,000","21,741,000","52,583,000","52,389,000","63,126,000","22,528,000","47,265,000","90,559,000","93,374,000","-139,554,000","101,223,000","87,757,000","73,487,000","-99,150,000","231,737,000","-8,627,000","219,325,000","-116,236,000","75,239,000","172,467,000","39,875,000","60,216,000","41,226,000","99,361,000","20,545,000","-39,284,000","20,800,000","41,394,000","19,732,000","24,429,000","35,303,000","20,156,000","-5,000,000","-29,442,000","-19,511,000","-952,381,000","13,597,000","86,042,000","52,944,000","-338,456,000","31,222,000","20,433,000","68,140,000","21,184,000","35,770,000","11,500,000","52,900,000","182,500,000","10,400,000","-2,400,000","6,300,000","-13,700,000","74,200,000","-35,000,000","9,000,000","6,800,000","9,600,000","12,000,000","22,700,000","59,700,000","33,700,000","15,600,000","42,600,000","22,600,000","23,200,000","18,300,000","17,600,000","14,300,000","10,200,000","6,000,000","12,000,000","9,000,000","6,800,000","11,100,000","6,800,000","7,200,000","13,400,000","3,300,000","6,100,000","6,000,000","5,700,000","8,600,000","6,700,000","6,200,000","5,600,000","4,100,000","3,000,000","2,400,000","1,600,000","3,400,000","2,800,000","2,400,000","2,100,000","3,300,000","2,900,000","2,400,000","2,700,000","2,400,000","2,700,000","2,300,000","2,000,000","2,900,000","2,100,000"
			NetIncomeDiscontinuousOperations,,,,,,,,,,,,,,,,,,,,,,,,,,,,,,,,,,,,,,,,,,,,,,,,,,,,,,,,,,,,,,,,,,,"657,000","340,000",,,"2,011,000","4,351,000",,,"0","-1,609,000",,,,,,,,,,,,"-2,647,000",,,"0","-27,400,000",,,,,,,,,,,,,,,,,,,,,,,,,,,,,,,,,,,,,,,,,,,"-100,000","800,000",,,"200,000","400,000","500,000",,"1,700,000",,"3,000,000",,,
			NetIncomeExtraordinary,,,,,,,,,,,,,,,,,,,,,,,,,,,,,,,,,,,,,,,,,,,,,,,,,,,,,,,,,,,,,,,,,,,,,,,,,,,,,,,,,,,,,,,"20,531,000","-18,266,000",,,,,,,,,,,,,,,,,,,,,,,"0",,,"-700,000",,,,,,,,,,,,,,,,,,,,,,,,,,,,,,,,,,
			NetIncomeFromTaxLossCarryforward,,,,,,,,,,,,,,,,,,,,,,,,,,,,,,,,,,,,,,,,,,,,,,,,,,,,,,,,,,,,,,,,,,,,,,,,,,,,,,,,,,,"-18,000","-1,448,000","-1,261,000","-2,988,000","-2,156,258,000",,"2,122,328,000",,,,,,,,,,,,,,,,,,,,,,,,,,,,,,,,,,,,,,,,,,,,,,,,,,,,,,,,,,,
		MinorityInterests,"-31,000,000","-11,000,000","-6,000,000","-7,000,000","-7,000,000","-12,000,000","-1,000,000","-15,000,000","-13,000,000","-14,000,000","-4,000,000","-5,000,000","-6,000,000","-11,000,000","-4,000,000","-7,000,000","-11,000,000","-18,000,000","-46,000,000","50,000,000","-2,000,000","-6,000,000","0","-3,000,000","-4,000,000","-2,000,000","1,254,000","-11,312,000","-3,454,000","-30,061,000","4,120,000","5,169,000","3,688,000","-2,040,000","1,454,000","1,542,000","-22,320,000","-5,570,000","-837,000","-11,041,000","-13,602,000","-15,312,000","-4,173,000","-16,924,000","-17,615,000","-10,622,000","-7,211,000","-11,958,000","-12,102,000","-14,011,000","-6,010,000","-11,620,000","-20,828,000","-21,366,000","27,926,000","-21,771,000","-18,509,000","-17,018,000","-9,304,000","-15,623,000","-30,213,000","-17,971,000","-11,839,000","-10,756,000","-11,939,000","-10,250,000","-9,891,000","-9,231,000","-8,907,000","-5,250,000","-9,845,000","-5,521,000","-9,179,000","-3,508,000","1,693,000","-11,717,000","-6,466,000","-6,391,000","-16,126,000","-10,651,000","9,041,000","-16,142,000","26,588,000","-17,785,000","-19,441,000","-14,172,000","-6,203,000","-6,202,000","-6,202,000","-6,203,000","-6,200,000","-6,200,000","-6,200,000","-6,200,000","-2,200,000","-5,200,000","400,000","-16,500,000","-100,000","2,800,000","-1,400,000","-2,800,000","-2,300,000","-3,600,000","-13,400,000","-7,400,000","-5,500,000","-8,000,000","-6,300,000","-6,200,000","-1,600,000","-3,600,000","-2,700,000","-1,200,000","600,000","-800,000","-1,000,000","800,000","-1,700,000","600,000","-200,000","-2,400,000",,,,,,,,,,,,,,,,,,,,,,,,,,
	PreferredStockDividends,"54,000,000","17,000,000","18,000,000","12,000,000","7,000,000","2,000,000",,,,,,,,,,,,,,,,,,,,,"12,000","12,000","12,000","12,000","12,000","12,000","12,000","12,000","12,000","12,000","12,000","12,000","13,000","12,000","12,000","12,000","13,000","12,000","12,000","12,000","13,000","12,000","12,000","12,000","13,000","13,000","13,000","13,000","13,000","13,000","13,000","13,000","13,000","13,000","13,000","13,000","13,000","51,000","50,000","51,000","50,000","50,000","52,000","50,000","51,000","51,000","50,000","50,000","105,000","104,000","104,000","104,000","104,000","105,000","106,000","112,000","113,000","112,000","115,000","118,000","119,000","120,000","131,000","134,000","100,000","300,000","300,000","400,000","400,000","400,000","400,000","400,000","500,000","500,000","500,000","500,000","1,000,000","500,000","200,000","400,000","400,000","300,000","500,000","500,000","100,000","500,000","500,000","600,000","600,000","600,000","600,000","600,000","500,000","600,000","600,000","300,000","900,000","300,000","300,000","200,000","300,000","300,000","300,000","300,000","300,000","300,000",,,,,,,,,,,,,,,,
AverageDilutionEarnings,"-1,000,000","-1,000,000","1,000,000","-1,000,000",,"-1,000,000","0","-2,000,000",,"-1,000,000","1,000,000","-1,000,000","-1,000,000","-1,000,000","0","0","-1,000,000",,,,"0","0","1,000,000","0","0","0","27,000","-372,000","-116,000","-1,258,000",,,"0","-165,000","19,000",,"-1,161,000","-28,000",,,,,,,,,,,,,,,,,,,,,,,,,,,,,,,,,,,,,,,,,,,,,,,,,,,,,,,,,,,,,,,,,,,,,,,,,,,,,,,,,,,,,,,,,,,,,,,,,,,,,,,,,,,,,,
DilutedNIAvailtoComStockholders,"103,000,000","43,000,000","13,000,000","27,000,000","20,000,000","56,000,000","14,000,000","76,000,000","65,000,000","68,000,000","12,000,000","17,000,000","32,000,000","58,000,000","16,000,000","46,000,000","32,000,000","39,000,000","287,000,000","-181,000,000","10,000,000","37,000,000","-5,000,000","13,000,000","28,000,000","8,000,000","-817,000","50,699,000","22,918,000","144,470,000","-16,553,000","-116,042,000","-22,050,000","18,077,000","-6,050,000","-9,524,000","154,904,000","1,379,000","-42,321,000","29,105,000","42,325,000","52,242,000","-6,199,000","71,282,000","91,051,000","41,610,000","14,517,000","40,613,000","40,275,000","49,103,000","16,505,000","35,632,000","69,718,000","71,995,000","-168,939,000","101,210,000","87,744,000","73,474,000","-56,336,000","231,724,000","-8,640,000","219,312,000","-116,249,000","75,188,000","172,417,000","39,824,000","60,823,000","41,516,000","99,309,000","20,495,000","-37,324,000","25,100,000","41,344,000","19,682,000","12,535,000","33,590,000","20,052,000","-5,104,000","-26,180,000","-19,616,000","-952,487,000","13,485,000","61,819,000","51,384,000","-339,832,000","28,116,000","10,374,000","47,107,000","2,143,381,000","35,636,000","11,400,000","25,200,000","182,200,000","10,000,000","-2,800,000","5,900,000","-14,100,000","73,800,000","-35,500,000","8,500,000","6,300,000","9,100,000","11,000,000","22,200,000","59,500,000","33,300,000","15,200,000","42,300,000","22,100,000","22,700,000","18,200,000","17,100,000","13,800,000","8,900,000","5,400,000","11,400,000","8,400,000","6,200,000","2,900,000","6,200,000","6,600,000","13,100,000","2,400,000","5,800,000","5,700,000","5,500,000","8,300,000","6,400,000","5,900,000","5,300,000","3,800,000","2,700,000",,,,,,,,,,,,,,,,
BasicEPS,,"0.38","0.12","0.24","0.18","0.49","0.12","0.68","0.57","0.6","0.1","0.15","0.29","0.52","0.14","0.41","0.3","0.35","2.59","-1.64","0.09","0.34","-0.05","0.12","0.25","0.07","-0.01","0.47","0.21","1.35","-0.15","-1.07","-0.2","0.17","-0.06","-0.09","1.44","0.01",,"0.27","0.39","0.48",,"0.635","0.81","0.368",,"0.359","0.35","0.423",,"0.304","0.58","0.589",,"0.8","0.69","0.57",,"1.794","-0.064","1.73",,"0.598","1.371","0.313",,"0.331","0.791","0.166",,"0.202","0.331","0.156",,"0.267","0.161","-0.041",,"-0.152","-7.47","0.106",,"0.405","-2.663","0.221",,"0.4","16.541","0.294",,"0.189","1.366","0.074",,"0.046","-0.106","0.557",,"0.064","0.051","0.069",,"0.166","0.451","0.258",,"0.331","0.175","0.179",,"0.143","0.12","0.078",,"0.11","0.083","0.064",,"0.074","0.078","0.161",,"0.078","0.083","0.078",,"0.097","0.092","0.083",,"0.046","0.037","0.023",,"0.06","0.041","0.037",,"0.064","0.051","0.051",,"0.051","0.051","0.046",,"0.046"
DilutedEPS,,"0.37","0.11","0.24","0.17","0.48","0.12","0.66","0.56","0.59","0.1","0.15","0.28","0.5","0.14","0.41","0.29","0.34","2.54","-1.64","0.09","0.33","-0.05","0.11","0.25","0.07","-0.01","0.46","0.21","1.33","-0.15","-1.07","-0.2","0.16","-0.06","-0.09","1.42","0.01",,"0.27","0.39","0.48",,"0.626","0.8","0.368",,"0.35","0.35","0.423",,"0.304","0.58","0.589",,"0.8","0.69","0.57",,"1.776","-0.074","1.702",,"0.589","1.362","0.313",,"0.331","0.782","0.161",,"0.198","0.331","0.156",,"0.267","0.161","-0.041",,"-0.152","-7.47","0.106",,"0.4","-2.663","0.216",,"0.396","16.352","0.29",,"0.184","1.348","0.074",,"0.046","-0.106","0.552",,"0.064","0.051","0.069",,"0.166","0.446","0.258",,"0.331","0.175","0.179",,"0.143","0.12","0.078",,"0.11","0.083","0.064",,"0.074","0.078","0.161",,"0.078","0.083","0.078",,"0.097","0.092","0.083",,"0.046","0.037","0.023",,"0.06","0.041","0.037",,"0.064","0.051","0.051",,"0.051","0.051","0.046",,"0.046"
BasicAverageShares,,"115,000,000","115,000,000","115,000,000","115,000,000","114,000,000","114,000,000","114,000,000","114,000,000","115,000,000","115,000,000","115,000,000","114,000,000","114,000,000","113,000,000","112,000,000","112,000,000","111,000,000","111,000,000","111,000,000","111,000,000","110,000,000","110,000,000","110,000,000","109,000,000","109,000,000","109,067,000","108,848,000","108,484,000","108,169,000","107,995,000","108,252,000","108,719,000","108,988,000","108,742,000","108,571,000","108,385,000","108,255,000",,"108,819,000","108,732,000","108,653,000",,"112,490,369","112,514,283","113,075,175",,"114,005,647","114,700,240","115,154,606",,"117,710,143","120,375,467","122,002,706",,"125,765,900","126,382,229","127,798,590",,"129,032,335","127,212,697","127,001,819",,"125,839,816","125,839,816","125,810,467",,"125,464,801","125,248,488","125,005,000",,"124,615,854","124,504,980","124,283,232",,"124,831,080","124,948,476","127,383,356",,"127,526,840","127,481,186","127,396,400",,"127,637,714","127,511,622","127,652,932",,"129,433,438","131,105,244","132,783,572",,"133,621,463","133,367,946","135,875,000",,"128,266,000","133,275,652","132,596,033",,"131,992,857","124,510,909","131,889,333",,"134,063,333","131,992,857","129,275,357",,"127,722,500","126,435,263","126,537,949",,"114,766,977","115,389,231","113,815,294",,"103,265,000","101,453,333","96,277,143",,"84,242,500","84,402,353","81,369,714",,"74,171,765","68,843,333","70,335,294",,"66,255,238","64,133,000","64,012,222",,"58,698,000","58,950,184","58,950,184",,"53,189,084","51,484,668","49,162,836",,"48,038,878","47,236,672","46,099,670",,"46,060,538","46,060,538","43,186,510",,"43,182,162"
DilutedAverageShares,,"116,000,000","116,000,000","116,000,000","116,000,000","116,000,000","115,000,000","115,000,000","115,000,000","116,000,000","116,000,000","116,000,000","116,000,000","116,000,000","115,000,000","114,000,000","113,000,000","113,000,000","112,000,000","111,000,000","112,000,000","112,000,000","110,000,000","111,000,000","111,000,000","110,000,000","109,067,000","110,214,000","109,785,000","108,946,000","107,995,000","108,252,000","108,719,000","109,672,000","108,742,000","108,571,000","108,913,000","108,693,000",,"109,246,000","109,022,000","109,098,000",,"112,837,122","113,115,394","113,650,198",,"114,458,926","115,120,909","115,493,750",,"118,010,155","120,625,477","122,208,149",,"126,301,791","126,976,818","128,473,617",,"130,385,650","127,212,697","128,682,321",,"127,028,994","126,787,680","126,447,449",,"126,322,444","126,047,433","125,707,202",,"125,255,010","125,176,746","124,839,776",,"125,641,982","125,376,754","127,383,356",,"127,526,840","127,481,186","127,396,400",,"128,400,938","127,511,622","130,051,455",,"129,433,438","131,105,244","132,783,572",,"136,962,000","135,188,669","135,875,000",,"128,266,000","133,275,652","133,701,000",,"131,992,857","124,510,909","131,889,333",,"134,063,333","133,353,608","129,275,357",,"127,722,500","126,435,263","126,537,949",,"114,766,977","115,389,231","113,815,294",,"103,265,000","101,453,333","96,277,143",,"84,242,500","84,402,353","81,369,714",,"74,171,765","68,843,333","70,335,294",,"66,255,238","64,133,000","64,012,222",,"58,698,000","58,950,184","58,950,184",,"53,189,084","51,484,668","49,162,836",,"48,038,878","47,236,672","46,099,670",,"46,060,538","46,060,538","43,186,510",,"43,182,162"
TotalOperatingIncomeAsReported,"246,000,000","95,000,000","24,000,000","69,000,000","58,000,000","110,000,000","21,000,000","87,000,000","78,000,000","72,000,000","8,000,000","29,000,000","48,000,000","94,000,000","13,000,000","51,000,000","61,000,000","80,000,000","17,000,000","-232,000,000","28,000,000","82,000,000","-16,000,000","20,000,000","41,000,000","15,000,000","-11,113,000","93,434,000","32,121,000","282,629,000","-36,044,000","-125,415,000","-49,090,000","20,685,000","-20,937,000","-33,085,000","282,227,000","7,154,000","-56,361,000","55,506,000","91,076,000","93,642,000","19,350,000","126,924,000","125,649,000","87,168,000","18,454,000","83,161,000","86,381,000","103,157,000","39,334,000","77,663,000","154,600,000","136,209,000","-327,337,000","152,139,000","149,743,000","153,609,000","96,657,000","134,489,000","153,955,000","142,797,000","87,909,000","110,375,000","105,898,000","109,085,000","104,062,000","107,774,000","107,852,000","75,440,000","-37,867,000","74,980,000","110,471,000","73,167,000","52,614,000","135,519,000","93,545,000","33,866,000","63,540,000","96,209,000","122,068,000","104,538,000","103,740,000","118,419,000","122,243,000","90,490,000","74,690,000","125,954,000","127,407,000","92,015,000","49,800,000","125,000,000","56,300,000","29,300,000","-33,500,000","23,700,000","4,700,000","-15,900,000","-49,900,000","-3,500,000","7,500,000","42,300,000","32,800,000","41,200,000","49,100,000","31,000,000","28,400,000","40,600,000","33,800,000","29,200,000","25,200,000","32,300,000","29,000,000","22,300,000","12,300,000","21,200,000","20,800,000","15,500,000","9,800,000","14,300,000","15,300,000","14,600,000","7,900,000","11,400,000","11,000,000","9,600,000","10,900,000","13,100,000","11,900,000","11,300,000","8,300,000","7,500,000",,,,,,,,,,,,,,,,
TotalExpenses,"5,059,000,000","1,219,000,000","1,340,000,000","1,251,000,000","1,250,000,000","1,204,000,000","1,348,000,000","1,231,000,000","1,181,000,000","1,185,000,000","1,321,000,000","1,284,000,000","1,208,000,000","1,172,000,000","1,313,000,000","1,246,000,000","1,203,000,000","1,150,000,000","1,289,000,000","1,216,000,000","1,215,000,000","1,169,000,000","1,291,000,000","1,280,000,000","1,245,000,000","1,222,000,000","1,284,396,000","1,299,990,000","1,245,136,000","1,210,243,000","1,350,712,000","1,316,935,000","1,274,968,000","1,271,193,000","1,448,201,000","1,213,444,000","1,240,654,000","1,288,872,000","1,374,375,000","1,302,895,000","1,228,583,000","1,214,244,000","1,293,217,000","1,207,850,000","1,150,753,000","1,170,370,000","1,235,542,000","1,183,255,000","1,145,838,000","1,119,458,000","1,191,710,000","1,181,079,000","1,087,877,000","1,120,437,000","1,152,634,000","1,152,459,000","1,124,608,000","1,095,492,000","1,146,051,000","1,102,396,000","1,038,879,000","1,013,760,000","1,036,775,000","1,001,695,000","960,012,000","951,227,000","921,610,000","920,977,000","857,706,000","852,726,000","984,376,000","893,800,000","824,117,000","797,345,000","859,143,000","739,235,000","757,742,000","773,552,000","730,928,000","705,678,000","601,746,000","560,659,000","567,123,000","556,590,000","520,058,000","509,879,000","629,324,000","442,315,000","422,909,000","412,242,000","450,500,000","385,600,000","495,700,000","476,200,000","516,500,000","455,000,000","447,200,000","408,000,000","451,000,000","395,700,000","352,500,000","275,900,000","303,500,000","274,700,000","249,900,000","232,400,000","227,400,000","215,900,000","198,300,000","180,800,000","180,100,000","160,800,000","144,600,000","136,500,000","148,300,000","137,500,000","124,000,000","111,200,000","116,300,000","104,100,000","95,700,000","86,000,000","89,800,000","81,300,000","75,400,000","67,800,000","69,500,000","61,900,000","60,000,000","56,100,000","58,700,000","54,100,000",,,,,,,,,,,,,,,,
NetIncomeFromContinuingAndDiscontinuedOperation,"158,000,000","61,000,000","30,000,000","40,000,000","27,000,000","59,000,000","14,000,000","78,000,000","65,000,000","69,000,000","11,000,000","18,000,000","33,000,000","59,000,000","16,000,000","46,000,000","33,000,000","39,000,000","287,000,000","-181,000,000","10,000,000","37,000,000","-6,000,000","13,000,000","28,000,000","8,000,000","-832,000","51,083,000","23,046,000","145,740,000","-16,541,000","-116,030,000","-22,038,000","18,254,000","-6,057,000","-9,512,000","156,077,000","1,419,000","-41,847,000","29,117,000","42,337,000","52,254,000","-6,186,000","71,294,000","91,063,000","41,622,000","14,530,000","40,625,000","40,287,000","49,115,000","16,518,000","35,645,000","69,731,000","72,008,000","-168,926,000","101,223,000","87,757,000","73,487,000","-99,150,000","231,737,000","-8,627,000","219,325,000","-116,236,000","75,239,000","172,467,000","39,875,000","60,873,000","41,566,000","99,361,000","20,545,000","-37,273,000","25,151,000","41,394,000","19,732,000","24,429,000","33,694,000","20,156,000","-5,000,000","-29,442,000","-19,511,000","-952,381,000","13,597,000","61,950,000","52,944,000","-338,456,000","31,222,000","2,146,220,000","65,493,000","21,184,000","35,770,000","11,500,000","25,500,000","182,500,000","10,400,000","-2,400,000","6,300,000","-13,700,000","74,200,000","-35,000,000","9,000,000","6,800,000","9,600,000","12,000,000","22,700,000","59,700,000","33,700,000","15,600,000","42,600,000","22,600,000","23,200,000","18,300,000","17,600,000","14,300,000","10,200,000","6,000,000","12,000,000","9,000,000","6,800,000","11,100,000","6,800,000","7,200,000","13,400,000","3,300,000","6,100,000","6,000,000","5,700,000","8,600,000","6,700,000","6,200,000","5,600,000","4,100,000","3,000,000",,,,,,,,,,,,,,,,
NormalizedIncome,"175,407,894.737","61,655,000","35,840,000","45,656,000","29,190,000","61,796,000","21,058,823.529","80,826,000","68,616,000","72,832,000","18,000,000","22,842,105.263","36,560,000","52,934,000","20,380,000","46,000,000","26,835,000","35,485,000","288,200,000","80,343,220.339","12,400,000","29,200,000","-4,200,000","13,600,000","26,089,000","11,600,000","-128,800","39,307,400","22,526,214","490,042","-27,608,517.326","-58,503,050","-15,172,358","-42,652,660","-164,942,936.827","-9,125,738","-44,924,450","9,273,422","-19,905,989.01","36,487,853.355","46,904,034.077","50,601,450.799","-3,584,050","57,481,603.761","80,666,282.79","42,306,261.801","21,871,750","40,908,086.531","41,492,113.179","49,233,061.049","36,973,557.453","34,996,395.587","69,746,766.392","71,660,317.509","83,887,000","84,326,346.847","88,721,558.777","77,891,600","89,056,840.77","81,102,313.525","135,716,550","65,035,988.232","56,922,471.553","53,830,863.646","117,794,450.81","28,293,200","-35,548,560.763","43,025,458.996","101,989,600","14,062,886.179","-8,387,600","11,732,200","32,041,238.839","11,184,400","57,305,339.83","32,581,400","19,304,000","-11,245,400","-11,237,400","52,821,877.2","91,543,211.654","28,691,800","45,107,600","39,433,200","49,329,879.664","25,850,200","28,397,725.25","40,795,000","54,111,400","31,657,600","8,740,000","53,200,000","8,500,000","-5,306,122.449","-36,720,000","-120,000","-26,010,144.928","-60,200,000","-62,240,000","-20,104,838.71","-11,620,000","10,920,000","8,220,000","13,040,000","2,520,000","3,940,000","6,120,000","9,240,000","6,580,000","4,240,000","7,772,200.772","9,920,000","9,080,000","6,360,000","1,680,000","5,460,000","5,400,000","4,160,000","-1,260,000","3,740,000","3,900,000","1,820,000","-540,000","1,900,000","2,474,226.804","1,982,608.696","5,231,666.667","4,445,794.393","3,740,000","3,020,000","4,562,903.226","1,140,000",,,,,,,,,,,,,,,,
InterestIncome,"10,000,000","2,000,000","2,000,000","3,000,000","3,000,000","3,000,000","3,000,000","4,000,000","2,000,000","6,000,000","5,000,000","7,000,000","9,000,000","9,000,000","8,000,000","6,000,000","6,000,000","5,000,000","3,000,000","4,000,000","4,000,000","4,000,000","18,000,000","15,000,000","15,000,000","14,000,000","10,664,000","9,617,000","10,117,000","8,385,000","7,194,000","4,526,000","2,751,000","2,486,000","2,407,000","2,507,000","2,600,000","1,578,000","2,354,000","2,359,000","2,352,000","2,183,000","2,229,000","2,199,000","2,093,000","2,624,000","2,608,000","2,785,000","2,674,000","2,441,000","2,686,000","3,461,000","2,902,000","2,072,000",,,,,,,,,,,,,,,,,,,,,,,,,,,,,,,,,,,,,,,,,,,,,,,,,,,,,,,,,,,,,,,,,,,,,,,,,,,,,,,,,,,,,,,,,,,,,,
InterestExpense,"212,000,000","33,000,000","39,000,000","54,000,000","86,000,000","53,000,000","49,000,000","43,000,000","38,000,000","37,000,000","37,000,000","42,000,000","43,000,000","43,000,000","43,000,000","43,000,000","43,000,000","43,000,000","42,000,000","43,000,000","43,000,000","42,000,000","43,000,000","42,000,000","43,000,000","41,000,000","38,927,000","35,043,000","33,919,000","33,830,000","27,622,000","27,170,000","27,898,000","28,707,000","25,603,000","24,961,000","23,749,000","24,498,000","18,645,000","20,497,000","23,139,000","24,464,000","24,017,000","22,258,000","45,417,000","28,099,000","28,700,000","28,297,000","29,265,000","28,720,000","31,777,000","30,430,000","32,245,000","30,105,000",,,,,,,,,,,,,,,,,,,,,,,,,,,,,,,,,,,,,,,,,,,,,,,,,,,,,,,,,,,,,,,,,,,,,,,,,,,,,,,,,,,,,,,,,,,,,,
NetInterestIncome,"-202,000,000","-31,000,000","-37,000,000","-51,000,000","-83,000,000","-50,000,000","-46,000,000","-39,000,000","-36,000,000","-31,000,000","-32,000,000","-35,000,000","-34,000,000","-34,000,000","-35,000,000","-37,000,000","-37,000,000","-38,000,000","-39,000,000","-39,000,000","-39,000,000","-38,000,000","-25,000,000","-27,000,000","-28,000,000","-27,000,000","-28,263,000","-25,426,000","-23,802,000","-25,445,000","-20,428,000","-22,644,000","-25,147,000","-26,221,000","-23,196,000","-22,454,000","-21,149,000","-22,920,000","-16,291,000","-18,138,000","-20,787,000","-22,281,000","-21,788,000","-20,059,000","-43,324,000","-25,475,000","-26,092,000","-25,512,000","-26,591,000","-26,279,000","-29,091,000","-26,969,000","-29,343,000","-28,033,000",,,,,,,,,,,,,,,,,,,,,,,,,,,,,,,,,,,,,,,,,,,,,,,,,,,,,,,,,,,,,,,,,,,,,,,,,,,,,,,,,,,,,,,,,,,,,,
EBIT,"440,000,000","142,000,000","70,000,000","120,000,000","109,000,000","155,000,000","66,000,000","142,000,000","124,000,000","123,000,000","52,000,000","80,000,000","98,000,000","147,000,000","61,000,000","101,000,000","108,000,000","124,000,000","57,000,000","-193,000,000","65,000,000","119,000,000","32,000,000","72,000,000","93,000,000","64,000,000","30,053,000","142,765,000","77,852,000","325,651,000","-5,247,000","-84,739,000","-11,499,000","60,658,000","14,079,000","7,176,000","334,753,000","35,667,000","-34,402,000","83,097,000","114,843,000","119,442,000","40,243,000","164,021,000","165,011,000","109,260,000","44,557,000","109,655,000","113,123,000","130,311,000","66,214,000","105,488,000","175,840,000","164,117,000","-164,586,000","152,139,000","149,743,000","153,609,000","96,657,000","134,489,000","153,955,000","142,797,000","87,909,000","110,375,000","105,898,000","109,085,000","104,062,000","107,774,000","107,852,000","75,440,000","-37,867,000","74,980,000","110,471,000","73,167,000","52,614,000","135,519,000","93,545,000","33,866,000","63,540,000","96,209,000","122,068,000","104,538,000","103,740,000","118,419,000","122,243,000","90,490,000","74,690,000","125,954,000","127,407,000","92,015,000","49,800,000","125,000,000","56,300,000","29,300,000","-33,500,000","23,700,000","4,700,000","-15,900,000","-49,900,000","-3,500,000","7,500,000","42,300,000","32,800,000","41,200,000","49,100,000","31,000,000","28,400,000","40,600,000","33,800,000","29,200,000","25,200,000","32,300,000","29,000,000","22,300,000","12,300,000","21,200,000","20,800,000","15,500,000","9,800,000","14,300,000","15,300,000","14,600,000","7,900,000","11,400,000","11,000,000","9,600,000","10,900,000","13,100,000","11,900,000","11,300,000","8,300,000","7,500,000","57,800,000","53,300,000","-113,600,000","50,100,000","48,500,000","45,000,000","-96,200,000","44,300,000","42,800,000","39,800,000","-79,300,000","37,800,000","35,900,000","32,600,000","-59,400,000","29,600,000"
EBITDA,"1,340,000,000"
ReconciledCostOfRevenue,"2,460,000,000","580,000,000","670,000,000","609,000,000","601,000,000","592,000,000","670,000,000","601,000,000","548,000,000","539,000,000","629,000,000","608,000,000","554,000,000","548,000,000","630,000,000","604,000,000","566,000,000","534,000,000","637,000,000","584,000,000","585,000,000","552,000,000","617,000,000","626,000,000","606,000,000","579,000,000","610,569,000","640,142,000","598,602,000","565,628,000","682,973,000","646,392,000","599,499,000","582,605,000","668,408,000","481,285,000","515,731,000","559,892,000","635,230,000","600,459,000","527,670,000","509,211,000","558,101,000","525,807,000","473,899,000","486,746,000","526,674,000","487,311,000","453,037,000","444,495,000","488,784,000","477,116,000","431,119,000","467,407,000","497,156,000","461,302,000","452,845,000","442,383,000","438,580,000","436,630,000","415,281,000","405,968,000","405,494,000","389,415,000","369,559,000","375,139,000","374,202,000","367,954,000","332,854,000","333,864,000","326,524,000","349,024,000","317,230,000","311,393,000","368,089,000","276,789,000","340,077,000","773,552,000","730,928,000","705,678,000","601,746,000","560,659,000","565,860,000","556,590,000","520,058,000","509,879,000","526,949,000","342,808,000","324,377,000","313,513,000","355,000,000","341,500,000","386,200,000","372,000,000","407,200,000","354,000,000","347,700,000","308,300,000","361,800,000","315,100,000","282,700,000","213,900,000","252,100,000","209,600,000","191,700,000","175,500,000","174,700,000","163,600,000","149,300,000","133,700,000","135,400,000","117,900,000","107,000,000","99,900,000","113,900,000","103,700,000","93,400,000","82,500,000","88,100,000","79,100,000","72,000,000","63,900,000","67,800,000","63,100,000","56,800,000","49,800,000","52,500,000","45,300,000","44,900,000","41,900,000","44,600,000","41,000,000",,,,,,,,,,,,,,,,
ReconciledDepreciation,"900,000,000","229,000,000","225,000,000","213,000,000","233,000,000","224,000,000","224,000,000","215,000,000","235,000,000","235,000,000","235,000,000","237,000,000","233,000,000","227,000,000","221,000,000","221,000,000","220,000,000","221,000,000","212,000,000","210,000,000","211,000,000","211,000,000","214,000,000","214,000,000","210,000,000","212,000,000","215,918,000","210,764,000","211,104,000","206,575,000","201,517,000","205,529,000","204,567,000","224,919,000","266,502,000","255,295,000","254,203,000","242,077,000","221,464,000","196,219,000","198,509,000","197,434,000","191,879,000","186,628,000","194,751,000","192,518,000","191,129,000","190,972,000","190,258,000","189,389,000","191,608,000","192,247,000","183,349,000","182,766,000","187,918,000","187,975,000","188,026,000","186,158,000","178,686,000","191,695,000","190,528,000","191,310,000","186,780,000","188,046,000","179,985,000","182,667,000","171,532,000","169,523,000","167,571,000","168,817,000","178,631,000","169,462,000","164,411,000","155,452,000","158,332,000","142,768,000","143,479,000","151,153,000","139,701,000","143,209,000","115,635,000","111,900,000","118,452,000","115,322,000","109,308,000","106,937,000","102,375,000","99,507,000","98,532,000","98,729,000","95,500,000","44,100,000","109,500,000","104,200,000","109,300,000","101,000,000","99,500,000","99,700,000","89,200,000","80,600,000","69,800,000","62,000,000","51,400,000","65,100,000","58,200,000","56,900,000","52,700,000","52,300,000","49,000,000","47,100,000","44,700,000","42,900,000","37,600,000","36,600,000","34,400,000","33,800,000","30,600,000","28,700,000","28,200,000","25,000,000","23,700,000","22,100,000","22,000,000","18,200,000","18,600,000","18,000,000","17,000,000","16,600,000","15,100,000","14,200,000","14,100,000","13,100,000",,,,,,,,,,,,,,,,
NetIncomeFromContinuingOperationNetMinorityInterest,"158,000,000","61,000,000","30,000,000","40,000,000","27,000,000","59,000,000","14,000,000","78,000,000","65,000,000","69,000,000","11,000,000","18,000,000","33,000,000","59,000,000","16,000,000","46,000,000","33,000,000","39,000,000","287,000,000","-181,000,000","10,000,000","37,000,000","-6,000,000","13,000,000","28,000,000","8,000,000","-832,000","51,083,000","23,046,000","145,740,000","-16,541,000","-116,030,000","-22,038,000","18,254,000","-6,057,000","-9,512,000","156,077,000","1,419,000","-41,847,000","29,117,000","42,337,000","52,254,000","-6,186,000","71,294,000","91,063,000","41,622,000","14,530,000","40,625,000","40,287,000","49,115,000","16,518,000","35,645,000","69,731,000","72,008,000","-168,926,000","101,223,000","87,757,000","73,487,000","-99,150,000","231,737,000","-8,627,000","219,325,000","-116,236,000","75,239,000","172,467,000","39,875,000","60,216,000","41,226,000","99,361,000","20,545,000","-39,284,000","20,800,000","41,394,000","19,732,000","24,429,000","35,303,000","20,156,000","-5,000,000","-29,442,000","-19,511,000","-952,381,000","13,597,000","86,042,000","52,944,000","-338,456,000","31,222,000","20,433,000","68,140,000","21,184,000","35,770,000","11,500,000","52,900,000","182,500,000","10,400,000","-2,400,000","6,300,000","-13,700,000","74,200,000","-35,000,000","9,000,000","6,800,000","9,600,000","12,000,000","22,700,000","59,700,000","33,700,000","15,600,000","42,600,000","22,600,000","23,200,000","18,300,000","17,600,000","14,300,000","10,200,000","6,000,000","12,000,000","9,000,000","6,800,000","11,100,000","6,800,000","7,200,000","13,400,000","3,300,000","6,100,000","6,000,000","5,700,000","8,600,000","6,700,000","6,200,000","5,600,000","4,100,000","3,000,000",,,,,,,,,,,,,,,,
TotalUnusualItemsExcludingGoodwill,"-21,000,000","-1,000,000","-8,000,000","-8,000,000","-3,000,000","-4,000,000","-8,000,000","-3,000,000","-4,000,000","-4,000,000","-7,000,000","-8,000,000","-5,000,000","9,000,000","-6,000,000","0","9,000,000","5,000,000","-2,000,000","-267,000,000","-4,000,000","13,000,000","-3,000,000","-1,000,000","3,000,000","-6,000,000","-1,172,000","19,626,000","862,000","241,279,000","17,607,000","-88,503,000","-10,514,000","95,916,000","243,776,000","-621,000","309,233,000","-12,547,000","-28,381,000","-11,490,000","-7,487,000","2,323,000","-4,003,000","22,196,000","11,441,000","-1,063,000","-11,295,000","-438,000","-1,929,000","-190,000","-31,269,000","1,030,000","-25,000","499,000","-421,355,000","25,280,000","-1,448,000","-7,341,000","-247,412,000","235,998,000","-222,067,000","253,646,000","-252,822,000","30,300,000","90,878,000","19,303,000","114,111,000","-2,968,000","-4,381,000","10,540,000","-51,494,000","15,113,000","15,137,000","14,246,000","-34,739,000","4,536,000","1,420,000","10,409,000","-30,341,000","-74,225,000","-1,712,596,000","-25,158,000","68,224,000","22,518,000","-633,469,000","8,953,000","-12,875,000","45,575,000","-54,879,000","6,854,000","4,600,000","-500,000","290,000,000","22,200,000","57,200,000","10,700,000","12,400,000","224,000,000","45,400,000","40,100,000","30,700,000","-2,200,000","6,300,000","16,100,000","95,300,000","49,600,000","15,800,000","55,600,000","26,700,000","31,600,000","14,900,000","12,800,000","8,700,000","6,400,000","7,200,000","10,900,000","6,000,000","4,400,000","20,600,000","5,100,000","5,500,000","19,300,000","6,400,000","7,000,000","5,700,000","6,000,000","4,700,000","3,600,000","4,100,000","4,300,000","-700,000","3,100,000",,,,,,,,,,,,,,,,
TotalUnusualItems,"-21,000,000","-1,000,000","-8,000,000","-8,000,000","-3,000,000","-4,000,000","-8,000,000","-3,000,000","-4,000,000","-4,000,000","-7,000,000","-8,000,000","-5,000,000","9,000,000","-6,000,000","0","9,000,000","5,000,000","-2,000,000","-267,000,000","-4,000,000","13,000,000","-3,000,000","-1,000,000","3,000,000","-6,000,000","-1,172,000","19,626,000","862,000","241,279,000","17,607,000","-88,503,000","-10,514,000","95,916,000","243,776,000","-621,000","309,233,000","-12,547,000","-28,381,000","-11,490,000","-7,487,000","2,323,000","-4,003,000","22,196,000","11,441,000","-1,063,000","-11,295,000","-438,000","-1,929,000","-190,000","-31,269,000","1,030,000","-25,000","499,000","-421,355,000","25,280,000","-1,448,000","-7,341,000","-247,412,000","235,998,000","-222,067,000","253,646,000","-252,822,000","30,300,000","90,878,000","19,303,000","114,111,000","-2,968,000","-4,381,000","10,540,000","-51,494,000","15,113,000","15,137,000","14,246,000","-34,739,000","4,536,000","1,420,000","10,409,000","-30,341,000","-74,225,000","-1,712,596,000","-25,158,000","68,224,000","22,518,000","-633,469,000","8,953,000","-12,875,000","45,575,000","-54,879,000","6,854,000","4,600,000","-500,000","290,000,000","22,200,000","57,200,000","10,700,000","12,400,000","224,000,000","45,400,000","40,100,000","30,700,000","-2,200,000","6,300,000","16,100,000","95,300,000","49,600,000","15,800,000","55,600,000","26,700,000","31,600,000","14,900,000","12,800,000","8,700,000","6,400,000","7,200,000","10,900,000","6,000,000","4,400,000","20,600,000","5,100,000","5,500,000","19,300,000","6,400,000","7,000,000","5,700,000","6,000,000","4,700,000","3,600,000","4,100,000","4,300,000","-700,000","3,100,000",,,,,,,,,,,,,,,,
NormalizedEBITDA,"1,361,000,000","372,000,000","303,000,000","341,000,000","346,000,000","383,000,000","298,000,000","362,000,000","364,000,000","362,000,000","294,000,000","325,000,000","337,000,000","365,000,000","288,000,000","322,000,000","319,000,000","340,000,000","271,000,000","284,000,000","280,000,000","317,000,000","249,000,000","287,000,000","300,000,000","282,000,000","247,143,000","333,903,000","288,094,000","290,947,000","178,663,000","209,293,000","203,582,000","189,661,000","36,805,000","263,092,000","279,723,000","290,291,000","215,443,000","290,806,000","320,839,000","314,553,000","236,125,000","331,864,000","348,321,000","302,841,000","246,981,000","301,065,000","305,310,000","319,890,000","289,091,000","296,705,000","359,214,000","346,384,000","444,687,000","314,834,000","339,217,000","347,108,000","522,755,000","90,186,000","566,550,000","80,461,000","527,511,000","268,121,000","195,005,000","272,449,000","161,483,000","280,265,000","279,804,000","233,717,000","192,258,000","229,329,000","259,745,000","214,373,000","245,685,000","273,751,000","235,604,000","174,610,000","233,582,000","313,643,000","1,950,299,000","241,596,000","153,968,000","211,223,000","865,020,000","188,474,000","189,940,000","179,886,000","280,818,000","183,890,000","140,700,000","169,600,000","-124,200,000","111,300,000","18,600,000","114,000,000","91,800,000","-140,200,000","-6,100,000","37,000,000","46,600,000","106,500,000","77,900,000","90,200,000","12,000,000","38,300,000","65,300,000","37,300,000","56,100,000","44,700,000","55,000,000","62,400,000","57,900,000","52,500,000","39,500,000","44,100,000","45,400,000","39,800,000","17,400,000","34,200,000","33,500,000","17,400,000","23,500,000","22,600,000","23,900,000","21,600,000","23,200,000","26,100,000","22,900,000","21,200,000","23,100,000","17,500,000","57,800,000","53,300,000","-113,600,000","50,100,000","48,500,000","45,000,000","-96,200,000","44,300,000","42,800,000","39,800,000","-79,300,000","37,800,000","35,900,000","32,600,000","-59,400,000","29,600,000"
TaxRateForCalcs,"0.171","0.345","0.27","0.293","0.27","0.301","0.118","0.058","0.096","0.042","0","0.395","0.288","0.326","0.27","0.073","0.315","0.297","0.4","0.021","0.4","0.4","0.4","0.4","0.363","0.4","0.4","0.4","0.397","0.398","0.371","0.35","0.347","0.365","0.348","0.378","0.35","0.374","0.227","0.358","0.39","0.289","0.35","0.378","0.091","0.356","0.35","0.354","0.375","0.379","0.346","0.37","0.369","0.303","0.4","0.332","0.334","0.4","0.239","0.362","0.35","0.392","0.315","0.293","0.398","0.4","0.161","0.394","0.4","0.385","0.4","0.4","0.382","0.4","0.054","0.4","0.4","0.4","0.4","0.025","0.39","0.4","0.4","0.4","0.388","0.4","0.381","0.4","0.4","0.4","0.4","0.4","0.4","0.293","0.4","0.4","0.007","0.4","0.4","0.274","0.4","0.4","0.4","0.4","0.4","0.4","0.4","0.4","0.4","0.4","0.293","0.4","0.4","0.4","0.4","0.4","0.4","0.4","0.4","0.4","0.4","0.4","0.4","0.4","0.381","0.38","0.283","0.374","0.4","0.4","0.339","0.4",,,,,,,,,,,,,,,,
TaxEffectOfUnusualItems,"-3,592,105.263","-345,000","-2,160,000","-2,344,000","-810,000","-1,204,000","-941,176.471","-174,000","-384,000","-168,000","0","-3,157,894.737","-1,440,000","2,934,000","-1,620,000","0","2,835,000","1,485,000","-800,000","-5,656,779.661","-1,600,000","5,200,000","-1,200,000","-400,000","1,089,000","-2,400,000","-468,800","7,850,400","342,214","96,029,042","6,539,482.674","-30,976,050","-3,648,358","35,009,340","84,890,063.173","-234,738","108,231,550","-4,692,578","-6,439,989.01","-4,119,146.645","-2,919,965.923","670,450.799","-1,401,050","8,383,603.761","1,044,282.79","-378,738.199","-3,953,250","-154,913.469","-723,886.821","-71,938.951","-10,813,442.547","381,395.587","-9,233.608","151,317.509","-168,542,000","8,383,346.847","-483,441.223","-2,936,400","-59,205,159.23","85,363,313.525","-77,723,450","99,356,988.232","-79,663,528.447","8,891,863.646","36,205,450.81","7,721,200","18,346,439.237","-1,168,541.004","-1,752,400","4,057,886.179","-20,597,600","6,045,200","5,784,238.839","5,698,400","-1,862,660.17","1,814,400","568,000","4,163,600","-12,136,400","-1,892,122.8","-668,671,788.346","-10,063,200","27,289,600","9,007,200","-245,683,120.336","3,581,200","-4,910,274.75","18,230,000","-21,951,600","2,741,600","1,840,000","-200,000","116,000,000","6,493,877.551","22,880,000","4,280,000","89,855.072","89,600,000","18,160,000","10,995,161.29","12,280,000","-880,000","2,520,000","6,440,000","38,120,000","19,840,000","6,320,000","22,240,000","10,680,000","12,640,000","4,372,200.772","5,120,000","3,480,000","2,560,000","2,880,000","4,360,000","2,400,000","1,760,000","8,240,000","2,040,000","2,200,000","7,720,000","2,560,000","2,800,000","2,174,226.804","2,282,608.696","1,331,666.667","1,345,794.393","1,640,000","1,720,000","-237,096.774","1,240,000",,,,,,,,,,,,,,,,