name,ttm,03/31/2022,12/31/2021,09/30/2021,06/30/2021,03/31/2021,12/31/2020,09/30/2020,06/30/2020,03/31/2020,12/31/2019,09/30/2019,06/30/2019,03/31/2019,12/31/2018,09/30/2018,06/30/2018,03/31/2018,12/31/2017,09/30/2017,06/30/2017,03/31/2017,12/31/2016,09/30/2016,06/30/2016,03/31/2016,12/31/2015,09/30/2015,06/30/2015,03/31/2015,12/31/2014,09/30/2014,06/30/2014,03/31/2014,12/31/2013,09/30/2013,06/30/2013,03/31/2013,12/31/2012,09/30/2012,06/30/2012,03/31/2012,12/31/2011,09/30/2011,06/30/2011,03/31/2011,12/31/2010,09/30/2010,06/30/2010,03/31/2010,12/31/2009,09/30/2009,06/30/2009,03/31/2009,12/31/2008,09/30/2008,06/30/2008,03/31/2008,12/31/2007,09/30/2007,06/30/2007,03/31/2007,12/31/2006,09/30/2006,06/30/2006,03/31/2006,12/31/2005,09/30/2005,06/30/2005,03/31/2005,12/31/2004,09/30/2004,06/30/2004,03/31/2004,12/31/2003,09/30/2003,06/30/2003,03/31/2003,12/31/2002,09/30/2002,06/30/2002,03/31/2002,12/31/2001,09/30/2001,06/30/2001,03/31/2001,12/31/2000,09/30/2000,06/30/2000,03/31/2000,12/31/1999,09/30/1999,06/30/1999,03/31/1999,12/31/1998,09/30/1998,06/30/1998,03/31/1998,12/31/1997,09/30/1997,06/30/1997,03/31/1997,12/31/1996,09/30/1996,06/30/1996,03/31/1996,12/31/1995,09/30/1995,06/30/1995,03/31/1995,12/31/1994,09/30/1994,06/30/1994,03/31/1994,12/31/1993,09/30/1993,06/30/1993,03/31/1993,12/31/1992,09/30/1992,06/30/1992,03/31/1992,12/31/1991,09/30/1991,06/30/1991,03/31/1991,12/31/1990,09/30/1990,06/30/1990,03/31/1990,12/31/1989,09/30/1989,06/30/1989,03/31/1989,12/31/1988,09/30/1988,06/30/1988,03/31/1988
TotalRevenue,"878,199,000","236,566,000","220,987,000","209,517,000","211,129,000","184,822,000","192,524,000","184,370,000","218,638,000","228,302,000","232,427,000","243,217,000","248,248,000","248,466,000","275,706,000","267,294,000","263,759,000","258,711,000","245,836,000","247,121,000","247,347,000","221,026,000","204,772,000","207,702,000","208,533,000","207,333,000","216,989,000","223,772,000","221,245,000","234,171,000","239,219,000","240,429,000","236,965,000","235,213,000","231,096,000","243,194,000","243,530,000","241,526,000","221,914,000","221,748,000","218,763,000","219,763,000","203,784,000","203,924,000","201,395,000","191,718,000","180,969,000","198,332,000","185,197,000","175,037,000","168,577,000","175,962,000","158,603,000","153,935,000","194,114,000","236,418,000","234,008,000","228,480,000","87,463,000","275,726,000","279,742,000","281,594,000","269,814,000","296,256,000","282,739,000","267,976,000","236,668,000","240,716,000","244,662,000","235,317,000","227,592,000","230,747,000","216,405,000","195,919,000","186,230,000","195,504,000","181,574,000","178,580,000","176,887,000","190,306,000","196,503,000","174,219,000","179,910,000","198,412,000","197,444,000","191,802,000","197,896,000","215,627,000","223,503,000","232,228,000","230,100,000","215,900,000","194,800,000","179,500,000","186,600,000","186,600,000","169,900,000","156,700,000","147,600,000","155,100,000","145,000,000","133,300,000","126,500,000","129,400,000","126,300,000","141,400,000","142,800,000","146,000,000","149,700,000","151,100,000","126,100,000","132,200,000","122,900,000","121,000,000","91,200,000","122,400,000","116,200,000","119,400,000","117,100,000","126,200,000","117,400,000","118,300,000","115,900,000","121,800,000","122,300,000","114,000,000","119,300,000","131,800,000","148,800,000","147,700,000","151,500,000","163,100,000","164,700,000","158,600,000","156,300,000","156,100,000","156,100,000","156,100,000"
	OperatingRevenue,"878,199,000","236,566,000","220,987,000","209,517,000","211,129,000","184,822,000","192,524,000","184,370,000","218,638,000","228,302,000","232,427,000","243,217,000","248,248,000","248,466,000","275,706,000","267,294,000","263,759,000","258,711,000","245,836,000","247,121,000","247,347,000","221,026,000","204,772,000","207,702,000","208,533,000","207,333,000","216,989,000","223,772,000","221,245,000","234,171,000","239,219,000","240,429,000","236,965,000","235,213,000","231,096,000","243,194,000","243,530,000","241,526,000","221,914,000","221,748,000","218,763,000","219,763,000","203,784,000","203,924,000","201,395,000","191,718,000","180,969,000","198,332,000","185,197,000","174,981,000","168,577,000","175,962,000","158,603,000","153,935,000","192,702,000","228,709,000","234,008,000","228,480,000","85,681,000","275,726,000","279,582,000","281,594,000","269,814,000","296,256,000","282,491,000","267,964,000","239,772,000","240,716,000","243,724,000","232,757,000","226,678,000","222,515,000","216,053,000","195,919,000","181,907,000","193,125,000","181,574,000","177,857,000","176,887,000","190,306,000","196,503,000","174,219,000","179,910,000","198,412,000","197,444,000","191,802,000","197,896,000","215,627,000","223,503,000","232,228,000","230,100,000","215,900,000","194,800,000","179,500,000","186,600,000","186,600,000","169,900,000","156,700,000","147,600,000","155,100,000","145,000,000","133,300,000","126,500,000","129,400,000","126,300,000","141,400,000","142,800,000","146,000,000","149,700,000","151,100,000","126,100,000","132,200,000","122,900,000","121,000,000","91,200,000","122,400,000","116,200,000","119,400,000","117,100,000","126,200,000","117,400,000","118,300,000","115,900,000","121,800,000","122,300,000","114,000,000","119,300,000","131,800,000","148,800,000","147,700,000","151,500,000","163,100,000","164,700,000","158,600,000","156,300,000","156,100,000","156,100,000","156,100,000"
CostOfRevenue,"721,755,000","191,341,000","186,658,000","178,020,000","165,736,000","147,508,000","150,219,000","142,461,000","169,284,000","183,891,000","191,882,000","200,551,000","201,468,000","209,674,000","227,881,000","226,816,000","219,107,000","211,979,000","208,857,000","205,014,000","205,284,000","190,154,000","176,970,000","173,775,000","176,896,000","170,054,000","176,740,000","190,304,000","191,497,000","196,756,000","205,110,000","205,847,000","198,485,000","197,464,000","196,679,000","205,941,000","205,990,000","204,690,000","193,631,000","179,944,000","182,538,000","181,393,000","151,958,000","169,407,000","171,867,000","161,857,000","150,036,000","163,716,000","155,073,000","141,372,000","134,575,000","140,471,000","129,485,000","128,487,000","137,447,000","200,888,000","196,249,000","194,239,000","30,173,000","240,791,000","246,010,000","244,535,000","232,769,000","260,113,000","246,941,000","226,638,000","212,340,000","208,198,000","204,077,000","198,352,000","174,752,000","190,846,000","177,483,000","168,571,000","135,858,000","162,327,000","149,836,000","149,501,000","138,962,000","152,328,000","153,968,000","137,400,000","142,469,000","160,473,000","160,982,000","149,006,000","156,420,000","169,625,000","170,481,000","178,332,000","174,500,000","163,900,000","147,200,000","134,500,000","141,000,000","142,700,000","129,000,000","118,200,000","109,500,000","117,700,000","109,800,000","102,400,000","94,800,000","98,600,000","95,800,000","107,600,000","110,600,000","115,800,000","118,200,000","122,100,000","98,500,000","104,200,000","96,300,000","95,700,000","58,400,000","101,200,000","95,300,000","98,600,000","70,400,000","104,300,000","96,100,000","97,200,000","65,100,000","99,300,000","102,600,000","100,400,000","101,100,000","106,200,000","120,700,000","120,700,000",,,,,,,,
GrossProfit,"156,444,000","45,225,000","34,329,000","31,497,000","45,393,000","37,314,000","42,305,000","41,909,000","49,354,000","44,411,000","40,545,000","42,666,000","46,780,000","38,792,000","47,825,000","40,478,000","44,652,000","46,732,000","36,979,000","42,107,000","42,063,000","30,872,000","27,802,000","33,927,000","31,637,000","37,279,000","40,249,000","33,468,000","29,748,000","37,415,000","34,109,000","34,582,000","38,480,000","37,749,000","34,417,000","37,253,000","37,540,000","36,836,000","28,283,000","41,804,000","36,225,000","38,370,000","51,826,000","34,517,000","29,528,000","29,861,000","30,933,000","34,616,000","30,124,000","33,665,000","34,002,000","35,491,000","29,118,000","25,448,000","56,667,000","35,530,000","37,759,000","34,241,000","57,290,000","34,935,000","33,732,000","37,059,000","37,045,000","36,143,000","35,798,000","41,338,000","24,328,000","32,518,000","40,585,000","36,965,000","52,840,000","39,901,000","38,922,000","27,348,000","50,372,000","33,177,000","31,738,000","29,079,000","37,925,000","37,978,000","42,535,000","36,819,000","37,441,000","37,939,000","36,462,000","42,796,000","41,476,000","46,002,000","53,022,000","53,896,000","55,600,000","52,000,000","47,600,000","45,000,000","45,600,000","43,900,000","40,900,000","38,500,000","38,100,000","37,400,000","35,200,000","30,900,000","31,700,000","30,800,000","30,500,000","33,800,000","32,200,000","30,200,000","31,500,000","29,000,000","27,600,000","28,000,000","26,600,000","25,300,000","32,800,000","21,200,000","20,900,000","20,800,000","46,700,000","21,900,000","21,300,000","21,100,000","50,800,000","22,500,000","19,700,000","13,600,000","18,200,000","25,600,000","28,100,000","27,000,000",,,,,,,,
OperatingExpense,"91,267,000","26,946,000","24,191,000","22,644,000","17,488,000","24,368,000","29,699,000","26,396,000","34,397,000","32,349,000","40,920,000","33,887,000","32,621,000","29,803,000","29,928,000","29,501,000","29,195,000","29,747,000","27,970,000","27,327,000","28,396,000","26,293,000","24,404,000","22,921,000","25,734,000","25,795,000","23,438,000","19,473,000","27,205,000","22,041,000","22,095,000","21,329,000","20,951,000","22,693,000","22,229,000","22,731,000","22,213,000","23,435,000","23,363,000","20,971,000","23,846,000","24,505,000","42,232,000","21,354,000","18,563,000","19,848,000","19,848,000","21,985,000","21,237,000","23,576,000","19,196,000","18,651,000","17,296,000","17,314,000","37,779,000","16,659,000","22,967,000","24,102,000","37,976,000","20,210,000","18,867,000","19,759,000","19,801,000","20,188,000","18,470,000","24,612,000","17,325,000","17,647,000","25,464,000","25,913,000","42,524,000","18,798,000","24,158,000","18,011,000","37,210,000","18,016,000","21,988,000","18,258,000","21,393,000","18,343,000","19,540,000","22,975,000","26,085,000","22,779,000","20,634,000","28,259,000","29,904,000","30,967,000","28,413,000","28,230,000","28,900,000","26,800,000","24,500,000","21,300,000","21,300,000","18,900,000","19,200,000","17,000,000","18,300,000","17,300,000","16,600,000","16,500,000","17,300,000","16,900,000","17,200,000","19,700,000","20,700,000","19,100,000","20,700,000","20,300,000","21,000,000","20,300,000","20,600,000","19,700,000","37,200,000","15,100,000","15,400,000","15,200,000","38,800,000","13,700,000","13,600,000","14,500,000","45,400,000","15,600,000","15,000,000","13,100,000","44,000,000","31,500,000","32,000,000","24,000,000",,,,,,,,
	SellingGeneralAndAdministration,"91,958,000","24,758,000","23,080,000","20,307,000","23,815,000","21,924,000","26,611,000","23,987,000","28,779,000","26,736,000","27,742,000","25,545,000","26,280,000","24,427,000","24,428,000","23,329,000","23,524,000","24,407,000","22,063,000","21,214,000","21,730,000","20,494,000","18,727,000","17,383,000","19,782,000","19,862,000","18,231,000","14,709,000","21,898,000","17,073,000","17,793,000","16,902,000","16,512,000","18,319,000","17,654,000","17,842,000","17,203,000","18,496,000","18,605,000","16,237,000","19,428,000","19,447,000","38,044,000","17,926,000","15,247,000","16,162,000","18,102,000","16,758,000","17,809,000","19,886,000","15,290,000","16,152,000","14,267,000","14,772,000","35,105,000","13,602,000","20,085,000","21,587,000","36,032,000","17,798,000","16,699,000","17,780,000","17,790,000","18,135,000","16,183,000","22,726,000","15,523,000","15,746,000","22,792,000","23,007,000","39,058,000","14,938,000","20,273,000","13,627,000","33,051,000","13,646,000","16,845,000","12,888,000","16,744,000","13,298,000","14,471,000","13,330,000","16,237,000","12,539,000","11,389,000","11,942,000","11,776,000","15,236,000","13,323,000","12,602,000","12,900,000","12,000,000","11,100,000","11,400,000","10,600,000","9,900,000","10,100,000","8,800,000","10,100,000","9,400,000","8,900,000","8,600,000","12,500,000","12,200,000","12,500,000","13,600,000","14,900,000","13,100,000","14,600,000","14,400,000","15,100,000","14,000,000","14,200,000","13,100,000","11,400,000","15,100,000","15,400,000","15,200,000","14,900,000","13,700,000","13,600,000","14,500,000","14,200,000","15,600,000","15,000,000","13,100,000","37,100,000","24,600,000","24,500,000","16,100,000",,,,,,,,
		GeneralAndAdministrativeExpense,"91,958,000","24,758,000","23,080,000","20,307,000","23,815,000","21,924,000","26,611,000","23,987,000","28,779,000","26,736,000","27,742,000","25,545,000","26,280,000","24,427,000","24,428,000","23,329,000","23,524,000","24,407,000","22,063,000","21,214,000","21,730,000","20,494,000","18,727,000","17,383,000","19,782,000","19,862,000","18,231,000","14,709,000","21,898,000","17,073,000","17,793,000","16,902,000","16,512,000","18,319,000","17,654,000","17,842,000","17,203,000","18,496,000","22,420,000",,,,,,,,,"21,860,000",,"15,941,000",,,"17,266,000",,,,,,,,,,,,,,,,,,,,,,,,,,,,,,,,,,,,,,,,,,,,,,,,,,,,,,,,,,,,,,,,,,,,,,,,,,,,,,,,,,,,,
			SalariesAndWages,"14,096,000","3,476,000","3,538,000","3,540,000","3,540,000","3,540,000","4,019,000","3,567,000","3,567,000","3,567,000","2,396,000","2,415,000","2,416,000","2,415,000","2,597,000","2,653,000","2,578,000","2,578,000",,,,,,,,,,,,,,,,,,,,,,,,,,,,,,,,,,,,,,,,,,,,,,,,,,,,,,,,,,,,,,,,,,,,,,,,,,,,,,,,,,,,,,,,,,,,,,,,,,,,,,,,,,,,,,,,,,,,,,,,
			OtherGandA,"77,862,000","21,282,000","19,542,000","16,767,000","20,275,000","18,384,000","22,592,000","20,420,000","25,212,000","23,169,000","25,346,000","23,130,000","23,864,000","22,012,000","21,831,000","20,676,000","20,946,000","21,829,000","22,063,000","21,214,000","21,730,000","20,494,000","18,727,000","17,383,000","19,782,000","19,862,000","18,231,000","14,709,000","21,898,000","17,073,000","17,793,000","16,902,000","16,512,000","18,319,000","17,654,000","17,842,000","17,203,000","18,496,000","22,420,000",,,,,,,,,"21,860,000",,"15,941,000",,,"17,266,000",,,,,,,,,,,,,,,,,,,,,,,,,,,,,,,,,,,,,,,,,,,,,,,,,,,,,,,,,,,,,,,,,,,,,,,,,,,,,,,,,,,,,
		SellingAndMarketingExpense,,,,,,,,,,,,,,,,,,,,,,,,,,,,,,,,,,,,,,,"7,442,000",,,,,,"23,176,000",,,"5,068,000",,"3,945,000",,,"3,870,000",,,,,,,,,,,,,,,,,,,,,,,,,,,,,,,,,,,,,,,,,,,,,,,,,,,,,,,,,,,,,,,,,,,,,,,,,,,,,,,,,,,,,
	ResearchAndDevelopment,"6,151,000","1,525,000","1,577,000","1,613,000","1,436,000","1,721,000","2,335,000","1,656,000","4,865,000","4,855,000","4,759,000","4,942,000","5,451,000","4,485,000","4,600,000","5,150,000","4,646,000","4,311,000","4,259,000","4,455,000","5,014,000","4,558,000","4,664,000","4,519,000","4,962,000","4,977,000","4,247,000","3,774,000","4,267,000","3,885,000","3,144,000","3,012,000","3,012,000","2,979,000","3,064,000","3,189,000","3,252,000","3,164,000","2,999,000","3,429,000","3,088,000","3,646,000","3,177,000","3,298,000","3,187,000","3,557,000","1,622,000","5,102,000","3,299,000","3,602,000","3,876,000","2,469,000","2,999,000","2,512,000","2,644,000","3,027,000","2,851,000","2,483,000","1,907,000","2,375,000","2,130,000","1,942,000","1,974,000","2,016,000","2,249,000","1,849,000","1,765,000","1,851,000","2,566,000","2,800,000","3,360,000","3,770,000","3,818,000","4,317,000","4,092,000","4,303,000","5,076,000","5,303,000","4,638,000","5,034,000","5,058,000","9,578,000","8,616,000","9,014,000","8,003,000","7,254,000","8,706,000","6,910,000","5,687,000","6,290,000","6,500,000","6,000,000","5,800,000","4,100,000","4,200,000","3,400,000","3,600,000","3,300,000","3,500,000","3,200,000","3,200,000","3,300,000",,,,,,,,,,,,,,,,,,,,,,,,,,,,,,,,,,,,
	DepreciationAmortizationDepletionIncomeStatement,"1,644,000","663,000","-466,000","724,000","723,000","723,000","753,000","753,000","753,000","758,000","8,419,000","3,400,000","890,000","891,000","900,000","1,022,000","1,025,000","1,029,000","1,648,000","1,658,000","1,652,000","1,241,000","1,013,000","1,019,000","990,000","956,000","960,000","990,000","1,040,000","1,083,000","1,158,000","1,415,000","1,427,000","1,395,000","1,511,000","1,700,000","1,758,000","1,775,000","1,759,000","1,305,000","1,330,000","1,412,000","1,011,000","130,000","129,000","129,000","124,000","125,000","129,000","88,000","30,000","30,000","30,000","30,000","30,000","30,000","31,000","32,000","37,000","37,000","38,000","37,000","37,000","37,000","38,000","37,000","37,000","50,000","106,000","106,000","106,000","90,000","67,000","67,000","67,000","67,000","67,000","67,000","11,000","11,000","11,000","67,000","1,232,000","1,226,000","1,242,000","9,063,000","9,422,000","8,821,000","9,403,000","9,338,000","9,500,000","8,800,000","7,600,000","5,800,000","6,500,000","5,600,000","5,500,000","4,900,000","4,700,000","4,700,000","4,500,000","4,600,000","4,800,000","4,700,000","4,700,000","6,100,000","5,800,000","6,000,000","6,100,000","5,900,000","5,900,000","6,300,000","6,400,000","6,600,000",,,,,,,,,,,,,"6,900,000","6,900,000","7,500,000","7,900,000",,,,,,,,
		DepreciationAndAmortizationInIncomeStatement,"1,644,000","663,000","-466,000","724,000","723,000","723,000","753,000","753,000","753,000","758,000","8,419,000","3,400,000","890,000","891,000","900,000","1,022,000","1,025,000","1,029,000","1,648,000","1,658,000","1,652,000","1,241,000","1,013,000","1,019,000","990,000","956,000","960,000","990,000","1,040,000","1,083,000","1,158,000","1,415,000","1,427,000","1,395,000","1,511,000","1,700,000","1,758,000","1,775,000","1,759,000","1,305,000","1,330,000","1,412,000","1,011,000","130,000","129,000","129,000","124,000","125,000","129,000","88,000","30,000","30,000","30,000","30,000","30,000","30,000","31,000","32,000","37,000","37,000","38,000","37,000","37,000","37,000","38,000","37,000","37,000","50,000","106,000","106,000","106,000","90,000","67,000","67,000","67,000","67,000","67,000","67,000","11,000","11,000","11,000","67,000","1,232,000","1,226,000","1,242,000","9,063,000","9,422,000","8,821,000","9,403,000","9,338,000","9,500,000","8,800,000","7,600,000","5,800,000","6,500,000","5,600,000","5,500,000","4,900,000","4,700,000","4,700,000","4,500,000","4,600,000","4,800,000","4,700,000","4,700,000","6,100,000","5,800,000","6,000,000","6,100,000","5,900,000","5,900,000","6,300,000","6,400,000","6,600,000",,,,,,,,,,,,,"6,900,000","6,900,000","7,500,000","7,900,000",,,,,,,,
			DepreciationIncomeStatement,,,,,,,,,,,,,,,,,,,,,,,,,,,,,,,,,,,,,,,,,,,,,,,,,,,,,,,,,,,,,,,,,,,,,,,,,,,,,,,,,,,,,,"7,849,000",,,,,,,,,,,,,,,,,,,,,,,,,,,,,,,,,,,,,,,,,,,,,,,,,,,,
			Amortization,"1,644,000","663,000","-466,000","724,000","723,000","723,000","753,000","753,000","753,000","758,000","8,419,000","3,400,000","890,000","891,000","900,000","1,022,000","1,025,000","1,029,000","1,648,000","1,658,000","1,652,000","1,241,000","1,013,000","1,019,000","990,000","956,000","960,000","990,000","1,040,000","1,083,000","1,158,000","1,415,000","1,427,000","1,395,000","1,511,000","1,700,000","1,758,000","1,775,000","1,759,000","1,305,000","1,330,000","1,412,000","1,011,000","130,000","129,000","129,000","124,000","125,000","129,000","88,000","30,000","30,000","30,000","30,000","30,000","30,000","31,000","32,000","37,000","37,000","38,000","37,000","37,000","37,000","38,000","37,000","37,000","50,000","106,000","106,000","106,000","90,000","67,000","67,000","67,000","67,000","67,000","67,000","11,000","11,000","11,000","67,000","1,232,000","1,226,000","1,242,000","1,214,000",,,,,,,,,,,,,,,,,,,,,,,,,,,,,,,,,,,,,,,,,,,,,,,,,,,,
				AmortizationOfIntangiblesIncomeStatement,"1,644,000","663,000","-466,000","724,000","723,000","723,000","753,000","753,000","753,000","758,000","8,419,000","3,400,000","890,000","891,000","900,000","1,022,000","1,025,000","1,029,000","1,648,000","1,658,000","1,652,000","1,241,000","1,013,000","1,019,000","990,000","956,000","960,000","990,000","1,040,000","1,083,000","1,158,000","1,415,000","1,427,000","1,395,000","1,511,000","1,700,000","1,758,000","1,775,000","1,759,000","1,305,000","1,330,000","1,412,000","1,011,000","130,000","129,000","129,000","124,000","125,000","129,000","88,000","30,000","30,000","30,000","30,000","30,000","30,000","31,000","32,000","37,000","37,000","38,000","37,000","37,000","37,000","38,000","37,000","37,000","50,000","106,000","106,000","106,000","90,000","67,000","67,000","67,000","67,000","67,000","67,000","11,000","11,000","11,000","67,000","1,232,000","1,226,000","1,242,000","1,214,000",,,,,,,,,,,,,,,,,,,,,,,,,,,,,,,,,,,,,,,,,,,,,,,,,,,,
	OtherTaxes,,,"0","0","-8,486,000",,,,,,,,,,,,,,,,,,,,,,,,,,,,,,,,,,,,,,,,,,,,,,,,,,,,,,,,,,,,,,,,,,,,,,,,,,,,,,,,,,,,,,,,,,,,,,,,,,,,,,,,,,,,,,,,,,,,,,,,,,,,,,,,,,,,,
	OtherOperatingExpenses,,,,,,,,,,,,,,,,,,,,,,,,,,,,,,,,,,,,,,,,,,,,,"129,000",,,,,,,,,,,,,,,,,,,,,,,,,,,,,,,,,,,,,,,,,,,,,,,,,,,,,,,,,,,,,,,,,,,,,,,,,,,,,,,,,,,,,,,,,,,,,
OperatingIncome,"65,177,000","18,279,000","10,138,000","8,853,000","27,905,000","12,946,000","12,606,000","15,513,000","14,957,000","12,062,000","-375,000","8,779,000","14,159,000","8,989,000","17,897,000","10,977,000","15,457,000","16,985,000","9,009,000","14,780,000","13,667,000","4,579,000","3,398,000","11,006,000","5,903,000","11,484,000","16,811,000","13,995,000","2,543,000","15,374,000","12,014,000","13,253,000","17,529,000","15,056,000","12,188,000","14,522,000","15,327,000","13,401,000","4,920,000","20,833,000","12,379,000","13,865,000","9,594,000","13,163,000","10,965,000","10,013,000","11,085,000","12,631,000","8,887,000","10,089,000","14,806,000","16,840,000","11,822,000","8,134,000","18,888,000","18,871,000","14,792,000","10,139,000","19,314,000","14,725,000","14,865,000","17,300,000","17,244,000","15,955,000","17,328,000","16,726,000","7,003,000","14,871,000","15,121,000","11,052,000","10,316,000","21,103,000","14,764,000","9,337,000","13,162,000","15,161,000","9,750,000","10,821,000","16,532,000","19,635,000","22,995,000","13,844,000","11,356,000","15,160,000","15,828,000","14,537,000","11,572,000","15,035,000","24,609,000","25,666,000","26,700,000","25,200,000","23,100,000","23,700,000","24,300,000","25,000,000","21,700,000","21,500,000","19,800,000","20,100,000","18,600,000","14,400,000","14,400,000","13,900,000","13,300,000","14,100,000","11,500,000","11,100,000","10,800,000","8,700,000","6,600,000","7,700,000","6,000,000","5,600,000","-4,400,000","6,100,000","5,500,000","5,600,000","7,900,000","8,200,000","7,700,000","6,600,000","5,400,000","6,900,000","4,700,000","500,000","-25,800,000","-5,900,000","-3,900,000","3,000,000","-457,400,000","163,100,000","164,700,000","158,600,000","-424,100,000","156,100,000","156,100,000","156,100,000"
NetNonOperatingInterestIncomeExpense,"-3,350,000","-786,000","-831,000","-842,000","-891,000","-822,000","-989,000","-494,000","-548,000","-555,000","-697,000","-859,000","-1,263,000","-1,232,000","-1,163,000","-1,318,000","-1,577,000","-1,644,000","-1,591,000","-1,757,000","-1,642,000","-1,180,000","-888,000","-886,000","-947,000","-1,085,000","-823,000","-901,000","-893,000","-885,000","-962,000","-590,000","-531,000","-630,000","-738,000","-727,000","-715,000","-690,000","-858,000","-708,000","-1,017,000","-1,007,000","-843,000","-367,000","-361,000","-355,000","-361,000","-358,000","-222,000","-195,000","-198,000","-197,000","-184,000","-204,000",,,,,,,,,,,,,,,,,,,,,,,,,,,,,,,,,,,,,,,,,,,,,,,,,,,,,,,,,,,,,,,,,,,,,,,,,,,,,,,,,,,,
	InterestExpenseNonOperating,"3,350,000","786,000","831,000","842,000","891,000","822,000","989,000","494,000","548,000","555,000","697,000","859,000","1,263,000","1,232,000","1,163,000","1,318,000","1,577,000","1,644,000","1,591,000","1,757,000","1,642,000","1,180,000","888,000","886,000","947,000","1,085,000","823,000","901,000","893,000","885,000","962,000","590,000","531,000","630,000","738,000","727,000","715,000","690,000","858,000","708,000","1,017,000","1,007,000","843,000","367,000","361,000","355,000","361,000","358,000","222,000","195,000","198,000","197,000","184,000","204,000",,,,,,,,,,,,,,,,,,,,,,,,,,,,,,,,,,,,,,,,,,,,,,,,,,,,,,,,,,,,,,,,,,,,,,,,,,,,,,,,,,,,
OtherIncomeExpense,"9,914,000","-258,000","10,610,000","126,000","-563,000","591,000","-5,047,000","-37,937,000","-149,000","-40,368,000","-575,000","9,170,000","6,021,000","16,054,000","17,813,000","-50,558,000","5,389,000","8,110,000","-88,177,000","-327,000","35,006,000","2,722,000","571,000","-741,000","-231,000","98,000","-22,000,000","-46,435,000","-153,000","160,000","-753,000","3,451,000","-11,082,000","-1,339,000","2,762,000","-3,430,000","462,000","570,000","16,248,000","-937,000","-1,321,000","-893,000","-640,000","-193,000","-1,084,000","0","-253,000","-109,000","-355,000","-56,000","-1,468,000","0","149,000","-32,190,000","-1,667,000","7,709,000","-1,775,000","-7,323,000","55,033,000","-60,635,000","-90,000","-1,172,000","-630,000","-910,000","-1,804,000","-3,372,000","-23,799,000","-1,553,000","-20,044,000","826,000","-25,369,000","5,356,000","-5,652,000","-4,677,000","2,837,000","-1,594,000","-5,454,000","-1,581,000","-7,376,000","-18,762,000","-17,802,000","-11,788,000","-21,535,000","-23,847,000","4,179,000","-9,125,000","21,855,000","45,901,000","21,744,000","2,264,000","100,000","-2,500,000","-10,500,000","300,000","-500,000","-200,000","1,900,000","3,000,000","3,000,000","3,800,000","7,300,000","2,800,000","900,000","3,600,000","800,000","10,400,000","0","400,000","-200,000","-800,000","0","-7,200,000","200,000","-9,500,000","-2,800,000","0","500,000","1,400,000","1,000,000","100,000","100,000",,"-300,000","-700,000","300,000","400,000","200,000","100,000","400,000","300,000",,,,,,,,
	GainOnSaleOfSecurity,,,"11,583,000","279,000","200,000","718,000","100,000","-36,200,000","1,300,000","-26,100,000","0","4,300,000","7,100,000","17,082,000","18,514,000","-2,100,000","5,800,000","8,200,000",,,,,,,,,,,,,,,,,,,,,,,,,,,,,,,,,,,,,,,,,,,,,,,,,,,,,,,,,,,,,,,,,,,,,,,,,,,,,,,,,,,,,,,,,,,,,,,,,,,,,,,,,,,,,,,,,,,,,,,,
	SecuritiesAmortization,,,,,,,,,,,,,,,,,,,,,,,,,,,,,,,,,,,,,,"1,775,000",,,,,,,"129,000",,,,,,,,,,,"30,000","31,000","32,000","37,000","37,000","38,000",,"37,000","37,000","38,000","37,000","37,000",,"106,000","106,000","106,000",,"67,000","67,000","67,000","67,000",,,"11,000","11,000","11,000","67,000","1,232,000","1,226,000","1,242,000","1,214,000",,,,,,,,,,,,,,,,,,,,,,,,,,,,,,,,,,,,,,,,,,,,,,,,,,,,
	SpecialIncomeCharges,"-1,764,000","-210,000","-523,000","-53,000","-977,000","-188,000","-4,587,000","-497,000","-1,430,000","-14,157,000","-530,000","4,852,000","-1,075,000","-1,056,000","-1,114,000","-48,001,000","-468,000","-123,000","-84,718,000","-361,000","271,000","-564,000","-329,000","-1,129,000","-553,000","-672,000","-1,508,000","-46,582,000","-277,000","52,000","-374,000","-461,000","-946,000","-1,245,000","-573,000","-201,000","-384,000","-254,000","-1,871,000","-937,000","-1,321,000","-893,000","-640,000","-193,000","-1,084,000","0","-253,000","-109,000","-355,000","-56,000","-1,468,000","0","149,000","-32,190,000","-1,667,000","7,709,000","-1,775,000","-7,323,000","55,033,000","-60,635,000","-90,000","-1,172,000","-630,000","-910,000","-1,804,000","-3,372,000","-23,799,000","-1,553,000","-20,044,000","826,000","-25,369,000","5,356,000","-5,652,000","-4,677,000","2,837,000","-1,594,000","-5,454,000","-1,581,000","-7,376,000","-18,762,000","-17,802,000","-11,788,000","-21,535,000","-23,847,000","4,179,000","-9,125,000","21,855,000","45,901,000","21,744,000","2,264,000","100,000","-2,500,000","-10,500,000","300,000","-500,000","-200,000","1,900,000","3,000,000","3,000,000","3,800,000","7,300,000","2,800,000","900,000","3,600,000","800,000","10,400,000","0","400,000","-200,000","-800,000","0","-7,200,000","200,000","-9,500,000","-2,800,000",,"500,000","1,400,000","1,000,000","100,000","100,000",,"-300,000","-700,000","300,000","400,000","200,000","100,000","400,000","300,000",,,,,,,,
		RestructuringAndMergernAcquisition,,,,,,,,,,,,,,,,,,,,,,,,,,,,,,,,,,,,,,,,,,"893,000",,,,,,,,,,,,,,,,,,,,,,,,,,,,,,,"6,004,000","10,783,000",,,"5,882,000",,,,,,,,,,,,,,,,,,,,,,,,,,,,,,,,,,,,,,,,,,,,,,,,,,,,,,,,,,,,,
		ImpairmentOfCapitalAssets,,,"0","0","0","0","0","0","0","13,696,000","0","0",,,"0","46,792,000",,,"101,835,000","361,000","271,000","564,000","0","1,129,000","553,000","672,000","0","44,465,000",,,"374,000",,"946,000","1,245,000","573,000","201,000","384,000","254,000","1,871,000",,"1,321,000",,"640,000","193,000","1,084,000","0","253,000","109,000","355,000","56,000","1,468,000","0","-149,000","32,190,000",,,,,,,,,,,,,,,,,,,,,,,,,,,,,,,,,,,,,,,,,,,,,,,,,,,,,,,,,,,,,,,,,,,,,,,,,,,,,,,,,,,,
		WriteOff,"1,325,000","-2,000","494,000","271,000","562,000","169,000","1,651,000","3,000","136,000","461,000","530,000","1,464,000","1,075,000","1,056,000","1,114,000","1,209,000","468,000","123,000","101,835,000","361,000","-271,000","564,000","329,000","1,129,000","553,000","672,000","1,508,000","2,117,000","277,000","-52,000","374,000","461,000","946,000","1,245,000","573,000","201,000","384,000","254,000","1,871,000",,,,,,,,,,,,,,,,,,,,,,,,,,,,,,,,,,,,,,,,,,,,,,,,,,,,,,,,,,,,,,,,,,,,,,,,,,,,,,,,,,,,,,,,,,,,,,,,,,,
		OtherSpecialCharges,"817,000","212,000","30,000","159,000","415,000","19,000","637,000","494,000","1,294,000",,,,,,,,,,,,,,,,,,,,,,,,,,"573,000",,,,"0","937,000",,,,,"0",,,"0",,"0",,,"-298,000",,,,,,,,,,,,,,,,,,,,"-352,000","-6,106,000",,,"-428,000",,,,,,,,,,,,,,,,,,,,,,,,,,,,,,,,,,,,,,,,,,,,,,,,,,,,,,,,,,,,,
		GainOnSaleOfPPE,,,"1,000","377,000",,,,,,,"0","6,316,000",,,,,,,,,,,,,,,,,,,,,,,,,,,,,,,,,,,,,,,,,,,,,,,,,,,,,,,,,,,,,,,,,,,,,,,,,,,,,,,,,,,,,,,,,,,,,,,,,,,,,,,,,,,,,,,,,,,,,,,,,,,,,,
	OtherNonOperatingIncomeExpenses,"-384,000","-48,000","-450,000","-100,000","214,000","61,000","-560,000","-1,240,000","-19,000","-111,000","-45,000","18,000","-4,000","28,000","413,000","-457,000","57,000","33,000","-37,259,000","34,000","34,735,000","3,286,000","900,000","388,000","322,000","770,000","-20,492,000","147,000","124,000","108,000","-379,000","3,912,000","-10,136,000","-94,000","3,335,000","-3,229,000","846,000","824,000","10,049,000",,,,,,,,,,,,,,,,,,,,,,,,,,,,,,,,,,,,,,,,,,,,,,,,,,,,,,,,,,,,,,,,,,,,,,,,,,,,,,,,,,,,,,,,,,,,,,,,,,,
PretaxIncome,"71,741,000","17,235,000","19,917,000","8,137,000","26,451,000","12,715,000","6,570,000","-22,918,000","14,260,000","-28,861,000","-1,647,000","17,090,000","18,917,000","23,811,000","34,547,000","-40,899,000","19,269,000","23,451,000","-80,759,000","12,696,000","47,031,000","6,121,000","3,081,000","9,379,000","4,725,000","10,497,000","-6,012,000","-33,341,000","1,497,000","14,649,000","10,299,000","16,114,000","5,916,000","13,087,000","14,212,000","10,365,000","15,074,000","13,281,000","20,310,000","19,188,000","10,041,000","11,965,000","8,111,000","12,603,000","9,520,000","9,658,000","10,471,000","12,164,000","8,310,000","9,838,000","13,140,000","16,643,000","11,787,000","-24,260,000","11,185,000","18,388,000","13,679,000","5,875,000","46,290,000","-17,214,000","14,183,000","16,037,000","15,995,000","14,406,000","14,834,000","13,602,000","1,321,000","12,122,000","3,537,000","9,222,000","6,063,000","17,520,000","8,162,000","3,737,000","9,890,000","9,975,000","2,613,000","7,566,000","2,998,000","-1,350,000","3,151,000","864,000","-7,136,000","-1,793,000","15,804,000","2,971,000","30,556,000","73,351,000","41,521,000","29,119,000","23,000,000","19,000,000","15,800,000","23,700,000","24,300,000","24,600,000","23,400,000","23,100,000","24,700,000","23,300,000","25,200,000","16,900,000","14,600,000","17,000,000","13,700,000","23,700,000","11,100,000","10,500,000","9,600,000","7,200,000","5,900,000","-400,000","5,100,000","-5,300,000","-8,000,000","4,700,000","4,600,000","5,600,000","7,400,000","6,800,000","6,200,000","5,100,000","3,100,000","4,000,000","2,800,000","-1,100,000","-27,500,000","-7,700,000","-5,600,000","1,200,000",,,,,,,,
TaxProvision,"6,965,000","778,000","-1,444,000","1,908,000","5,723,000","3,097,000","95,000","-5,942,000","3,064,000","-6,540,000","1,489,000","-43,000","4,440,000","4,026,000","8,391,000","-6,699,000","4,547,000","5,287,000","-62,830,000","4,422,000","2,827,000","2,418,000","1,353,000","-2,669,000","1,317,000","3,216,000","-136,000","3,382,000","903,000","4,779,000","-2,754,000","5,369,000","2,164,000","4,608,000","4,810,000","2,937,000","5,484,000","3,764,000","6,803,000","4,661,000","2,688,000","4,167,000","4,319,000","-133,000","3,472,000","2,990,000","3,154,000","3,196,000","3,350,000","4,056,000","3,159,000","5,647,000","5,300,000","4,557,000","5,272,000","7,310,000","4,814,000","2,090,000","13,252,000","1,162,000","4,248,000","5,704,000","4,949,000","4,716,000","5,584,000","5,387,000","431,000","4,465,000","1,405,000","3,672,000","2,703,000","2,228,000","2,983,000","1,308,000","3,522,000","3,556,000","932,000","2,707,000","1,016,000","-564,000","1,040,000","281,000","-2,592,000","-679,000","3,691,000","1,070,000","11,049,000","26,313,000","15,153,000","10,656,000","8,200,000","6,700,000","5,600,000","8,400,000","8,500,000","8,600,000","8,200,000","5,800,000","8,700,000","8,200,000","8,900,000","5,900,000","5,400,000","6,300,000","5,000,000","7,400,000","4,100,000","3,900,000","3,500,000","2,800,000","2,200,000","-100,000","2,000,000","-200,000","-3,000,000","2,400,000","1,800,000","2,000,000","2,800,000","2,700,000","2,400,000","2,300,000","1,000,000","1,600,000","1,100,000","-400,000","-9,600,000","-2,600,000","-3,200,000","400,000",,,,,,,,
NetIncomeCommonStockholders,"65,217,000","16,422,000","21,354,000","6,203,000","21,236,000","9,031,000","895,000","-65,213,000","11,196,000","-22,321,000","-3,136,000","17,133,000","14,477,000","19,785,000","26,156,000","-34,200,000","14,722,000","18,164,000","-17,929,000","8,274,000","44,204,000","3,703,000","1,728,000","12,048,000","3,408,000","7,281,000","-5,876,000","-36,723,000","594,000","9,870,000","13,053,000","11,595,000","3,752,000","8,479,000","9,402,000","6,978,000","1,290,000","4,277,000","10,473,000","7,427,000","7,353,000","2,998,000","-252,000","12,736,000","5,703,000","6,668,000","7,317,000","8,968,000","4,960,000","5,782,000","9,981,000","10,996,000","6,487,000","-28,817,000","6,138,000","11,078,000","8,658,000","3,062,000","13,357,000","-18,376,000","9,935,000","10,333,000","11,046,000","9,690,000","9,250,000","8,215,000","890,000","7,657,000","2,132,000","5,550,000","6,281,000","15,292,000","5,179,000","2,429,000","9,315,000","6,419,000","2,572,000","-44,657,000","1,982,000","-1,761,000","-3,335,000","583,000","-4,544,000","-1,114,000","13,509,000","1,901,000","19,507,000","47,038,000","26,368,000","18,463,000","14,800,000","12,300,000","10,200,000","15,300,000","17,100,000","19,400,000","15,200,000","17,300,000","16,000,000","15,100,000","16,300,000","11,000,000","9,200,000","10,700,000","8,700,000","16,300,000","7,000,000","6,600,000","6,100,000","4,400,000","3,700,000","26,500,000","4,900,000","3,600,000","1,800,000","2,300,000","1,700,000","3,800,000","4,600,000","4,100,000","3,800,000","2,800,000","2,100,000","2,400,000","1,700,000","-700,000","-17,900,000","-5,100,000","-2,400,000","800,000",,,,,,,,
	NetIncome,"65,217,000","16,422,000","21,354,000","6,203,000","21,236,000","9,031,000","895,000","-65,213,000","11,196,000","-22,321,000","-3,136,000","17,133,000","14,477,000","19,785,000","26,156,000","-34,200,000","14,722,000","18,164,000","-17,929,000","8,274,000","44,204,000","3,703,000","1,728,000","12,048,000","3,408,000","7,281,000","-5,876,000","-36,723,000","594,000","9,870,000","13,053,000","11,595,000","3,752,000","8,479,000","9,402,000","6,978,000","1,290,000","4,277,000","10,473,000","7,427,000","7,353,000","2,998,000","-252,000","12,736,000","5,703,000","6,668,000","7,317,000","8,968,000","4,960,000","5,782,000","9,981,000","10,996,000","6,487,000","-28,817,000","6,138,000","11,078,000","8,658,000","3,062,000","13,357,000","-18,376,000","9,935,000","10,333,000","11,046,000","9,690,000","9,250,000","8,215,000","890,000","7,657,000","2,132,000","5,550,000","6,281,000","15,292,000","5,179,000","2,429,000","9,315,000","6,419,000","2,572,000","-44,657,000","1,982,000","-1,761,000","-3,335,000","583,000","-4,544,000","-1,114,000","13,509,000","1,901,000","19,507,000","47,038,000","26,368,000","18,463,000","14,800,000","12,300,000","10,200,000","15,300,000","17,100,000","19,400,000","15,200,000","17,300,000","16,000,000","15,100,000","16,300,000","11,000,000","9,200,000","10,700,000","8,700,000","16,300,000","7,000,000","6,600,000","6,100,000","4,400,000","3,700,000","26,500,000","4,900,000","3,600,000","1,800,000","2,300,000","1,700,000","3,800,000","4,600,000","4,100,000","3,800,000","2,800,000","2,100,000","2,400,000","1,700,000","-700,000","-17,900,000","-5,100,000","-2,400,000","800,000",,,,,,,,
		NetIncomeIncludingNoncontrollingInterests,"65,217,000","16,422,000","21,354,000","6,203,000","21,236,000","9,031,000","895,000","-65,213,000","11,196,000","-22,321,000","-3,136,000","17,133,000","14,477,000","19,785,000","26,156,000","-34,200,000","14,722,000","18,164,000","-17,929,000","8,274,000","44,204,000","3,703,000","1,728,000","12,048,000","3,408,000","7,281,000","-5,876,000","-36,723,000","594,000","9,870,000","13,053,000","11,595,000","3,752,000","8,479,000","9,402,000","6,978,000","1,290,000","4,277,000","10,473,000","7,427,000","7,353,000","2,998,000","-252,000","12,736,000","5,703,000","6,668,000","7,317,000","8,968,000","4,960,000","5,782,000","9,981,000","10,996,000","6,487,000","-28,817,000","6,138,000","11,078,000","8,658,000","3,062,000","13,357,000","-18,376,000","9,935,000","10,333,000","11,046,000","9,690,000","9,250,000","8,215,000","890,000","7,657,000","2,132,000","5,550,000","6,281,000","15,292,000","5,179,000","2,429,000","9,315,000","6,419,000","2,572,000","-44,657,000","1,982,000","-1,761,000","-3,335,000","583,000","-4,544,000","-1,114,000","13,509,000","1,901,000","19,507,000","47,038,000","26,368,000","18,463,000","14,800,000","12,300,000","10,200,000","15,300,000","17,100,000","19,400,000","15,200,000","17,300,000","16,000,000","15,100,000","16,300,000","11,000,000","9,200,000","10,700,000","8,700,000","16,300,000","7,000,000","6,600,000","6,100,000","4,400,000","3,700,000","26,500,000","4,900,000","3,600,000","1,800,000","2,300,000","1,700,000","3,800,000","4,600,000","4,100,000","3,800,000","2,800,000","2,100,000","2,400,000","1,700,000","-700,000","-17,900,000","-5,100,000","-2,400,000","800,000","7,100,000","4,400,000","3,600,000","2,200,000","9,200,000","9,200,000","9,200,000","9,100,000"
			NetIncomeContinuousOperations,"64,776,000","16,457,000","21,361,000","6,229,000","20,728,000","9,618,000","6,475,000","-16,976,000","11,196,000","-22,321,000","-3,136,000","17,133,000","14,477,000","19,785,000","26,156,000","-34,200,000","14,722,000","18,164,000","-17,929,000","8,274,000","44,204,000","3,703,000","1,728,000","12,048,000","3,408,000","7,281,000","-5,876,000","-36,723,000","594,000","9,870,000","13,053,000","10,745,000","3,752,000","8,479,000","9,402,000","7,428,000","9,590,000","9,517,000","13,507,000","14,527,000","7,353,000","7,798,000","3,792,000","12,736,000","6,048,000","6,668,000","7,317,000","8,968,000","4,960,000","5,782,000","9,981,000","10,996,000","6,487,000","-28,817,000","5,913,000","11,078,000","8,865,000","3,785,000","33,038,000","-18,376,000","9,935,000","10,333,000","11,046,000","9,690,000","9,250,000","8,215,000","890,000","7,657,000","2,132,000","5,550,000","3,360,000","15,292,000","5,179,000","2,429,000","6,368,000","6,419,000","1,681,000","4,859,000","1,982,000","-786,000","2,111,000","583,000","-4,544,000","-1,114,000","12,113,000","1,901,000","19,507,000","47,038,000","26,368,000","18,463,000","14,800,000","12,300,000","10,200,000","15,300,000","15,800,000","16,000,000","15,200,000","17,300,000","16,000,000","15,100,000","16,300,000","11,000,000","9,200,000","10,700,000","8,700,000","16,300,000","7,000,000","6,600,000","6,100,000","4,400,000","3,700,000","-300,000","3,100,000","-5,100,000","-5,000,000","2,300,000","2,800,000","3,600,000","4,600,000","4,100,000","3,800,000","2,800,000","2,100,000","2,400,000","1,700,000","-700,000","-17,900,000","-5,100,000","-2,400,000","800,000","7,100,000","4,400,000","3,600,000","2,200,000","9,200,000","9,200,000","9,200,000","9,100,000"
			NetIncomeDiscontinuousOperations,"441,000","-35,000","-7,000","-26,000","508,000","-587,000","-5,580,000","-48,237,000",,,,,,,,,,,,,,,,,,,"0","0",,,"0","850,000","0","0","0","-450,000","-8,300,000","-5,240,000","-3,034,000","-7,100,000","0","-4,800,000","-4,044,000","0","-345,000",,,,,,"0","0","0","0","225,000",,"-207,000","-723,000",,,,,,,,,,,,,,,,,"2,947,000",,"891,000","-49,516,000","0","-975,000","-5,446,000",,"0",,"1,396,000",,,,,,,,,,"1,300,000","3,400,000",,,,,,,,,,,,,,,"0","26,800,000","1,800,000","8,700,000",,,,,,,,,,,,,,,,,,,,,,,,
			NetIncomeExtraordinary,,,,,,,,,,,,,,,,,,,,,,,,,,,,,,,,,,,,,,,,,,,,,,,,,,,,,,,,,,,,,,,,,,,,,,,,,,,,,,,,,,,,,,,,,,,,,,,,,,,,,,,,,,,,,,,,,,,"0",,,"200,000",,,,,,,,,,,,,,,,,,,,
			NetIncomeFromTaxLossCarryforward,,,,,,,,,,,,,,,,,,,,,,,,,,,,,,,,,,,,,,,,,,,,,,,,,,,,,,,,,,,,,,,,,,,,,,,,,,,,,,,,,,,,,,,,,,,,,,,,,,,,,,,,,,,,,,,,,,,"0",,"-1,100,000",,,,,,,,,,,,,,,,,,,,,
DilutedNIAvailtoComStockholders,"65,217,000","16,422,000","21,354,000","6,203,000","21,236,000","9,031,000","895,000","-65,213,000","11,196,000","-22,321,000","-3,136,000","17,133,000","14,477,000","19,785,000","26,156,000","-34,200,000","14,722,000","18,164,000","-17,929,000","8,274,000","44,204,000","3,703,000","1,728,000","12,048,000","3,408,000","7,281,000","-5,876,000","-36,723,000","594,000","9,870,000","13,053,000","11,595,000","3,752,000","8,479,000","9,402,000","6,978,000","1,290,000","4,277,000","10,473,000","7,427,000","7,353,000","2,998,000","-252,000","12,736,000","5,703,000","6,668,000","7,317,000","8,968,000","4,960,000","5,782,000","9,981,000","10,996,000","6,487,000","-28,817,000","6,138,000","11,078,000","8,658,000","3,062,000","13,357,000","-18,376,000","9,935,000","10,333,000","11,046,000","9,690,000","9,250,000","8,215,000","890,000","7,657,000","2,132,000","5,550,000","6,281,000","15,292,000","5,179,000","2,429,000","9,315,000","6,419,000","2,572,000","-44,657,000","1,982,000","-1,761,000","-3,335,000","583,000","-4,544,000","-1,114,000","13,509,000","1,901,000","19,507,000","47,038,000","26,368,000","18,463,000","14,800,000","12,300,000","10,200,000","15,300,000","17,100,000","19,400,000","15,200,000","17,300,000","16,000,000","15,100,000","16,300,000","11,000,000","9,200,000","10,700,000","8,700,000","16,300,000","7,000,000","6,600,000","6,100,000","4,400,000","3,700,000","26,500,000","4,900,000","3,600,000","1,800,000","2,300,000","1,700,000","3,800,000","4,600,000","4,100,000","3,800,000","2,800,000","2,100,000","2,400,000","1,700,000","-700,000","-17,900,000","-5,100,000","-2,400,000","800,000",,,,,,,,
BasicEPS,,"0.49","0.64","0.19","0.64","0.27","0.02","-1.95","0.33","-0.67","-0.09","0.51","0.44","0.6","0.79","-1.03","0.45","0.55","-0.54","0.25","1.34","0.11","0.05","0.37","0.1","0.22","-0.18","-1.13","0.02","0.3","0.4","0.36","0.12","0.26","0.29","0.22","0.04","0.14","0.33","0.23","0.23","0.09",,"0.4","0.18","0.21",,"0.28","0.15","0.17",,"0.32","0.19","-0.85",,"0.33","0.25","0.09",,"-0.47","0.25","0.26",,"0.25","0.24","0.21",,"0.2","0.05","0.14",,"0.4","0.14","0.06",,"0.17","0.06","-1.17",,"-0.05","-0.08","0.02",,"-0.03","0.36","0.05",,"1.24","0.7","0.49",,"0.32","0.26","0.42",,"0.53","0.14","0.16",,"0.137","0.147","0.1",,"0.09","0.073","0.14",,"0.038","0.033","0.024",,"0.124","0.022","0.018",,"0.011","0.009","0.016",,"0.018","0.018","0.013",,"0.011","0.009","-0.002",,"-0.022","-0.011","0.002",,"0.018","0.013","0.009",,"0.038","0.038","0.038"
DilutedEPS,,"0.49","0.63","0.19","0.63","0.27","0.02","-1.95","0.33","-0.67","-0.09","0.51","0.44","0.6","0.79","-1.03","0.44","0.55","-0.54","0.25","1.34","0.11","0.05","0.37","0.1","0.22","-0.18","-1.13","0.02","0.3","0.4","0.36","0.11","0.26","0.29","0.21","0.04","0.13","0.33","0.23","0.23","0.09",,"0.4","0.18","0.21",,"0.28","0.15","0.17",,"0.32","0.19","-0.85",,"0.33","0.25","0.09",,"-0.47","0.25","0.26",,"0.25","0.24","0.21",,"0.2","0.05","0.14",,"0.4","0.14","0.06",,"0.17","0.06","-1.17",,"-0.05","-0.09","0.02",,"-0.03","0.35","0.05",,"1.21","0.68","0.47",,"0.32","0.26","0.39",,"0.5","0.13","0.147",,"0.127","0.14","0.093",,"0.09","0.073","0.14",,"0.038","0.033","0.024",,"0.124","0.022","0.018",,"0.011","0.009","0.016",,"0.018","0.018","0.013",,"0.011","0.009","-0.002",,"-0.022","-0.011","0.002",,"0.018","0.013","0.009",,"0.038","0.038","0.038"
BasicAverageShares,,"33,654,000","33,628,000","33,620,000","33,594,000","33,406,000","33,421,000","33,439,000","33,435,000","33,313,000","33,278,000","33,271,000","33,270,000","33,123,000","33,103,000","33,110,000","33,074,000","32,982,000","32,948,000","32,954,000","32,961,000","32,920,000","32,856,000","32,818,000","32,716,000","32,654,000","32,614,000","32,605,000","32,609,000","32,482,000","32,335,000","32,319,000","32,312,000","32,242,000","32,222,000","32,201,000","32,187,000","32,076,000","32,016,000","32,052,000","32,051,000","32,010,000",,"31,952,000","31,946,000","31,854,000",,"31,779,000","32,260,000","33,344,000",,"33,878,000","33,876,000","33,866,000",,"33,672,000","33,997,000","34,467,000",,"38,985,000","39,402,000","39,272,000",,"38,654,000","38,632,000","38,602,000",,"38,465,000","38,453,000","38,440,000",,"38,317,000","38,235,000","38,229,000",,"38,058,000","38,047,000","38,179,000",,"38,334,000","38,270,000","38,167,000",,"38,059,000","38,055,000","38,069,000",,"37,944,000","37,911,000","37,718,000",,"38,437,500","39,230,769","36,428,571",,"36,603,774","36,051,999","35,874,000",,"37,080,999","36,957,999","36,819,999",,"36,702,999","36,654,999","36,624,999",,"39,625,002","37,954,998","40,681,998",,"40,483,000","47,697,000","49,048,000",,"49,051,000","49,051,000","49,051,000",,"49,048,000","49,048,000","49,048,000",,"49,048,000","49,048,000","49,048,000",,"49,345,000","50,988,000","53,514,000",,"54,171,000","54,477,000","54,477,000",,"54,477,000","54,477,000","54,477,000"
DilutedAverageShares,,"33,696,000","33,648,000","33,649,000","33,740,000","33,644,000","33,485,000","33,439,000","33,436,000","33,313,000","33,278,000","33,285,000","33,278,000","33,127,000","33,112,000","33,110,000","33,108,000","32,988,000","32,948,000","32,954,000","33,051,000","32,957,000","32,900,000","32,828,000","32,716,000","32,654,000","32,614,000","32,605,000","32,746,000","32,628,000","32,449,000","32,507,000","32,641,000","32,621,000","32,622,000","32,658,000","32,635,000","32,480,000","32,176,000","32,101,000","32,101,000","32,393,000",,"32,060,000","32,205,000","32,262,000",,"31,995,000","32,450,000","33,515,000",,"33,922,000","33,971,000","33,866,000",,"33,903,000","34,211,000","34,682,000",,"38,985,000","39,584,000","39,487,000",,"39,123,000","38,837,000","38,664,000",,"38,565,000","38,592,000","38,636,000",,"38,519,000","38,427,000","38,435,000",,"38,383,000","38,418,000","38,578,000",,"38,334,000","39,111,000","38,855,000",,"38,059,000","38,838,000","38,809,000",,"38,847,000","39,067,000","38,970,000",,"38,437,500","39,230,769","39,230,769",,"38,800,000","36,051,999","35,874,000",,"37,080,999","36,957,999","36,819,999",,"36,702,999","36,654,999","36,624,999",,"39,625,002","37,954,998","40,681,998",,"40,483,000","47,697,000","49,048,000",,"49,051,000","49,051,000","49,051,000",,"49,048,000","49,048,000","49,048,000",,"49,048,000","49,048,000","49,048,000",,"49,345,000","50,988,000","53,514,000",,"54,171,000","54,477,000","54,477,000",,"54,477,000","54,477,000","54,477,000"
TotalOperatingIncomeAsReported,,,,,,,,,,,,,,,,,,,"22,667,000","14,814,000","48,402,000","7,865,000","4,298,000","11,394,000","6,225,000","12,254,000","-3,681,000","14,142,000","2,667,000","15,482,000","11,635,000",,"7,393,000","14,962,000","15,523,000","11,293,000","16,173,000","14,225,000","23,039,000","20,833,000","12,379,000","13,865,000","7,677,000","13,163,000","10,965,000","10,013,000","11,085,000","12,631,000","8,887,000",,"14,806,000","16,840,000","11,822,000","8,134,000",,"18,871,000","13,573,000","6,199,000","45,469,000","-14,599,000","14,740,000","16,567,000","16,574,000","15,263,000","16,302,000","15,034,000","-9,331,000","14,871,000","4,630,000","10,185,000","-12,657,000","21,103,000","8,760,000","-1,446,000","1,736,000","15,161,000","3,868,000","9,669,000","20,237,000","19,457,000","22,727,000","12,848,000","5,869,000","5,312,000","16,799,000","12,937,000","10,181,000","-1,835,000","25,134,000","20,182,000","26,500,000","25,900,000","18,500,000","23,700,000","23,600,000","25,000,000","21,700,000","22,300,000","17,500,000","20,100,000","18,600,000","14,400,000","14,400,000","13,900,000","13,300,000","14,100,000","11,500,000","11,100,000","10,800,000","8,700,000","6,600,000","7,700,000","6,000,000","5,600,000","-4,400,000","6,100,000","5,500,000","5,600,000","7,900,000","8,200,000","7,700,000","6,600,000","5,400,000","6,900,000","4,700,000","500,000","-25,800,000","-5,900,000","-3,900,000","3,000,000",,,,,,,,
TotalExpenses,"813,022,000","218,287,000","210,849,000","200,664,000","183,224,000","171,876,000","179,918,000","168,857,000","203,681,000","216,240,000","232,802,000","234,438,000","234,089,000","239,477,000","257,809,000","256,317,000","248,302,000","241,726,000","236,827,000","232,341,000","233,680,000","216,447,000","201,374,000","196,696,000","202,630,000","195,849,000","200,178,000","209,777,000","218,702,000","218,797,000","227,205,000","227,176,000","219,436,000","220,157,000","218,908,000","228,672,000","228,203,000","228,125,000","216,994,000","200,915,000","206,384,000","205,898,000","194,190,000","190,761,000","190,430,000","181,705,000","169,884,000","185,701,000","176,310,000","164,948,000","153,771,000","159,122,000","146,781,000","145,801,000","175,226,000","217,547,000","219,216,000","218,341,000","68,149,000","261,001,000","264,877,000","264,294,000","252,570,000","280,301,000","265,411,000","251,250,000","229,665,000","225,845,000","229,541,000","224,265,000","217,276,000","209,644,000","201,641,000","186,582,000","173,068,000","180,343,000","171,824,000","167,759,000","160,355,000","170,671,000","173,508,000","160,375,000","168,554,000","183,252,000","181,616,000","177,265,000","186,324,000","200,592,000","198,894,000","206,562,000","203,400,000","190,700,000","171,700,000","155,800,000","162,300,000","161,600,000","148,200,000","135,200,000","127,800,000","135,000,000","126,400,000","118,900,000","112,100,000","115,500,000","113,000,000","127,300,000","131,300,000","134,900,000","138,900,000","142,400,000","119,500,000","124,500,000","116,900,000","115,400,000","95,600,000","116,300,000","110,700,000","113,800,000","109,200,000","118,000,000","109,700,000","111,700,000","110,500,000","114,900,000","117,600,000","113,500,000","145,100,000","137,700,000","152,700,000","144,700,000",,,,,,,,
NetIncomeFromContinuingAndDiscontinuedOperation,"65,217,000","16,422,000","21,354,000","6,203,000","21,236,000","9,031,000","895,000","-65,213,000","11,196,000","-22,321,000","-3,136,000","17,133,000","14,477,000","19,785,000","26,156,000","-34,200,000","14,722,000","18,164,000","-17,929,000","8,274,000","44,204,000","3,703,000","1,728,000","12,048,000","3,408,000","7,281,000","-5,876,000","-36,723,000","594,000","9,870,000","13,053,000","11,595,000","3,752,000","8,479,000","9,402,000","6,978,000","1,290,000","4,277,000","10,473,000","7,427,000","7,353,000","2,998,000","-252,000","12,736,000","5,703,000","6,668,000","7,317,000","8,968,000","4,960,000","5,782,000","9,981,000","10,996,000","6,487,000","-28,817,000","6,138,000","11,078,000","8,658,000","3,062,000","13,357,000","-18,376,000","9,935,000","10,333,000","11,046,000","9,690,000","9,250,000","8,215,000","890,000","7,657,000","2,132,000","5,550,000","6,281,000","15,292,000","5,179,000","2,429,000","9,315,000","6,419,000","2,572,000","-44,657,000","1,982,000","-1,761,000","-3,335,000","583,000","-4,544,000","-1,114,000","13,509,000","1,901,000","19,507,000","47,038,000","26,368,000","18,463,000","14,800,000","12,300,000","10,200,000","15,300,000","17,100,000","19,400,000","15,200,000","17,300,000","16,000,000","15,100,000","16,300,000","11,000,000","9,200,000","10,700,000","8,700,000","16,300,000","7,000,000","6,600,000","6,100,000","4,400,000","3,700,000","26,500,000","4,900,000","3,600,000","1,800,000","2,300,000","2,800,000","3,600,000","4,600,000","4,100,000","3,800,000","2,800,000","2,100,000","2,400,000","1,700,000","-700,000","-17,900,000","-5,100,000","-2,400,000","800,000",,,,,,,,
NormalizedIncome,"55,477,784.921","16,657,550","13,287,200","6,055,993.487","21,336,886.469","9,217,320","10,897,119.482","10,206,488.524","11,298,067.321","8,797,661","-2,749,100","10,452,040","9,866,124.861","6,467,394","12,982,225.143","7,694,770.043","10,648,218.07","11,904,325","12,621,800","8,509,264.178","43,949,289.617","4,044,220","1,925,400","12,725,400","3,806,862.222","7,747,368","-4,402,113.107","-8,773,800","760,200","9,834,952","13,296,100","11,052,400.087","4,351,964.841","9,285,760","9,781,070.222","7,572,045.152","9,834,298.793","9,699,118","14,751,293.304","15,236,391.234","8,320,365.103","8,379,998.663","4,208,000","12,861,450","6,736,658.824","6,668,000","7,493,793.143","9,048,361.065","5,173,000","5,818,400","11,096,076.712","10,996,000","6,390,150","-7,893,500","6,996,550","6,433,650.315","10,015,330.799","8,502,881.702","-6,240,035.299","21,036,750","9,998,043.785","11,088,145.975","11,481,072.21","10,302,099.125","10,374,915.734","10,251,537.274","16,924,148.372","8,637,970.219","14,213,936.104","5,052,895.25","18,581,400","10,617,116.895","8,765,340.113","5,468,987.423","4,541,304.752","7,444,752.982","5,189,677.382","5,874,342.189","6,858,328.219","10,471,200","14,037,379.562","8,537,171.296","9,168,869.955","13,702,262.131","8,909,999.051","7,739,648.603","5,554,732.524","17,602,937.929","12,559,426.218","17,027,503.177","14,735,652.174","13,918,421.053","16,978,481.013","15,106,329.114","16,125,102.881","16,130,081.301","13,965,811.966","15,053,246.753","14,056,680.162","12,637,339.056","11,578,174.603","9,177,514.793","8,632,876.712","8,434,117.647","8,191,970.803","9,147,257.384","7,000,000","6,348,571.429","6,227,083.333","4,888,888.889","3,700,000","5,100,000","2,978,431.373","4,041,509.434","-3,250,000","2,300,000","2,495,652.174","2,700,000","3,978,378.378","4,039,705.882","3,738,709.677","2,800,000","2,303,225.806","2,820,000","1,517,857.143","-954,545.455","-18,030,181.818","-5,166,233.766","-2,640,000","600,000",,,,,,,,
InterestExpense,"3,350,000","786,000","831,000","842,000","891,000","822,000","989,000","494,000","548,000","555,000","697,000","859,000","1,263,000","1,232,000","1,163,000","1,318,000","1,577,000","1,644,000","1,591,000","1,757,000","1,642,000","1,180,000","888,000","886,000","947,000","1,085,000","823,000","901,000","893,000","885,000","962,000","590,000","531,000","630,000","738,000","727,000","715,000","690,000","858,000","708,000","1,017,000","1,007,000","843,000","367,000","361,000","355,000","361,000","358,000","222,000","195,000","198,000","197,000","184,000","204,000","472,000","483,000","557,000","881,000","712,000","628,000","557,000",,"1,289,000","1,331,000","1,468,000","1,432,000","1,321,000",,"1,093,000","963,000","943,000",,"598,000","923,000","1,786,000","1,213,000",,,"2,453,000","2,401,000","2,310,000","2,188,000","2,444,000","2,954,000","3,232,000","4,041,000","4,262,000","4,455,000",,"4,295,000",,"3,000,000",,"300,000","300,000","300,000",,,,,"600,000","500,000","600,000","500,000","500,000","700,000","500,000","1,000,000","900,000","700,000","700,000","900,000","1,200,000","1,200,000","700,000","1,400,000","1,400,000","1,500,000","1,500,000","1,600,000","1,700,000",,"1,900,000","2,100,000","2,200,000","2,100,000","2,000,000","1,900,000","2,100,000","2,000,000",,,,,,,,
NetInterestIncome,"-3,350,000","-786,000","-831,000","-842,000","-891,000","-822,000","-989,000","-494,000","-548,000","-555,000","-697,000","-859,000","-1,263,000","-1,232,000","-1,163,000","-1,318,000","-1,577,000","-1,644,000","-1,591,000","-1,757,000","-1,642,000","-1,180,000","-888,000","-886,000","-947,000","-1,085,000","-823,000","-901,000","-893,000","-885,000","-962,000","-590,000","-531,000","-630,000","-738,000","-727,000","-715,000","-690,000","-858,000","-708,000","-1,017,000","-1,007,000","-843,000","-367,000","-361,000","-355,000","-361,000","-358,000","-222,000","-195,000","-198,000","-197,000","-184,000","-204,000","534,000","-483,000","-557,000","-881,000","-712,000","-628,000","-557,000",,"-1,289,000","-1,331,000","-1,468,000","-1,432,000","-1,321,000",,"-1,093,000","-963,000","-943,000",,"-598,000","-923,000","-1,786,000","-1,213,000",,,"-2,453,000","-2,401,000","-2,310,000","-2,188,000","-2,444,000","-2,954,000","-3,232,000","-4,041,000","-4,262,000","-4,455,000",,"-4,295,000",,"-3,000,000",,"-300,000","-300,000","-300,000",,,,,"-600,000","-500,000","-600,000","-500,000","-500,000","-700,000","-500,000","-1,000,000","-900,000","-700,000","-700,000","-900,000","-1,200,000","-1,200,000","-700,000","-1,400,000","-1,400,000","-1,500,000","-1,500,000","-1,600,000","-1,700,000",,"-1,900,000","-2,100,000","-2,200,000","-2,100,000","-2,000,000","-1,900,000","-2,100,000","-2,000,000",,,,,,,,
EBIT,"75,091,000","18,021,000","20,748,000","8,979,000","27,342,000","13,537,000","7,559,000","-22,424,000","14,808,000","-28,306,000","-950,000","17,949,000","20,180,000","25,043,000","35,710,000","-39,581,000","20,846,000","25,095,000","-79,168,000","14,453,000","48,673,000","7,301,000","3,969,000","10,265,000","5,672,000","11,582,000","-5,189,000","-32,440,000","2,390,000","15,534,000","11,261,000","16,704,000","6,447,000","13,717,000","14,950,000","11,092,000","15,789,000","13,971,000","21,168,000","19,896,000","11,058,000","12,972,000","8,954,000","12,970,000","9,881,000","10,013,000","10,832,000","12,522,000","8,532,000","10,033,000","13,338,000","16,840,000","11,971,000","-24,056,000","6,498,000","18,871,000","14,792,000","10,139,000","19,314,000","14,725,000","14,865,000","17,300,000","17,244,000","15,955,000","17,328,000","16,726,000","7,003,000","14,871,000","15,121,000","11,052,000","10,316,000","21,103,000","14,764,000","9,337,000","13,162,000","15,161,000","9,750,000","10,821,000","16,532,000","19,635,000","22,995,000","13,844,000","11,356,000","15,160,000","15,828,000","14,537,000","11,572,000","15,035,000","24,609,000","25,666,000","26,700,000","25,200,000","23,100,000","23,700,000","24,300,000","25,000,000","21,700,000","21,500,000","19,800,000","20,100,000","18,600,000","14,400,000","14,400,000","13,900,000","13,300,000","14,100,000","11,500,000","11,100,000","10,800,000","8,700,000","6,600,000","7,700,000","6,000,000","5,600,000","-4,400,000","6,100,000","5,500,000","5,600,000","7,900,000","8,200,000","7,700,000","6,600,000","5,400,000","6,900,000","4,700,000","500,000","-25,800,000","-5,900,000","-3,900,000","3,000,000","-457,400,000","163,100,000","164,700,000","158,600,000","-424,100,000","156,100,000","156,100,000","156,100,000"
EBITDA,"99,181,000"
ReconciledCostOfRevenue,"699,309,000","185,512,000","180,747,000","172,726,000","160,324,000","142,045,000","144,497,000","134,600,000","161,484,000","176,334,000","183,771,000","192,444,000","194,170,000","202,506,000","220,325,000","219,232,000","211,909,000","204,489,000","199,850,000","195,936,000","197,012,000","182,433,000","169,480,000","166,618,000","170,001,000","163,102,000","169,763,000","182,244,000","183,754,000","188,627,000","196,258,000","197,439,000","189,073,000","188,713,000","187,376,000","196,925,000","195,876,000","195,212,000","184,638,000","169,808,000","170,013,000","169,584,000","140,761,000","158,999,000","160,599,000","151,394,000","139,230,000","153,116,000","144,337,000","130,392,000","124,305,000","130,527,000","119,652,000","118,657,000","127,223,000","190,423,000","185,206,000","182,903,000","18,721,000","229,136,000","234,484,000","233,276,000","221,256,000","249,251,000","235,897,000","215,925,000","202,053,000","198,448,000","194,809,000","189,167,000","165,579,000","182,089,000","169,523,000","160,369,000","127,322,000","154,178,000","141,991,000","141,677,000","131,065,000","144,850,000","145,948,000","128,961,000","133,623,000","152,423,000","152,732,000","149,006,000","156,420,000","169,625,000","170,481,000","178,332,000","174,500,000","163,900,000","147,200,000","134,500,000","141,000,000","142,700,000","129,000,000","118,200,000","109,500,000","117,700,000","109,800,000","102,400,000","94,800,000","98,600,000","95,800,000","107,600,000","110,600,000","115,800,000","118,200,000","122,100,000","98,500,000","104,400,000","96,500,000","95,700,000","58,400,000","101,200,000","95,300,000","98,600,000","70,400,000","104,300,000","96,100,000","97,200,000","65,100,000","99,300,000","102,600,000","100,400,000","101,100,000","106,900,000","120,700,000","120,700,000",,,,,,,,
ReconciledDepreciation,"24,090,000","6,492,000","5,445,000","6,018,000","6,135,000","6,186,000","6,475,000","8,614,000","8,553,000","8,315,000","16,530,000","11,507,000","8,188,000","8,059,000","8,456,000","8,606,000","8,223,000","8,519,000","10,655,000","10,736,000","9,924,000","8,962,000","8,503,000","8,176,000","7,885,000","7,908,000","7,937,000","9,050,000","8,783,000","9,212,000","10,010,000","9,823,000","10,839,000","10,146,000","10,814,000","10,716,000","11,872,000","11,253,000","10,752,000","11,441,000","13,855,000","13,221,000","12,208,000","10,538,000","11,397,000","10,592,000","10,930,000","10,725,000","10,865,000","11,068,000","10,300,000","9,974,000","9,863,000","9,860,000","10,254,000","10,495,000","11,074,000","11,368,000","11,489,000","11,692,000","11,564,000","11,296,000","11,550,000","10,899,000","11,082,000","10,750,000","10,324,000","9,800,000","9,374,000","9,291,000","9,279,000","8,847,000","8,027,000","8,269,000","8,603,000","8,216,000","7,912,000","7,891,000","7,908,000","7,489,000","8,031,000","8,506,000","10,078,000","9,276,000","9,492,000","9,063,000","9,422,000","8,821,000","9,403,000","9,338,000","9,500,000","8,800,000","7,600,000","5,800,000","6,500,000","5,600,000","5,500,000","4,900,000","4,700,000","4,700,000","4,500,000","4,600,000","4,800,000","4,700,000","4,700,000","6,100,000","5,800,000","6,000,000","6,100,000","5,900,000","5,900,000","6,100,000","6,200,000","6,600,000",,,,,,,,,,,,,"6,900,000","6,200,000","7,500,000","7,900,000",,,,,,,,
NetIncomeFromContinuingOperationNetMinorityInterest,"64,776,000","16,457,000","21,361,000","6,229,000","20,728,000","9,618,000","6,475,000","-16,976,000","11,196,000","-22,321,000","-3,136,000","17,133,000","14,477,000","19,785,000","26,156,000","-34,200,000","14,722,000","18,164,000","-17,929,000","8,274,000","44,204,000","3,703,000","1,728,000","12,048,000","3,408,000","7,281,000","-5,876,000","-36,723,000","594,000","9,870,000","13,053,000","10,745,000","3,752,000","8,479,000","9,402,000","7,428,000","9,590,000","9,517,000","13,507,000","14,527,000","7,353,000","7,798,000","3,792,000","12,736,000","6,048,000","6,668,000","7,317,000","8,968,000","4,960,000","5,782,000","9,981,000","10,996,000","6,487,000","-28,817,000","5,913,000","11,078,000","8,865,000","3,785,000","33,038,000","-18,376,000","9,935,000","10,333,000","11,046,000","9,690,000","9,250,000","8,215,000","890,000","7,657,000","2,132,000","5,550,000","3,360,000","15,292,000","5,179,000","2,429,000","6,368,000","6,419,000","1,681,000","4,859,000","1,982,000","-786,000","2,111,000","583,000","-4,544,000","-1,114,000","12,113,000","1,901,000","19,507,000","47,038,000","26,368,000","18,463,000","14,800,000","12,300,000","10,200,000","15,300,000","15,800,000","16,000,000","15,200,000","17,300,000","16,000,000","15,100,000","16,300,000","11,000,000","9,200,000","10,700,000","8,700,000","16,300,000","7,000,000","6,600,000","6,100,000","4,400,000","3,700,000","-300,000","3,100,000","-5,100,000","-5,000,000","2,300,000","2,800,000","3,600,000","4,600,000","4,100,000","3,800,000","2,800,000","2,100,000","2,400,000","1,700,000","-700,000","-17,900,000","-5,100,000","-2,400,000","800,000",,,,,,,,
TotalUnusualItemsExcludingGoodwill,"10,298,000","-210,000","11,060,000","226,000","-777,000","530,000","-4,487,000","-36,697,000","-130,000","-40,257,000","-530,000","9,152,000","6,025,000","16,026,000","17,400,000","-50,101,000","5,332,000","8,077,000","-50,918,000","-361,000","271,000","-564,000","-329,000","-1,129,000","-553,000","-672,000","-1,508,000","-46,582,000","-277,000","52,000","-374,000","-461,000","-946,000","-1,245,000","-573,000","-201,000","-384,000","-254,000","-1,871,000","-937,000","-1,321,000","-893,000","-640,000","-193,000","-1,084,000","0","-253,000","-109,000","-355,000","-56,000","-1,468,000","0","149,000","-32,190,000","-1,667,000","7,709,000","-1,775,000","-7,323,000","55,033,000","-60,635,000","-90,000","-1,172,000","-630,000","-910,000","-1,804,000","-3,372,000","-23,799,000","-1,553,000","-20,044,000","826,000","-25,369,000","5,356,000","-5,652,000","-4,677,000","2,837,000","-1,594,000","-5,454,000","-1,581,000","-7,376,000","-18,762,000","-17,802,000","-11,788,000","-21,535,000","-23,847,000","4,179,000","-9,125,000","21,855,000","45,901,000","21,744,000","2,264,000","100,000","-2,500,000","-10,500,000","300,000","-500,000","-200,000","1,900,000","3,000,000","3,000,000","3,800,000","7,300,000","2,800,000","900,000","3,600,000","800,000","10,400,000","0","400,000","-200,000","-800,000","0","-7,200,000","200,000","-9,500,000","-2,800,000",,"500,000","1,400,000","1,000,000","100,000","100,000",,"-300,000","-700,000","300,000","400,000","200,000","100,000","400,000","300,000",,,,,,,,
TotalUnusualItems,"10,298,000","-210,000","11,060,000","226,000","-777,000","530,000","-4,487,000","-36,697,000","-130,000","-40,257,000","-530,000","9,152,000","6,025,000","16,026,000","17,400,000","-50,101,000","5,332,000","8,077,000","-50,918,000","-361,000","271,000","-564,000","-329,000","-1,129,000","-553,000","-672,000","-1,508,000","-46,582,000","-277,000","52,000","-374,000","-461,000","-946,000","-1,245,000","-573,000","-201,000","-384,000","-254,000","-1,871,000","-937,000","-1,321,000","-893,000","-640,000","-193,000","-1,084,000","0","-253,000","-109,000","-355,000","-56,000","-1,468,000","0","149,000","-32,190,000","-1,667,000","7,709,000","-1,775,000","-7,323,000","55,033,000","-60,635,000","-90,000","-1,172,000","-630,000","-910,000","-1,804,000","-3,372,000","-23,799,000","-1,553,000","-20,044,000","826,000","-25,369,000","5,356,000","-5,652,000","-4,677,000","2,837,000","-1,594,000","-5,454,000","-1,581,000","-7,376,000","-18,762,000","-17,802,000","-11,788,000","-21,535,000","-23,847,000","4,179,000","-9,125,000","21,855,000","45,901,000","21,744,000","2,264,000","100,000","-2,500,000","-10,500,000","300,000","-500,000","-200,000","1,900,000","3,000,000","3,000,000","3,800,000","7,300,000","2,800,000","900,000","3,600,000","800,000","10,400,000","0","400,000","-200,000","-800,000","0","-7,200,000","200,000","-9,500,000","-2,800,000",,"500,000","1,400,000","1,000,000","100,000","100,000",,"-300,000","-700,000","300,000","400,000","200,000","100,000","400,000","300,000",,,,,,,,
NormalizedEBITDA,"88,883,000","24,723,000","15,133,000","14,771,000","34,254,000","19,193,000","18,521,000","22,887,000","23,491,000","20,266,000","16,110,000","20,304,000","22,343,000","17,076,000","26,766,000","19,126,000","23,737,000","25,537,000","-17,595,000","25,550,000","58,326,000","16,827,000","12,801,000","19,570,000","14,110,000","20,162,000","4,256,000","23,192,000","11,450,000","24,694,000","21,645,000","26,988,000","18,232,000","25,108,000","26,337,000","22,009,000","28,045,000","25,478,000","33,791,000","32,274,000","26,234,000","27,086,000","21,802,000","23,701,000","22,362,000","20,605,000","22,015,000","23,356,000","19,752,000","21,157,000","25,106,000","26,814,000","21,685,000","17,994,000","18,419,000","21,657,000","27,641,000","28,830,000","-24,230,000","87,052,000","26,519,000","29,768,000","29,424,000","27,764,000","30,214,000","30,848,000","41,126,000","26,224,000","44,539,000","19,517,000","44,964,000","24,594,000","28,443,000","22,283,000","18,928,000","24,971,000","23,116,000","20,293,000","31,816,000","45,886,000","48,828,000","34,138,000","42,969,000","48,283,000","21,141,000","32,725,000","-861,000","-22,045,000","12,268,000","32,740,000","36,100,000","36,500,000","41,200,000","29,200,000","31,300,000","30,800,000","25,300,000","23,400,000","21,500,000","21,000,000","15,800,000","16,200,000","18,300,000","15,000,000","17,200,000","9,800,000","17,300,000","16,700,000","17,100,000","15,400,000","12,500,000","21,200,000","12,200,000","21,700,000","-1,600,000","6,100,000","5,000,000","4,200,000","6,900,000","8,100,000","7,600,000","6,600,000","5,700,000","7,600,000","4,400,000","100,000","-19,100,000","900,000","3,200,000","10,600,000","-457,400,000","163,100,000","164,700,000","158,600,000","-424,100,000","156,100,000","156,100,000","156,100,000"
TaxRateForCalcs,"0.097","0.045","0.27","0.234","0.216","0.244","0.014","0.259","0.215","0.227","0.27","0.27","0.235","0.169","0.243","0.164","0.236","0.225","0.4","0.348","0.06","0.395","0.4","0.4","0.279","0.306","0.023","0.4","0.4","0.326","0.35","0.333","0.366","0.352","0.338","0.283","0.364","0.283","0.335","0.243","0.268","0.348","0.35","0.35","0.365","0.31","0.301","0.263","0.4","0.35","0.24","0.339","0.35","0.35","0.35","0.398","0.352","0.356","0.286","0.35","0.3","0.356","0.309","0.327","0.376","0.396","0.326","0.368","0.397","0.398","0.4","0.127","0.365","0.35","0.356","0.356","0.357","0.358","0.339","0.4","0.33","0.325","0.363","0.379","0.234","0.36","0.362","0.359","0.365","0.366","0.357","0.353","0.354","0.354","0.35","0.35","0.35","0.251","0.352","0.352","0.353","0.349","0.37","0.371","0.365","0.312","0.369","0.371","0.365","0.389","0.373","0.25","0.392","0.038","0.375","0.4","0.391","0.357","0.378","0.397","0.387","0.4","0.323","0.4","0.393","0.364","0.349","0.338","0.4","0.333",,,,,,,,
TaxEffectOfUnusualItems,"999,784.921","-9,450","2,986,200","52,993.487","-168,113.531","129,320","-64,880.518","-9,514,511.476","-27,932.679","-9,138,339","-143,100","2,471,040","1,414,124.861","2,708,394","4,226,225.143","-8,206,229.957","1,258,218.07","1,817,325","-20,367,200","-125,735.822","16,289.617","-222,780","-131,600","-451,600","-154,137.778","-205,632","-34,113.107","-18,632,800","-110,800","16,952","-130,900","-153,599.913","-346,035.159","-438,240","-193,929.778","-56,954.848","-139,701.207","-71,882","-626,706.696","-227,608.766","-353,634.897","-311,001.337","-224,000","-67,550","-395,341.176","0","-76,206.857","-28,638.935","-142,000","-19,600","-352,923.288","0","52,150","-11,266,500","-583,450","3,064,650.315","-624,669.201","-2,605,118.298","15,754,964.701","-21,222,250","-26,956.215","-416,854.025","-194,927.79","-297,900.875","-679,084.266","-1,335,462.726","-7,764,851.628","-572,029.781","-7,962,063.896","328,895.25","-10,147,600","681,116.895","-2,065,659.887","-1,637,012.577","1,010,304.752","-568,247.018","-1,945,322.618","-565,657.811","-2,499,671.781","-7,504,800","-5,875,620.438","-3,833,828.704","-7,822,130.045","-9,030,737.869","975,999.051","-3,286,351.397","7,902,732.524","16,465,937.929","7,935,426.218","828,503.177","35,652.174","-881,578.947","-3,721,518.987","106,329.114","-174,897.119","-69,918.699","665,811.966","753,246.753","1,056,680.162","1,337,339.056","2,578,174.603","977,514.793","332,876.712","1,334,117.647","291,970.803","3,247,257.384","0","148,571.429","-72,916.667","-311,111.111","0","-1,800,000","78,431.373","-358,490.566","-1,050,000","0","195,652.174","500,000","378,378.378","39,705.882","38,709.677","0","-96,774.194","-280,000","117,857.143","145,454.545","69,818.182","33,766.234","160,000","100,000",,,,,,,,