name,ttm,03/31/2022,12/31/2021,09/30/2021,06/30/2021,03/31/2021,12/31/2020,09/30/2020,06/30/2020,03/31/2020,12/31/2019,09/30/2019,06/30/2019,03/31/2019,12/31/2018,09/30/2018,06/30/2018,03/31/2018,12/31/2017,09/30/2017,06/30/2017,03/31/2017,12/31/2016,09/30/2016,06/30/2016,03/31/2016,12/31/2015,09/30/2015,06/30/2015,03/31/2015,12/31/2014,09/30/2014,06/30/2014,03/31/2014,12/31/2013,09/30/2013,06/30/2013,03/31/2013,12/31/2012,09/30/2012,06/30/2012,03/31/2012,12/31/2011,09/30/2011,06/30/2011,03/31/2011,12/31/2010,09/30/2010,06/30/2010,03/31/2010,12/31/2009,09/30/2009,06/30/2009,03/31/2009,12/31/2008,09/30/2008,06/30/2008,03/31/2008,12/31/2007,09/30/2007,06/30/2007,03/31/2007,12/31/2006,09/30/2006,06/30/2006,03/31/2006,12/31/2005,09/30/2005,06/30/2005,03/31/2005,12/31/2004,09/30/2004,06/30/2004,03/31/2004,12/31/2003,09/30/2003,06/30/2003,03/31/2003,12/31/2002,09/30/2002,06/30/2002,03/31/2002,12/31/2001,09/30/2001,06/30/2001,03/31/2001,12/31/2000,09/30/2000,06/30/2000,03/31/2000,12/31/1999,09/30/1999,06/30/1999,03/31/1999,12/31/1998,09/30/1998,06/30/1998,03/31/1998,12/31/1997,09/30/1997,06/30/1997,03/31/1997,12/31/1996,09/30/1996,06/30/1996,03/31/1996,12/31/1995,09/30/1995,06/30/1995,03/31/1995,12/31/1994,09/30/1994,06/30/1994
TotalRevenue,"1,459,942,000","386,651,000","319,249,000","357,396,000","396,646,000","466,833,000","425,994,000","481,815,000","495,077,000","693,110,000","704,666,000","772,110,000","730,231,000","869,027,000","807,895,000","855,108,000","832,900,000","896,860,000","775,246,000","745,156,000","781,689,000","919,914,000","844,863,000","874,769,000","893,253,000","1,057,794,000","913,866,000","954,774,000","959,638,000","1,080,278,000","917,417,000","994,123,000","896,905,000","936,410,000","915,816,000","967,345,000","943,683,000","986,268,000","890,565,000","938,181,000","887,688,000","946,376,000","825,962,000","790,528,000","845,063,000","919,086,000","810,853,000","769,059,000","406,350,000","351,981,000","313,530,000","313,139,000","316,130,000","311,188,000","285,243,000","323,391,000","320,556,000","321,215,000","275,099,000","279,772,000","275,004,000","263,450,000","242,341,000","226,122,000","222,822,000","211,870,000","187,221,000","183,633,000","177,697,000","181,874,000","171,278,000","169,980,000","165,353,000","175,755,000","146,815,000","145,116,000","140,629,000","118,507,000","143,347,000","152,892,000","150,635,000","148,514,000","149,297,000","161,427,000","153,532,000","156,893,000","143,163,000","131,563,000","128,996,000","116,199,000","110,400,000","110,300,000","104,900,000","107,500,000","102,000,000","99,500,000","91,100,000","96,300,000","86,200,000","75,100,000","71,900,000","66,700,000","64,700,000","63,900,000","55,200,000","46,700,000","46,700,000","46,700,000","46,700,000","41,100,000","41,100,000","41,000,000","41,000,000"
	OperatingRevenue,"1,459,942,000","386,651,000","319,249,000","357,396,000","396,646,000","466,833,000","425,994,000","481,815,000","495,077,000","693,110,000","704,666,000","772,110,000","730,231,000","869,027,000","807,895,000","855,108,000","832,900,000","896,860,000","775,246,000","745,156,000","781,689,000","919,914,000","844,863,000","874,769,000","893,253,000","1,057,794,000","913,866,000","954,774,000","959,638,000","1,080,278,000","917,417,000","994,123,000","896,905,000","936,410,000","915,816,000","967,345,000","943,683,000","986,268,000","890,565,000","938,181,000","887,688,000","946,376,000","825,962,000","790,528,000","845,063,000","919,086,000","810,853,000","769,059,000","406,350,000","351,981,000","313,530,000","313,139,000","316,130,000","311,188,000","285,243,000","323,391,000","320,556,000","321,215,000","275,099,000","279,772,000","275,004,000","263,450,000","242,341,000","226,122,000","222,822,000","211,870,000","187,221,000","183,633,000","177,697,000","181,874,000","171,278,000","169,980,000","165,353,000","175,755,000","146,815,000","145,116,000","140,629,000","118,507,000","143,347,000","152,892,000","150,635,000","148,514,000","149,297,000","161,427,000","153,532,000","156,893,000","143,163,000","131,563,000","128,996,000","116,199,000","110,400,000","110,300,000","104,900,000","107,500,000","102,000,000","99,500,000","91,100,000","96,300,000","86,200,000","75,100,000","71,900,000","66,700,000","64,700,000","63,900,000","55,200,000","46,700,000","46,700,000","46,700,000","46,700,000","41,100,000","41,100,000","41,000,000","41,000,000"
CostOfRevenue,"1,073,063,000","284,722,000","232,328,000","262,335,000","293,678,000","359,598,000","340,753,000","382,072,000","393,843,000","556,642,000","546,282,000","622,236,000","582,233,000","716,958,000","713,274,000","724,474,000","770,214,000","711,640,000","612,206,000","579,864,000","627,346,000","636,918,000","653,199,000","673,432,000","726,388,000","1,442,562,000","691,812,000","730,831,000","732,094,000","817,222,000","867,970,000","771,445,000","684,816,000","724,310,000","719,703,000","771,318,000","696,471,000","744,756,000","663,800,000","703,654,000","651,277,000","706,395,000","618,602,000","591,206,000","648,791,000","709,320,000","630,612,000","594,076,000","297,856,000","250,374,000","228,988,000","223,501,000","224,348,000","221,387,000","204,398,000","228,139,000","223,820,000","230,036,000","198,637,000","199,729,000","193,886,000","188,773,000","174,997,000","162,552,000","163,219,000","158,044,000","137,881,000","136,720,000","129,976,000","137,931,000","127,095,000","126,523,000","126,157,000","134,025,000","112,997,000","106,619,000","100,406,000","82,738,000","101,431,000","108,702,000","105,387,000","100,109,000","103,259,000","112,336,000","105,392,000","105,122,000","96,496,000","89,288,000","87,642,000","77,122,000","75,400,000","76,300,000","71,900,000","73,200,000","70,500,000","68,300,000","63,000,000","68,100,000","61,400,000","53,000,000","50,700,000","47,600,000","43,600,000","45,500,000",,,,,,,,,
GrossProfit,"386,879,000","101,929,000","86,921,000","95,061,000","102,968,000","107,235,000","85,241,000","99,743,000","101,234,000","136,468,000","158,384,000","149,874,000","147,998,000","152,069,000","94,621,000","130,634,000","62,686,000","185,220,000","163,040,000","165,292,000","154,343,000","282,996,000","191,664,000","201,337,000","166,865,000","-384,768,000","222,054,000","223,943,000","227,544,000","263,056,000","49,447,000","222,678,000","212,089,000","212,100,000","196,113,000","196,027,000","247,212,000","241,512,000","226,765,000","234,527,000","236,411,000","239,981,000","207,360,000","199,322,000","196,272,000","209,766,000","180,241,000","174,983,000","108,494,000","101,607,000","84,542,000","89,638,000","91,782,000","89,801,000","80,845,000","95,252,000","96,736,000","91,179,000","76,462,000","80,043,000","81,118,000","74,677,000","67,344,000","63,570,000","59,603,000","53,826,000","49,340,000","46,913,000","47,721,000","43,943,000","44,183,000","43,457,000","39,196,000","41,730,000","33,818,000","38,497,000","40,223,000","35,769,000","41,916,000","44,190,000","45,248,000","48,405,000","46,038,000","49,091,000","48,140,000","51,771,000","46,667,000","42,275,000","41,354,000","39,077,000","35,000,000","34,000,000","33,000,000","34,300,000","31,500,000","31,200,000","28,100,000","28,200,000","24,800,000","22,100,000","21,200,000","19,100,000","21,100,000","18,400,000",,,,,,,,,
OperatingExpense,"251,705,000","58,895,000","54,075,000","67,053,000","71,682,000","74,288,000","70,866,000","78,337,000","85,805,000","97,073,000","95,817,000","96,420,000","106,387,000","110,910,000","109,227,000","107,685,000","120,468,000","114,637,000","101,467,000","115,972,000","118,434,000","118,191,000","111,081,000","115,615,000","113,488,000","127,689,000","106,704,000","113,896,000","116,815,000","122,339,000","110,713,000","107,784,000","103,261,000","106,021,000","106,493,000","101,827,000","104,651,000","93,627,000","92,155,000","90,148,000","94,924,000","54,099,000","87,625,000","89,722,000","90,432,000","100,104,000","92,582,000","87,583,000","58,277,000","54,262,000","51,604,000","52,510,000","53,912,000","54,360,000","50,414,000","52,538,000","53,408,000","55,677,000","47,736,000","48,200,000","50,864,000","49,382,000","43,567,000","40,292,000","41,300,000","37,889,000","36,137,000","33,695,000","33,992,000","35,654,000","35,369,000","33,577,000","32,749,000","38,763,000","26,978,000","26,394,000","25,550,000","17,825,000","26,672,000","25,421,000","26,582,000","26,949,000","25,334,000","30,272,000","24,587,000","28,417,000","25,978,000","22,796,000","23,382,000","21,370,000","20,300,000","18,800,000","18,200,000","18,000,000","16,700,000","16,700,000","15,000,000","15,200,000","13,900,000","13,100,000","12,900,000","10,900,000","13,500,000","11,900,000",,,,,,,,,
	SellingGeneralAndAdministration,"202,070,000","49,295,000","42,416,000","54,108,000","56,251,000","53,773,000","48,747,000","56,239,000","57,203,000","63,017,000","65,974,000","66,201,000","62,337,000","75,355,000","71,823,000","69,551,000","81,656,000","75,587,000","62,147,000","75,104,000","79,303,000","76,325,000","66,750,000","70,329,000","68,026,000","77,071,000","65,676,000","71,321,000","73,281,000","80,389,000","70,905,000","68,770,000","65,710,000","62,025,000","62,390,000","63,583,000","66,717,000","60,265,000","59,824,000","58,150,000","63,109,000","63,839,000","57,494,000","60,256,000","60,965,000","67,976,000","66,930,000","60,504,000","43,480,000","40,702,000","39,119,000","38,213,000","39,836,000","42,034,000","38,687,000","40,153,000","41,235,000","44,195,000","36,983,000","37,743,000","40,341,000","39,164,000","34,333,000","31,465,000","32,550,000","29,894,000","28,007,000","25,713,000","26,061,000","27,736,000","27,839,000","26,068,000","25,178,000","30,740,000","19,845,000","19,762,000","19,071,000","12,745,000","19,965,000","19,188,000","20,215,000","21,441,000","19,650,000","19,970,000","19,327,000","21,657,000","19,157,000","16,602,000","16,967,000","16,073,000","15,200,000","13,900,000","13,400,000","14,000,000","12,700,000","13,300,000","12,100,000","12,400,000","11,300,000","11,100,000","11,000,000","9,200,000","11,800,000","10,300,000",,,,,,,,,
		GeneralAndAdministrativeExpense,"202,070,000",,,"54,108,000",,"53,773,000","48,747,000","56,239,000","57,203,000","63,017,000","65,974,000","66,201,000","62,337,000","75,355,000","71,823,000","69,551,000","81,656,000","75,587,000","62,147,000","75,104,000","79,303,000","76,325,000","66,750,000","70,329,000","68,026,000","77,071,000","65,676,000","71,321,000","73,281,000","80,389,000","70,905,000","68,770,000","65,710,000","62,025,000","62,390,000","63,583,000","66,717,000","60,265,000","59,824,000",,,,,,,,,,,,,,,,,,,,,,,,,,,,,,,,,,,,,,,,,,,,,,,,,,,,,,,,,,,,,,,,,,,,,,,,,,
			SalariesAndWages,,,,,,,,,,,,,,,,,,,,"523,000",,,,,,,,,,,"0",,,,"1,561,000","0","0",,"2,030,000",,,,,,,,,,,,,,,,,,,,,,,,,,,,,,,,,,,,,,,,,,,,,,,,,,,,,,,,,,,,,,,,,,,,,,,,,,
			OtherGandA,"202,070,000",,,"54,108,000",,"53,773,000","48,747,000","56,239,000","57,203,000","63,017,000","65,974,000","66,201,000","62,337,000","75,355,000","71,823,000","69,551,000","81,656,000","75,587,000","62,147,000","74,581,000","79,303,000","76,325,000","66,750,000","70,329,000","68,026,000","77,071,000","65,676,000","71,321,000","73,281,000","80,389,000","70,905,000","68,770,000","65,710,000","63,586,000","60,829,000","63,583,000","66,717,000","65,402,000","57,794,000",,,,,,,,,,,,,,,,,,,,,,,,,,,,,,,,,,,,,,,,,,,,,,,,,,,,,,,,,,,,,,,,,,,,,,,,,,
	DepreciationAmortizationDepletionIncomeStatement,"49,635,000","9,600,000","11,659,000","12,945,000","15,431,000","20,515,000","22,119,000","22,098,000","28,602,000","34,056,000","29,843,000","30,219,000","44,050,000","35,555,000","37,404,000","38,134,000","38,812,000","39,050,000","39,320,000","40,868,000","39,131,000","41,866,000","44,331,000","45,286,000","45,462,000","50,618,000","41,028,000","42,575,000","43,534,000","41,950,000","39,808,000","39,014,000","37,551,000","43,996,000","44,103,000","38,244,000","37,934,000","33,362,000","32,331,000","31,998,000","31,815,000","30,660,000","30,131,000","29,466,000","29,467,000","32,128,000","25,652,000","27,079,000","14,797,000","13,560,000","12,485,000","14,297,000","14,076,000","12,326,000","11,727,000","12,385,000","12,173,000","11,482,000","10,753,000","10,457,000","10,523,000","10,218,000","9,234,000","8,827,000","8,750,000","7,995,000","8,130,000","7,982,000","7,931,000","7,918,000","7,530,000","7,509,000","7,571,000","8,023,000","7,103,000","6,632,000","6,479,000","5,080,000","6,707,000","6,233,000","6,367,000","5,508,000","5,684,000","5,258,000","5,260,000","6,760,000","6,821,000","6,194,000","6,415,000","5,297,000","5,100,000","4,900,000","4,800,000","4,000,000","4,000,000","3,400,000","2,900,000","2,800,000","2,600,000","2,000,000","1,900,000","1,700,000","1,700,000","1,600,000",,,,,,,,,
		DepreciationAndAmortizationInIncomeStatement,"49,635,000","9,600,000","11,659,000","12,945,000","15,431,000","20,515,000","22,119,000","22,098,000","28,602,000","34,056,000","29,843,000","30,219,000","44,050,000","35,555,000","37,404,000","38,134,000","38,812,000","39,050,000","39,320,000","40,868,000","39,131,000","41,866,000","44,331,000","45,286,000","45,462,000","50,618,000","41,028,000","42,575,000","43,534,000","41,950,000","39,808,000","39,014,000","37,551,000","43,996,000","44,103,000","38,244,000","37,934,000","33,362,000","32,331,000","31,998,000",,,"30,131,000","29,466,000",,,"25,652,000","27,079,000","14,797,000","13,560,000","12,485,000","14,297,000","14,076,000","12,326,000","11,727,000","12,385,000","12,173,000","11,482,000","10,753,000","10,457,000","10,523,000","10,218,000","9,234,000","8,827,000","8,750,000","7,995,000","8,130,000","7,982,000","7,931,000","7,918,000","7,530,000","7,509,000","7,571,000","8,023,000","7,103,000","6,632,000","6,479,000","5,080,000","6,707,000","6,233,000","6,367,000","5,508,000","5,684,000","5,258,000","5,260,000","6,760,000","6,821,000","6,194,000","6,415,000","5,297,000","5,100,000","4,900,000","4,800,000","4,000,000","4,000,000","3,400,000","2,900,000","2,800,000","2,600,000","2,000,000","1,900,000","1,700,000","1,700,000","1,600,000",,,,,,,,,
	OtherOperatingExpenses,,,,,,,,,,,,,,,,,,,,,,,,,,,,,,,,,,,,,,,,,,,,,,,,,,,,,,,,,,,,,,,,,,,,,,,,,,,"30,000",,,,,,,"0",,"5,044,000",,,,,,,,,,,,,,,,,,,,,,,,,,,,,
OperatingIncome,"135,174,000","43,034,000","32,846,000","28,008,000","31,286,000","32,947,000","14,375,000","21,406,000","15,429,000","39,395,000","62,567,000","53,454,000","41,611,000","41,159,000","-14,606,000","22,949,000","-57,782,000","70,583,000","61,573,000","49,320,000","35,909,000","164,805,000","80,583,000","85,722,000","53,377,000","-512,457,000","115,350,000","110,047,000","110,729,000","140,717,000","-61,266,000","114,894,000","108,828,000","106,079,000","89,620,000","94,200,000","142,561,000","147,885,000","134,610,000","144,379,000","141,487,000","185,882,000","119,735,000","109,600,000","105,840,000","109,662,000","87,659,000","87,400,000","50,217,000","47,345,000","32,938,000","37,128,000","37,870,000","35,441,000","30,431,000","42,714,000","43,328,000","35,502,000","28,726,000","31,843,000","30,254,000","25,295,000","23,777,000","23,278,000","18,303,000","15,937,000","13,203,000","13,218,000","13,729,000","8,289,000","8,814,000","9,880,000","6,447,000","2,967,000","6,840,000","12,103,000","14,673,000","17,944,000","15,244,000","18,769,000","18,666,000","21,456,000","20,704,000","18,819,000","23,553,000","23,354,000","20,689,000","19,479,000","17,972,000","17,707,000","14,700,000","15,200,000","14,800,000","16,300,000","14,800,000","14,500,000","13,100,000","13,000,000","10,900,000","9,000,000","8,300,000","8,200,000","7,600,000","6,500,000","55,200,000","-123,800,000","46,700,000","46,700,000","46,700,000","-109,500,000","41,100,000","41,000,000","41,000,000"
NetNonOperatingInterestIncomeExpense,"-135,861,000","-30,801,000","-32,319,000","-34,183,000","-38,558,000","-39,053,000","-44,881,000","-52,506,000","-34,957,000","-26,060,000","-33,178,000","-35,400,000","-27,491,000","-31,104,000","-29,309,000","-28,714,000","-25,493,000","-27,213,000","-25,836,000","-25,375,000","-21,018,000","-24,780,000","-19,698,000","-17,896,000","-18,126,000","-18,502,000","-15,792,000","-15,631,000","-18,116,000","-14,059,000","-13,573,000","-15,386,000","-42,360,000","-17,625,000","-30,115,000","-20,321,000","-19,710,000","-17,488,000","-16,768,000","-16,668,000","-17,232,000","-18,462,000","-14,543,000","-17,671,000","-26,462,000","-22,440,000","-21,869,000","-23,459,000","-11,791,000","-10,270,000","-7,768,000","-5,501,000","-5,326,000",,,,,,,,,,,,,,,,,,,,,,,,,,,,,,,,,,,,,,,,,,,,,,,,,,,,,,,,,,,,
	InterestExpenseNonOperating,"135,861,000","30,801,000","32,319,000","34,183,000","38,558,000","39,053,000","44,881,000","52,506,000","34,957,000","26,060,000","33,178,000","35,400,000","27,491,000","31,104,000","29,309,000","28,714,000","25,493,000","27,213,000","25,836,000","25,375,000","21,018,000","24,780,000","19,698,000","17,896,000","18,126,000","18,502,000","15,792,000","15,631,000","18,116,000","14,059,000","13,573,000","15,386,000","42,360,000","17,625,000","30,115,000","20,321,000","19,710,000","17,488,000","16,768,000","16,668,000","17,232,000","18,462,000","14,543,000","17,671,000","26,462,000","22,440,000","21,869,000","23,459,000","11,791,000","10,270,000","7,768,000","5,501,000","5,326,000",,,,,,,,,,,,,,,,,,,,,,,,,,,,,,,,,,,,,,,,,,,,,,,,,,,,,,,,,,,,
OtherIncomeExpense,"-37,148,000","-21,991,000","7,816,000","-1,108,000","-21,865,000","-66,915,000","-36,912,000","-1,557,000","-256,933,000","-95,083,000","-46,917,000","35,999,000","8,775,000","-217,832,000","14,193,000","-8,426,000","7,772,000","-350,542,000","-181,277,000","-30,472,000","-17,500,000","-280,295,000","-25,417,000","-15,236,000","-6,651,000","-670,312,000","-241,600,000",,"-2,863,000","0",,"-196,000","131,696,000","-25,171,000","-4,841,000","-1,229,000","-1,215,000","-34,919,000","-250,000","-1,432,000","-545,000","-2,643,000","-2,095,000","-1,144,000","-460,000","-1,252,000","-1,000,000","-1,283,000","-17,367,000","0",,"39,000",,"803,000","1,777,000",,,,,,,"0","-5,088,000",,,,,,,,,,,,,,,,,,,"0",,"-5,044,000",,,,,,"-34,000","-700,000",,,,,,,"1,000,000",,"1,300,000",,,,,,,,,,,,,
	SpecialIncomeCharges,"-42,521,000","-4,237,000","-6,584,000","-11,557,000","-20,143,000","-79,159,000","-49,344,000","-13,984,000","-267,821,000","-79,697,000","-60,906,000","7,583,000","-6,100,000","-230,356,000","-2,327,000","-24,950,000","-4,047,000","-350,542,000","-181,277,000","-30,472,000","-17,500,000","-280,295,000","-25,417,000","-15,236,000","-6,651,000","-670,312,000","-241,600,000","0","-2,863,000","0","0","-196,000","131,696,000","-25,171,000","-4,841,000","-1,229,000","-1,215,000","-34,919,000","-250,000","-1,432,000","-545,000","-2,643,000","-2,095,000","-1,144,000","-460,000","-1,252,000","-1,000,000","-1,283,000","-17,367,000","0","0","39,000",,"803,000","1,777,000",,,,,,,"0","-5,088,000",,,,,,,,,,,,,,,,,,,"0",,"-5,044,000",,,,,,"-34,000","-700,000",,,,,,,"1,000,000",,"1,300,000",,,,,,,,,,,,,
		RestructuringAndMergernAcquisition,"19,295,000","6,264,000","4,649,000","3,897,000","4,485,000","20,477,000","4,071,000","13,237,000","15,439,000","11,850,000","4,744,000","5,782,000","2,964,000","12,892,000","2,327,000","11,832,000","4,047,000","6,318,000","6,149,000","10,101,000","17,500,000","13,997,000","11,067,000","10,462,000","6,651,000","36,182,000","0","0","0","0","0","196,000","2,997,000","24,005,000","4,841,000","1,229,000","1,215,000","438,000","250,000","1,432,000","545,000","2,643,000","2,095,000","1,144,000","460,000","1,252,000","1,000,000","1,283,000","17,367,000",,,,,,,,,,,,,,,,,,,,,,,,,,,,,,,,,,,,,,,,,,,,,,,,,,,,,,,,,,,,,,,,
		ImpairmentOfCapitalAssets,"2,308,000","2,308,000","0","0","0","0","0","0","252,382,000",,,,,"0","0",,,"345,000,000","190,227,000",,,"266,298,000","0",,,,,,,,,,,,,,,,,,,,,,,,,,,,,,,,,,,,,,,,,,,,,,,,,,,,,,,,,,,,,,,,,,,,,,,,,,,,,,,,,,,,,,,,,,
		WriteOff,,,,,,,,,,,,,,,,,,,,,,,,,,,"229,200,000",,,,,,,,,,,,,,,,,,,,,,,,,,,,,,,,,,,,,,,,,,,,,,,,,,,,,,,,,,,,,,,,,,,,,,,,,,,,,,,,,,,,,,
		OtherSpecialCharges,"11,624,000","0","1,935,000",,"9,689,000",,,,,"0","-3,857,000","-5,400,000",,,,,,"-11,146,000","-15,099,000",,,,,,,"-11,031,000","12,400,000",,"2,863,000","0",,,"-134,693,000",,,,,,,,,,,,,,,,,,,,,,,,,,,,,,,,,,,,,,,,,,,,,,,,,,,,,,,,,,,,,,,,,,,,,,,,,,,,,,,,
		GainOnSaleOfBusiness,,,,,,,,,,,,,"-3,136,000","-217,464,000","0","-13,118,000",,"-10,370,000","0","-20,371,000",,"0","-14,350,000","-4,774,000",,,,,,,,,,,,,,,,,,,,,,,,,,,,,,,,,,,,,,,,,,,,,,,,,,,,,,,,,,,,,,,,,,,,,,,,,,,,,,,,,,,,,,,,,
		GainOnSaleOfPPE,"-9,294,000","4,335,000","0","-7,660,000","-5,969,000","-58,682,000","-45,273,000","-747,000","0","-1,726,000","-60,019,000","7,965,000",,,,,,,,,,,,,,,,,,,,,,,,,,,,,,,,,,,,,,,,,,,,,,,,,,,,,,,,,,,,,,,,,,,,,,,,,,,,,,,,,,,,,,,,,,,,,,,,,,,,,
	OtherNonOperatingIncomeExpenses,"5,373,000","-17,754,000","14,400,000","10,449,000","-1,722,000","12,244,000","12,432,000","12,427,000","10,888,000","-15,386,000","13,989,000","28,416,000","14,875,000","12,524,000","16,520,000","16,524,000","11,819,000",,,,,,,,,,,,,,,,,,,,,,,,,,,,,,,,,,,,,,,,,,,,,,,,,,,,,,,,,,,,,,,,,,,,,,,,,,,,,,,,,,,,,,,,,,,,,,,,
PretaxIncome,"-37,835,000","-9,758,000","8,343,000","-7,283,000","-29,137,000","-73,021,000","-67,418,000","-32,657,000","-276,461,000","-81,748,000","-17,528,000","54,053,000","22,895,000","-207,777,000","-29,722,000","-14,191,000","-75,503,000","-307,172,000","-145,540,000","-6,527,000","-2,609,000","-140,270,000","35,468,000","52,590,000","28,600,000","-1,201,271,000","-142,042,000","94,416,000","89,750,000","126,658,000","-74,839,000","99,312,000","198,164,000","63,283,000","54,664,000","72,650,000","121,636,000","95,478,000","117,592,000","126,279,000","123,710,000","164,777,000","103,097,000","90,785,000","78,918,000","85,970,000","64,790,000","62,658,000","21,059,000","37,075,000","25,170,000","31,666,000","32,544,000","34,947,000","28,903,000","39,647,000","39,901,000","-67,837,000","25,416,000","28,277,000","27,047,000","21,581,000","15,462,000","19,483,000","14,571,000","12,863,000","10,117,000","10,046,000","10,542,000","4,920,000","5,625,000","6,670,000","3,190,000","-302,000","3,702,000","9,161,000","11,840,000","14,836,000","12,257,000","15,590,000","15,575,000","18,399,000","17,251,000","15,837,000","20,315,000","18,311,000","14,783,000","14,562,000","13,129,000","14,952,000","11,400,000","12,900,000","12,900,000","14,500,000","13,300,000","13,100,000","12,500,000","13,200,000","9,700,000","9,300,000","7,400,000","7,400,000","6,200,000","4,400,000",,,,,,,,,
TaxProvision,"4,923,000","817,000","1,105,000","1,787,000","1,214,000","498,000","698,000","832,000","853,000","-6,679,000","-3,682,000","11,352,000","4,807,000","-8,165,000","1,223,000","485,000","1,031,000","-2,342,000","-32,288,000","-1,149,000","-678,000","-13,446,000","6,136,000","17,783,000","8,866,000","-117,616,000","-53,393,000","32,804,000","27,018,000","43,819,000","-35,007,000","31,866,000","69,921,000","20,979,000","19,271,000","23,134,000","42,593,000","29,876,000","42,369,000","46,088,000","47,378,000","58,526,000","37,194,000","32,221,000","28,014,000","31,940,000","19,810,000","20,837,000","9,479,000","12,079,000","7,117,000","10,948,000","11,023,000","11,184,000","6,957,000","13,578,000","13,867,000","10,857,000","7,493,000","9,575,000","9,236,000","7,355,000","4,661,000","6,872,000","5,138,000","1,908,000","770,000","3,002,000","3,373,000","50,000","1,686,000","1,775,000","1,085,000","-1,522,000","1,065,000","1,245,000","4,203,000","5,267,000","4,351,000","5,535,000","5,529,000","3,863,000","5,415,000","5,733,000","7,354,000","6,543,000","4,781,000","5,389,000","4,858,000","5,550,000","2,600,000","4,700,000","4,700,000","5,400,000","4,900,000","5,100,000","4,900,000","5,300,000","3,800,000","3,600,000","2,900,000","3,000,000","2,500,000","1,800,000",,,,,,,,,
NetIncomeCommonStockholders,"-42,758,000","-10,575,000","7,238,000","-9,070,000","-30,351,000","-73,519,000","-68,116,000","-33,489,000","-277,314,000","-75,069,000","-13,846,000","42,701,000","18,088,000","-199,612,000","-30,945,000","-14,676,000","-76,534,000","-304,830,000","-113,252,000","-5,378,000","-1,931,000","-126,824,000","29,332,000","34,807,000","19,734,000","-1,083,655,000","-88,649,000","61,612,000","62,732,000","82,839,000","-39,832,000","67,446,000","128,243,000","42,304,000","35,393,000","49,516,000","79,043,000","65,602,000","75,223,000","80,191,000","76,332,000","106,251,000","65,903,000","58,488,000","50,215,000","52,343,000","44,644,000","41,540,000","11,372,000","24,672,000","5,600,000","19,451,000","18,039,000","22,132,000","21,128,000","24,976,000","24,831,000","19,410,000","16,717,000","17,230,000","13,917,000","14,226,000","10,801,000","12,611,000","9,433,000","10,955,000","9,347,000","7,044,000","7,169,000","5,038,000","-2,141,000","5,672,000","2,859,000","1,197,000","2,656,000","7,289,000","7,080,000","8,710,000","7,906,000","10,055,000","10,046,000","14,536,000","11,836,000","10,104,000","12,961,000","11,768,000","10,002,000","9,173,000","8,271,000","9,402,000","8,800,000","8,200,000","8,200,000","9,100,000","8,400,000","8,000,000","7,600,000","7,900,000","5,900,000","6,300,000","4,500,000","4,400,000","3,700,000","1,100,000","1,800,000","2,500,000","2,400,000","2,400,000","2,400,000","300,000","400,000","400,000","400,000"
	NetIncome,"-42,758,000","-10,575,000","7,238,000","-9,070,000","-30,351,000","-73,519,000","-68,116,000","-33,489,000","-277,314,000","-75,069,000","-13,846,000","42,701,000","18,088,000","-199,612,000","-30,945,000","-14,676,000","-76,534,000","-304,830,000","-113,252,000","-5,378,000","-1,931,000","-126,824,000","29,332,000","34,807,000","19,734,000","-1,083,655,000","-88,649,000","61,612,000","62,732,000","82,839,000","-39,832,000","67,446,000","128,243,000","42,304,000","35,393,000","49,516,000","79,043,000","65,602,000","75,223,000","80,191,000","76,332,000","106,251,000","65,903,000","58,488,000","50,215,000","52,343,000","44,644,000","41,540,000","11,372,000","24,672,000","5,600,000","19,451,000","18,039,000","22,132,000","21,128,000","24,976,000","24,831,000","19,410,000","16,717,000","17,230,000","13,917,000","14,226,000","10,801,000","12,611,000","9,433,000","10,955,000","9,347,000","7,044,000","7,169,000","5,038,000","-2,141,000","5,672,000","2,859,000","1,197,000","2,656,000","7,289,000","7,080,000","8,710,000","7,906,000","10,055,000","10,046,000","14,536,000","11,836,000","10,104,000","12,961,000","11,768,000","10,002,000","9,173,000","8,271,000","9,402,000","8,800,000","8,200,000","8,200,000","9,100,000","8,400,000","8,000,000","7,600,000","7,900,000","5,900,000","6,300,000","4,500,000","4,400,000","3,700,000","1,100,000","1,800,000","2,500,000","2,400,000","2,400,000","2,400,000","300,000","400,000","400,000","400,000"
		NetIncomeIncludingNoncontrollingInterests,"-42,758,000","-10,575,000","7,238,000","-9,070,000","-30,351,000","-73,519,000","-68,116,000","-33,489,000","-277,314,000","-75,069,000","-13,846,000","42,701,000","18,088,000","-199,612,000","-30,945,000","-14,676,000","-76,534,000","-304,830,000","-113,252,000","-5,378,000","-1,931,000","-126,824,000","29,332,000","34,807,000","19,734,000","-1,083,655,000","-88,649,000","61,612,000","62,732,000","82,839,000","-39,832,000","67,446,000","128,243,000","42,304,000","35,393,000","49,516,000","79,043,000","65,602,000","75,223,000","80,191,000","76,332,000","106,251,000","65,903,000","58,488,000","50,215,000","52,343,000","44,644,000","41,540,000","11,372,000","24,672,000","5,600,000","19,451,000","18,039,000","22,132,000","21,128,000","24,976,000","24,831,000","19,410,000","16,717,000","17,230,000","13,917,000","14,226,000","10,801,000","12,611,000","9,433,000","10,955,000","9,347,000","7,044,000","7,169,000","5,038,000","-2,141,000","5,672,000","2,859,000","1,197,000","2,656,000","7,289,000","7,080,000","8,710,000","7,906,000","10,055,000","10,046,000","14,536,000","11,836,000","10,104,000","12,961,000","11,768,000","10,002,000","9,173,000","8,271,000","9,402,000","8,800,000","8,200,000","8,200,000","9,100,000","8,400,000","8,000,000","7,600,000","7,900,000","5,900,000","6,300,000","4,500,000","4,400,000","3,700,000","1,100,000","1,800,000","2,500,000","2,400,000","2,400,000","2,400,000","300,000","400,000","400,000","400,000"
			NetIncomeContinuousOperations,"-42,758,000","-10,575,000","7,238,000","-9,070,000","-30,351,000","-73,519,000","-68,116,000","-33,489,000","-277,314,000","-75,069,000","-13,846,000","42,701,000","18,088,000","-199,612,000","-30,945,000","-14,676,000","-76,534,000","-304,830,000","-113,252,000","-5,378,000","-1,931,000","-126,824,000","29,332,000","34,807,000","19,734,000","-1,083,655,000","-88,649,000","61,612,000","62,732,000","82,839,000","-39,832,000","67,446,000","128,243,000","42,304,000","35,393,000","49,516,000","79,043,000","65,602,000","75,223,000","80,191,000","76,332,000","106,251,000","65,903,000","58,564,000","50,904,000","54,030,000","44,980,000","41,821,000","11,580,000","24,996,000","18,053,000","20,718,000","21,521,000","23,763,000","21,946,000","26,069,000","26,034,000","21,306,000","17,923,000","18,702,000","17,811,000","14,226,000","10,801,000","12,611,000","9,433,000","10,955,000","9,347,000","7,044,000","7,169,000","4,870,000","3,939,000","4,895,000","2,105,000","1,220,000","2,637,000","7,916,000","7,637,000","9,569,000","7,906,000","10,055,000","10,046,000","14,536,000","11,836,000","10,104,000","12,961,000","11,768,000","10,002,000","9,173,000","8,271,000","9,402,000","8,800,000","8,200,000","8,200,000","9,100,000","8,400,000","8,000,000","7,600,000","7,900,000","5,900,000","5,700,000","4,500,000","4,400,000","3,700,000","2,600,000","1,800,000","1,300,000","1,300,000","1,300,000","1,300,000","1,100,000","1,100,000","1,100,000","1,100,000"
			NetIncomeDiscontinuousOperations,,,,,,,,,,,,,,,,,,,,,,,,,,,,,,,,,,,,,,"0","0","0","0","0","0","-76,000","-689,000","-1,687,000","-336,000","-281,000","-208,000","-324,000","-12,453,000","-1,267,000","-3,482,000","-1,631,000","-818,000","-1,093,000","-1,203,000","-1,896,000","-1,206,000","-1,472,000","-3,894,000",,,,,,,,,"168,000","-6,080,000","777,000","754,000","-23,000","19,000","-627,000","-557,000",,,,,,,,,,,,,,,,,,,,,,,,,,,,,"1,200,000","1,100,000","1,100,000","1,100,000","-800,000","-700,000","-700,000","-700,000"
			NetIncomeFromTaxLossCarryforward,,,,,,,,,,,,,,,,,,,,,,,,,,,,,,,,,,,,,,,,,,,,,,,,,,,,,,,,,,,,,,,,,,,,,,,,,,,,,,,,,,,,,,,,,,,,,,,,,,"0",,"600,000",,"0",,"-1,500,000",,,,,,,,,
DilutedNIAvailtoComStockholders,"-42,758,000","-10,575,000","7,238,000","-9,070,000","-30,351,000","-73,519,000","-68,116,000","-33,489,000","-277,314,000","-75,069,000","-13,846,000","42,701,000","18,088,000","-199,612,000","-30,945,000","-14,676,000","-76,534,000","-304,830,000","-113,252,000","-5,378,000","-1,931,000","-126,824,000","29,332,000","34,807,000","19,734,000","-1,083,655,000","-88,649,000","61,612,000","62,732,000","82,839,000","-39,832,000","67,446,000","128,243,000","42,304,000","35,393,000","49,516,000","79,043,000","65,602,000","75,223,000","80,191,000","76,332,000","106,251,000","65,903,000","58,488,000","50,215,000","52,343,000","44,644,000","41,540,000","11,372,000","24,672,000","5,600,000","19,451,000","18,039,000","22,132,000","21,128,000","24,976,000","24,831,000","19,410,000","16,717,000","17,230,000","13,917,000","14,226,000","10,801,000","12,611,000","9,433,000","10,955,000","9,347,000","7,044,000","7,169,000","5,038,000","-2,141,000","5,672,000","2,859,000","1,197,000","2,656,000","7,289,000","7,080,000","8,710,000","7,906,000","10,055,000","10,046,000","14,536,000","11,836,000","10,104,000","12,961,000","11,768,000","10,002,000","9,173,000","8,271,000","9,402,000","8,800,000","8,200,000","8,200,000","9,100,000","8,400,000","8,000,000","7,600,000","7,900,000","5,900,000","6,300,000","4,500,000","4,400,000","3,700,000","1,100,000","1,800,000","2,500,000","2,400,000","2,400,000","2,400,000","300,000","400,000","400,000","400,000"
BasicEPS,,"-0.16","0.11","-0.14","-0.47","-1.27","-1.3","-0.64","-5.35",,"-0.27","0.85","0.36","-4.01","-0.62","-0.3","-1.54","-6.04","-2.29","-0.11","-0.04","-2.57","0.59","0.71","0.4","-21.93","-1.8","1.25","1.28","1.66","-0.79","1.32","2.48","0.81","0.68","0.96","1.56","1.32","1.51","1.61","1.54",,"1.35","1.2","0.52",,"0.925","0.865","0.32",,"0.17","0.59","0.55",,"0.645","0.76","0.76",,"0.505","0.52","0.425",,"0.33","0.39","0.295",,"0.295","0.22","0.225",,"-0.065","0.18","0.09",,"0.085","0.23","0.225",,"0.25","0.315","0.32",,"0.375","0.32","0.41",,"0.415","0.395","0.355",,"0.375","0.35","0.35",,"0.355","0.335","0.32",,"0.28","0.325","0.23",,"0.115","0.08","0.14",,"0.17","0.17","0.17",,"0.035","0.04","0.035"
DilutedEPS,,"-0.16","0.11","-0.14","-0.47","-1.27","-1.3","-0.64","-5.35",,"-0.27","0.85","0.36","-4.01","-0.62","-0.3","-1.54","-6.04","-2.29","-0.11","-0.04","-2.57","0.59","0.7","0.4","-21.93","-1.8","1.25","1.27","1.66","-0.79","1.32","2.46","0.8","0.67","0.94","1.5","1.24","1.43","1.53","1.46",,"1.27","1.13","0.49",,"0.875","0.83","0.305",,"0.17","0.585","0.545",,"0.64","0.75","0.735",,"0.465","0.485","0.405",,"0.33","0.385","0.29",,"0.29","0.22","0.225",,"-0.065","0.18","0.09",,"0.085","0.23","0.225",,"0.25","0.315","0.315",,"0.375","0.315","0.405",,"0.4","0.37","0.335",,"0.355","0.33","0.33",,"0.335","0.315","0.3",,"0.26","0.3","0.215",,"0.105","0.075","0.125",,"0.17","0.17","0.17",,"0.035","0.04","0.035"
BasicAverageShares,,"64,640,000","64,621,000","64,545,000","64,299,000","57,920,000","52,488,000","52,011,000","51,860,000",,"50,395,000","49,987,000","49,854,000","49,774,000","49,848,073","49,628,000","49,552,000","49,488,000","49,459,000","49,428,000","49,341,000","49,350,000","49,329,000","49,304,000","49,271,000","49,239,000","49,228,000","49,219,000","49,198,000","49,823,000","50,643,000","51,015,000","51,691,000","52,199,000","52,024,000","51,807,000","50,815,000","49,814,000","49,750,000","49,657,000","49,416,000",,"48,912,000","48,697,000","96,932,000",,"48,156,000","48,114,000","35,506,000",,"32,934,000","32,928,000","32,864,000",,"32,774,000","32,772,000","32,746,000",,"33,126,000","33,048,000","32,916,000",,"32,524,000","32,332,000","32,156,000",,"31,824,000","31,820,000","31,812,000",,"31,762,000","31,736,000","31,720,000",,"31,678,000","31,672,000","31,670,000",,"31,672,000","31,672,000","31,634,000",,"31,556,000","31,598,000","31,536,000",,"24,136,000","23,352,000","23,344,000",,"23,328,000","23,428,571","16,765,672",,"23,661,972","23,880,597","17,101,022",,"21,071,429","19,384,615","12,043,252",,"20,050,000","20,050,000","20,050,000",,"14,117,647","14,117,647","14,117,647",,"11,428,571","10,000,000","11,428,571"
DilutedAverageShares,,"64,640,000","65,096,000","64,545,000","64,299,000","57,920,000","52,488,000","52,011,000","51,860,000",,"50,395,000","50,460,000","50,295,000","49,774,000","49,848,073","49,628,000","49,552,000","49,488,000","49,459,000","49,428,000","49,341,000","49,350,000","49,440,000","49,432,000","49,536,000","49,239,000","49,228,000","49,308,000","49,314,000","49,985,000","50,643,000","51,169,000","52,089,000","52,752,000","52,806,000","52,820,000","52,806,000","52,708,000","52,464,000","52,288,000","52,271,000",,"51,968,000","51,646,000","102,598,000",,"50,950,000","50,034,000","37,462,000",,"33,376,000","33,274,000","33,222,000",,"33,102,000","33,214,000","33,782,000",,"36,004,000","35,654,000","34,408,000",,"32,918,000","32,628,000","32,572,000",,"32,104,000","32,112,000","32,012,000",,"31,988,000","31,884,000","31,870,000",,"31,860,000","31,808,000","31,766,000",,"31,774,000","31,880,000","31,982,000",,"31,688,000","31,954,000","31,904,000",,"24,918,000","24,852,000","24,794,000",,"24,718,000","24,848,485","16,765,672",,"25,074,627","25,396,825","17,101,022",,"22,692,308","21,000,000","12,043,252",,"20,050,000","20,050,000","20,050,000",,"14,117,647","14,117,647","14,117,647",,"11,428,571","10,000,000","11,428,571"
TotalOperatingIncomeAsReported,"104,277,000","38,797,000","28,197,000","16,451,000","20,832,000","-46,212,000","-34,969,000","7,422,000","-252,392,000","-40,302,000","1,661,000","61,037,000","35,511,000","-189,197,000","-16,933,000","-2,001,000","-66,548,000","-279,959,000","-119,704,000","18,848,000","18,409,000","-115,490,000","55,166,000","70,486,000","46,726,000","-1,182,769,000","-126,250,000","110,047,000","107,866,000","140,717,000","-61,266,000","114,698,000","240,524,000","80,908,000","84,779,000","92,971,000","141,346,000","112,966,000","134,360,000","142,947,000","140,942,000","183,239,000","117,640,000","108,456,000","105,380,000","108,410,000","86,659,000","86,117,000","32,850,000","47,345,000","32,938,000","37,128,000","37,870,000","35,441,000","30,431,000","42,714,000","43,328,000","35,502,000","28,726,000","31,843,000","30,254,000","25,295,000","23,777,000","23,278,000","18,303,000","15,937,000","13,203,000","13,218,000","13,729,000","8,289,000","8,814,000","9,880,000","6,447,000","2,967,000","6,840,000","12,103,000","14,673,000","17,944,000","15,244,000","18,769,000","18,666,000","21,456,000","20,704,000","18,819,000","23,553,000","23,354,000","20,689,000","19,479,000","17,972,000","17,707,000","14,700,000","15,200,000","14,800,000","16,300,000","14,800,000","14,500,000","13,100,000","13,000,000","10,900,000","9,000,000","8,300,000","8,200,000","7,600,000","6,500,000",,,,,,,,,
TotalExpenses,"1,324,768,000","343,617,000","286,403,000","329,388,000","365,360,000","433,886,000","411,619,000","460,409,000","479,648,000","653,715,000","642,099,000","718,656,000","688,620,000","827,868,000","822,501,000","832,159,000","890,682,000","826,277,000","713,673,000","695,836,000","745,780,000","755,109,000","764,280,000","789,047,000","839,876,000","1,570,251,000","798,516,000","844,727,000","848,909,000","939,561,000","978,683,000","879,229,000","788,077,000","830,331,000","826,196,000","873,145,000","801,122,000","838,383,000","755,955,000","793,802,000","746,201,000","760,494,000","706,227,000","680,928,000","739,223,000","809,424,000","723,194,000","681,659,000","356,133,000","304,636,000","280,592,000","276,011,000","278,260,000","275,747,000","254,812,000","280,677,000","277,228,000","285,713,000","246,373,000","247,929,000","244,750,000","238,155,000","218,564,000","202,844,000","204,519,000","195,933,000","174,018,000","170,415,000","163,968,000","173,585,000","162,464,000","160,100,000","158,906,000","172,788,000","139,975,000","133,013,000","125,956,000","100,563,000","128,103,000","134,123,000","131,969,000","127,058,000","128,593,000","142,608,000","129,979,000","133,539,000","122,474,000","112,084,000","111,024,000","98,492,000","95,700,000","95,100,000","90,100,000","91,200,000","87,200,000","85,000,000","78,000,000","83,300,000","75,300,000","66,100,000","63,600,000","58,500,000","57,100,000","57,400,000",,,,,,,,,
NetIncomeFromContinuingAndDiscontinuedOperation,"-42,758,000","-10,575,000","7,238,000","-9,070,000","-30,351,000","-73,519,000","-68,116,000","-33,489,000","-277,314,000","-75,069,000","-13,846,000","42,701,000","18,088,000","-199,612,000","-30,945,000","-14,676,000","-76,534,000","-304,830,000","-113,252,000","-5,378,000","-1,931,000","-126,824,000","29,332,000","34,807,000","19,734,000","-1,083,655,000","-88,649,000","61,612,000","62,732,000","82,839,000","-39,832,000","67,446,000","128,243,000","42,304,000","35,393,000","49,516,000","79,043,000","65,602,000","75,223,000","80,191,000","76,332,000","106,251,000","65,903,000","58,488,000","50,215,000","52,343,000","44,644,000","41,540,000","11,372,000","24,672,000","5,600,000","19,451,000","18,039,000","22,132,000","21,128,000","24,976,000","24,831,000","19,410,000","16,717,000","17,230,000","13,917,000","14,226,000","10,801,000","12,611,000","9,433,000","10,955,000","9,347,000","7,044,000","7,169,000","5,038,000","-2,141,000","5,672,000","2,859,000","1,197,000","2,656,000","7,289,000","7,080,000","8,710,000","7,906,000","10,055,000","10,046,000","14,536,000","11,836,000","10,104,000","12,961,000","11,768,000","10,002,000","9,173,000","8,271,000","9,402,000","8,800,000","8,200,000","8,200,000","9,100,000","8,400,000","8,000,000","7,600,000","7,900,000","5,900,000","5,700,000","4,500,000","4,400,000","3,700,000","2,600,000","1,800,000","2,500,000","2,400,000","2,400,000","2,400,000","300,000","400,000","400,000","400,000"
NormalizedIncome,"-17,245,400","-8,032,800","12,952,912","-633,390","-15,646,610","-15,732,930","-32,094,880","-23,280,680","-81,804,670","-1,883,428.573","34,269,740","36,710,430","22,907,000","21,691,714.425","-29,246,290","3,537,500","-72,543,658","43,039,330.082","27,781,506","19,730,928","11,019,000","126,602,485.207","50,351,859","44,893,232","24,323,190","-478,973,000.385","62,109,400","61,612,000","64,733,237","82,839,000","-39,832,000","67,579,084","43,035,688","59,130,540.84","38,525,127","50,354,178","79,832,750","89,594,503.383","75,383,000","81,100,320","76,668,265","107,955,251.158","67,242,193.042","59,301,976.714","51,200,711.016","54,816,850.762","45,674,242.939","42,677,336.669","22,868,550","24,996,000","18,053,000","20,692,483.61","21,521,000","23,216,982.059","20,596,726.845","26,069,000","26,034,000","21,306,000","17,923,000","18,702,000","17,811,000","14,226,000","14,355,228.948","12,611,000","9,433,000","10,955,000","9,347,000","7,044,000","7,169,000","4,870,000","3,939,000","4,895,000","2,105,000","1,220,000","2,637,000","7,916,000","7,637,000","9,569,000","7,906,000","10,055,000","10,046,000","14,536,000","11,836,000","13,322,070.089","12,961,000","11,768,000","10,002,000","9,173,000","8,271,000","9,423,379.615","9,340,350.877","8,200,000","8,200,000","9,100,000","8,400,000","8,000,000","7,600,000","7,300,000","5,900,000","4,903,225.806","4,500,000","4,400,000","3,700,000","2,600,000","1,800,000","1,300,000","1,300,000","1,300,000","1,300,000","1,100,000","1,100,000","1,100,000","1,100,000"
InterestExpense,"135,861,000","30,801,000","32,319,000","34,183,000","38,558,000","39,053,000","44,881,000","52,506,000","34,957,000","26,060,000","33,178,000","35,400,000","27,491,000","31,104,000","29,309,000","28,714,000","25,493,000","27,213,000","25,836,000","25,375,000","21,018,000","24,780,000","19,698,000","17,896,000","18,126,000","18,502,000","15,792,000","15,631,000","18,116,000","14,059,000","13,573,000","15,386,000","42,360,000","17,625,000","30,115,000","20,321,000","19,710,000","17,488,000","16,768,000","16,668,000","17,232,000","18,462,000","14,543,000","17,671,000","26,462,000","22,440,000","21,869,000","23,459,000","11,791,000","10,270,000","7,768,000","5,501,000","5,326,000",,,,,,,,,,,,,,,,,,,,,,,,,,,,,,,,,,,,,,,,,,,,,,,,,,,,,,,,,,,,
NetInterestIncome,"-135,861,000","-30,801,000","-32,319,000","-34,183,000","-38,558,000","-39,053,000","-44,881,000","-52,506,000","-34,957,000","-26,060,000","-33,178,000","-35,400,000","-27,491,000","-31,104,000","-29,309,000","-28,714,000","-25,493,000","-27,213,000","-25,836,000","-25,375,000","-21,018,000","-24,780,000","-19,698,000","-17,896,000","-18,126,000","-18,502,000","-15,792,000","-15,631,000","-18,116,000","-14,059,000","-13,573,000","-15,386,000","-42,360,000","-17,625,000","-30,115,000","-20,321,000","-19,710,000","-17,488,000","-16,768,000","-16,668,000","-17,232,000","-18,462,000","-14,543,000","-17,671,000","-26,462,000","-22,440,000","-21,869,000","-23,459,000","-11,791,000","-10,270,000","-7,768,000","-5,501,000","-5,326,000",,,,,,,,,,,,,,,,,,,,,,,,,,,,,,,,,,,,,,,,,,,,,,,,,,,,,,,,,,,,
EBIT,"98,026,000","21,043,000","40,662,000","26,900,000","9,421,000","-33,968,000","-22,537,000","19,849,000","-241,504,000","-55,688,000","15,650,000","89,453,000","50,386,000","-176,673,000","-413,000","14,523,000","-50,010,000","-279,959,000","-119,704,000","18,848,000","18,409,000","-115,490,000","55,166,000","70,486,000","46,726,000","-1,182,769,000","-126,250,000","110,047,000","107,866,000","140,717,000","-61,266,000","114,698,000","240,524,000","80,908,000","84,779,000","92,971,000","141,346,000","112,966,000","134,360,000","142,947,000","140,942,000","183,239,000","117,640,000","108,456,000","105,380,000","108,410,000","86,659,000","86,117,000","32,850,000","47,345,000","32,938,000","37,167,000","37,870,000","35,441,000","30,431,000","42,714,000","43,328,000","35,502,000","28,726,000","31,843,000","30,254,000","25,295,000","23,777,000","23,278,000","18,303,000","15,937,000","13,203,000","13,218,000","13,729,000","8,289,000","8,814,000","9,880,000","6,447,000","2,967,000","6,840,000","12,103,000","14,673,000","17,944,000","15,244,000","18,769,000","18,666,000","21,456,000","20,704,000","18,819,000","23,553,000","23,354,000","20,689,000","19,479,000","17,972,000","17,707,000","14,700,000","15,200,000","14,800,000","16,300,000","14,800,000","14,500,000","13,100,000","13,000,000","10,900,000","9,000,000","8,300,000","8,200,000","7,600,000","6,500,000","55,200,000","-123,800,000","46,700,000","46,700,000","46,700,000","-109,500,000","41,100,000","41,000,000","41,000,000"
EBITDA,"147,661,000"
ReconciledCostOfRevenue,"1,073,063,000","284,722,000","232,328,000","262,335,000","293,678,000","359,598,000","340,753,000","382,072,000","393,843,000","556,642,000","546,282,000","622,236,000","582,233,000","716,958,000","713,274,000","724,475,000","770,214,000","711,640,000","612,207,000","579,864,000","627,346,000","636,918,000","653,198,000","673,432,000","726,388,000","1,442,562,000","691,812,000","730,831,000","732,094,000","817,222,000","867,970,000","771,445,000","684,816,000","724,310,000","719,703,000","771,318,000","696,471,000","744,756,000","663,800,000","703,654,000","651,277,000","696,794,000","618,602,000","591,206,000","648,791,000","709,320,000","630,612,000","594,075,000","297,856,000","250,374,000","228,988,000","223,501,000","224,348,000","221,387,000","204,398,000","228,557,000","223,402,000","229,623,000","198,236,000","199,325,000","193,483,000","188,367,000","173,898,000","162,403,000","163,038,000","157,866,000","137,734,000","136,506,000","129,767,000","137,722,000","126,895,000","126,338,000","125,974,000","133,900,000","112,881,000","106,503,000","100,290,000","82,735,000","101,212,000","108,604,000","105,292,000","99,722,000","103,259,000","112,336,000","105,392,000","104,786,000","96,496,000","89,288,000","87,642,000","77,122,000","75,400,000","76,400,000","71,900,000","73,200,000","70,300,000","68,300,000","63,000,000","68,100,000","61,400,000","53,000,000","50,700,000","47,600,000","43,600,000","45,500,000",,,,,,,,,
ReconciledDepreciation,"49,635,000","9,600,000","11,659,000","12,945,000","15,431,000","20,515,000","22,119,000","22,098,000","28,602,000","34,056,000","29,843,000","30,219,000","44,050,000","35,555,000","37,404,000","38,133,000","38,812,000","39,050,000","39,319,000","40,868,000","39,131,000","41,866,000","44,332,000","45,286,000","45,462,000","50,618,000","41,028,000","42,575,000","43,534,000","41,950,000","39,808,000","39,014,000","37,551,000","43,996,000","44,103,000","38,244,000","37,934,000","33,362,000","32,331,000","31,998,000","31,815,000","40,261,000","30,131,000","29,466,000","29,467,000","32,128,000","25,652,000","27,080,000","14,797,000","13,560,000","12,485,000","14,297,000","14,076,000","12,326,000","11,727,000","11,967,000","12,591,000","11,895,000","11,154,000","10,861,000","10,926,000","10,624,000","10,333,000","8,976,000","8,931,000","8,173,000","8,277,000","8,196,000","8,140,000","8,127,000","7,730,000","7,694,000","7,754,000","8,148,000","7,219,000","6,748,000","6,595,000","5,083,000","6,926,000","6,331,000","6,462,000","5,895,000","5,684,000","5,258,000","5,260,000","7,096,000","6,821,000","6,194,000","6,415,000","5,297,000","5,100,000","4,800,000","4,800,000","4,000,000","4,200,000","3,400,000","2,900,000","2,800,000","2,600,000","2,000,000","1,900,000","1,700,000","1,700,000","1,600,000",,,,,,,,,
NetIncomeFromContinuingOperationNetMinorityInterest,"-42,758,000","-10,575,000","7,238,000","-9,070,000","-30,351,000","-73,519,000","-68,116,000","-33,489,000","-277,314,000","-75,069,000","-13,846,000","42,701,000","18,088,000","-199,612,000","-30,945,000","-14,676,000","-76,534,000","-304,830,000","-113,252,000","-5,378,000","-1,931,000","-126,824,000","29,332,000","34,807,000","19,734,000","-1,083,655,000","-88,649,000","61,612,000","62,732,000","82,839,000","-39,832,000","67,446,000","128,243,000","42,304,000","35,393,000","49,516,000","79,043,000","65,602,000","75,223,000","80,191,000","76,332,000","106,251,000","65,903,000","58,564,000","50,904,000","54,030,000","44,980,000","41,821,000","11,580,000","24,996,000","18,053,000","20,718,000","21,521,000","23,763,000","21,946,000","26,069,000","26,034,000","21,306,000","17,923,000","18,702,000","17,811,000","14,226,000","10,801,000","12,611,000","9,433,000","10,955,000","9,347,000","7,044,000","7,169,000","4,870,000","3,939,000","4,895,000","2,105,000","1,220,000","2,637,000","7,916,000","7,637,000","9,569,000","7,906,000","10,055,000","10,046,000","14,536,000","11,836,000","10,104,000","12,961,000","11,768,000","10,002,000","9,173,000","8,271,000","9,402,000","8,800,000","8,200,000","8,200,000","9,100,000","8,400,000","8,000,000","7,600,000","7,900,000","5,900,000","5,700,000","4,500,000","4,400,000","3,700,000","2,600,000","1,800,000","1,300,000","1,300,000","1,300,000","1,300,000","1,100,000","1,100,000","1,100,000","1,100,000"
TotalUnusualItemsExcludingGoodwill,"-42,521,000","-4,237,000","-6,584,000","-11,557,000","-20,143,000","-79,159,000","-49,344,000","-13,984,000","-267,821,000","-79,697,000","-60,906,000","7,583,000","-6,100,000","-230,356,000","-2,327,000","-24,950,000","-4,047,000","-350,542,000","-181,277,000","-30,472,000","-17,500,000","-280,295,000","-25,417,000","-15,236,000","-6,651,000","-670,312,000","-241,600,000","0","-2,863,000","0","0","-196,000","131,696,000","-25,171,000","-4,841,000","-1,229,000","-1,215,000","-34,919,000","-250,000","-1,432,000","-545,000","-2,643,000","-2,095,000","-1,144,000","-460,000","-1,252,000","-1,000,000","-1,283,000","-17,367,000","0","0","39,000",,"803,000","1,777,000",,,,,,,"0","-5,088,000",,,,,,,,,,,,,,,,,,,"0",,"-5,044,000",,,,,,"-34,000","-700,000",,,,,,,"1,000,000",,"1,300,000",,,,,,,,,,,,,
TotalUnusualItems,"-42,521,000","-4,237,000","-6,584,000","-11,557,000","-20,143,000","-79,159,000","-49,344,000","-13,984,000","-267,821,000","-79,697,000","-60,906,000","7,583,000","-6,100,000","-230,356,000","-2,327,000","-24,950,000","-4,047,000","-350,542,000","-181,277,000","-30,472,000","-17,500,000","-280,295,000","-25,417,000","-15,236,000","-6,651,000","-670,312,000","-241,600,000","0","-2,863,000","0","0","-196,000","131,696,000","-25,171,000","-4,841,000","-1,229,000","-1,215,000","-34,919,000","-250,000","-1,432,000","-545,000","-2,643,000","-2,095,000","-1,144,000","-460,000","-1,252,000","-1,000,000","-1,283,000","-17,367,000","0","0","39,000",,"803,000","1,777,000",,,,,,,"0","-5,088,000",,,,,,,,,,,,,,,,,,,"0",,"-5,044,000",,,,,,"-34,000","-700,000",,,,,,,"1,000,000",,"1,300,000",,,,,,,,,,,,,
NormalizedEBITDA,"190,182,000","34,880,000","58,905,000","51,402,000","44,995,000","65,706,000","48,926,000","55,931,000","54,919,000","58,065,000","106,399,000","112,089,000","100,536,000","89,238,000","39,318,000","77,607,000","-7,151,000","109,633,000","100,893,000","90,188,000","75,040,000","206,671,000","124,915,000","131,008,000","98,839,000","-461,839,000","156,378,000","152,622,000","154,263,000","182,667,000","-21,458,000","153,908,000","146,379,000","150,075,000","133,723,000","132,444,000","180,495,000","181,247,000","166,941,000","176,377,000","173,302,000","226,143,000","149,866,000","139,066,000","135,307,000","141,790,000","113,311,000","114,480,000","65,014,000","60,905,000","45,423,000","51,425,000","51,946,000","46,964,000","40,381,000","55,099,000","55,919,000","47,397,000","39,880,000","42,704,000","41,180,000","35,919,000","39,198,000","32,254,000","27,234,000","24,110,000","21,480,000","21,414,000","21,869,000","16,416,000","16,544,000","17,574,000","14,201,000","11,115,000","14,059,000","18,851,000","21,268,000","23,027,000","22,170,000","25,100,000","25,128,000","27,351,000","26,388,000","29,121,000","28,813,000","30,450,000","27,510,000","25,673,000","24,387,000","23,038,000","20,500,000","20,100,000","19,600,000","20,300,000","19,000,000","17,900,000","16,000,000","14,800,000","13,500,000","9,700,000","10,200,000","9,900,000","9,300,000","8,100,000","55,200,000","-123,800,000","46,700,000","46,700,000","46,700,000","-109,500,000","41,100,000","41,000,000","41,000,000"
TaxRateForCalcs,"0.4","0.4","0.132","0.27","0.27","0.27","0.27","0.27","0.27","0.082","0.21","0.21","0.21","0.039","0.27","0.27","0.014","0.008","0.222","0.176","0.26","0.096","0.173","0.338","0.31","0.098","0.376","0.347","0.301","0.346","0.35","0.321","0.353","0.332","0.353","0.318","0.35","0.313","0.36","0.365","0.383","0.355","0.361","0.355","0.355","0.372","0.306","0.333","0.35","0.326","0.283","0.346","0.339","0.32","0.241","0.342","0.348","0.35","0.295","0.339","0.341","0.341","0.301","0.353","0.353","0.148","0.076","0.299","0.32","0.01","0.3","0.266","0.34","0.4","0.288","0.136","0.355","0.355","0.355","0.355","0.355","0.21","0.314","0.362","0.362","0.357","0.323","0.37","0.37","0.371","0.228","0.364","0.364","0.372","0.368","0.389","0.392","0.4","0.392","0.387","0.392","0.4","0.4","0.4","0.4","0.4","0.4","0.4","0.4","0.4","0.4","0.4","0.4"
TaxEffectOfUnusualItems,"-17,008,400","-1,694,800","-869,088","-3,120,390","-5,438,610","-21,372,930","-13,322,880","-3,775,680","-72,311,670","-6,511,428.573","-12,790,260","1,592,430","-1,281,000","-9,052,285.575","-628,290","-6,736,500","-56,658","-2,672,669.918","-40,243,494","-5,363,072","-4,550,000","-26,868,514.793","-4,397,141","-5,149,768","-2,061,810","-65,630,000.385","-90,841,600","0","-861,763","0","0","-62,916","46,488,688","-8,344,459.16","-1,708,873","-390,822","-425,250","-10,926,496.617","-90,000","-522,680","-208,735","-938,748.842","-755,806.958","-406,023.286","-163,288.984","-465,149.238","-305,757.061","-426,663.331","-6,078,450","0","0","13,483.61","0","256,982.059","427,726.845","0","0","0","0","0","0","0","-1,533,771.052","0","0","0","0","0","0","0","0","0","0","0","0","0","0","0","0","0","0","0","0","-1,825,929.911","0","0","0","0","0","-12,620.385","-159,649.123","0","0","0","0","0","0","400,000","0","503,225.806","0","0","0","0","0","0","0","0","0","0","0","0","0"