name,ttm,03/31/2022,12/31/2021,09/30/2021,06/30/2021,03/31/2021,12/31/2020,09/30/2020,06/30/2020,03/31/2020,12/31/2019,09/30/2019,06/30/2019,03/31/2019,12/31/2018,09/30/2018,06/30/2018,03/31/2018,12/31/2017,09/30/2017,06/30/2017,03/31/2017,12/31/2016,09/30/2016,06/30/2016,03/31/2016,12/31/2015,09/30/2015,06/30/2015,03/31/2015,12/31/2014,09/30/2014,06/30/2014,03/31/2014,12/31/2013,09/30/2013,06/30/2013,03/31/2013,12/31/2012,09/30/2012,06/30/2012,03/31/2012,12/31/2011,09/30/2011,06/30/2011,03/31/2011,12/31/2010,09/30/2010,06/30/2010,03/31/2010,12/31/2009,09/30/2009,06/30/2009,03/31/2009,12/31/2008,09/30/2008,06/30/2008,03/31/2008,12/31/2007,09/30/2007,06/30/2007,03/31/2007,12/31/2006,09/30/2006,06/30/2006,03/31/2006,12/31/2005,09/30/2005,06/30/2005,03/31/2005,12/31/2004,09/30/2004,06/30/2004,03/31/2004,12/31/2003,09/30/2003,06/30/2003,03/31/2003,12/31/2002,09/30/2002,06/30/2002,03/31/2002,12/31/2001,09/30/2001,06/30/2001,03/31/2001,12/31/2000,09/30/2000,06/30/2000,03/31/2000,12/31/1999,09/30/1999,06/30/1999,03/31/1999,12/31/1998,09/30/1998,06/30/1998,03/31/1998,12/31/1997,09/30/1997,06/30/1997,03/31/1997,12/31/1996,09/30/1996,06/30/1996,03/31/1996,12/31/1995,09/30/1995,06/30/1995,03/31/1995,12/31/1994,09/30/1994,06/30/1994,03/31/1994,12/31/1993,09/30/1993,06/30/1993,03/31/1993,12/31/1992,09/30/1992,06/30/1992,03/31/1992,12/31/1991,09/30/1991,06/30/1991,03/31/1991,12/31/1990,09/30/1990,06/30/1990,03/31/1990,12/31/1989,09/30/1989,06/30/1989,03/31/1989,12/31/1988,09/30/1988,06/30/1988,03/31/1988,12/31/1987,09/30/1987,06/30/1987,03/31/1987,12/31/1986,09/30/1986,06/30/1986,03/31/1986,12/31/1985,09/30/1985
TotalRevenue,"3,038,165,000","774,123,000","774,647,000","756,487,000","732,908,000","727,051,000","937,575,000","738,389,000","577,627,000","684,189,000","693,955,000","551,857,000","536,932,000","516,753,000","642,136,000","538,976,000","524,080,000","502,090,000","490,323,000","464,264,000","489,369,000","778,471,000","887,416,000","860,265,000","811,785,000","781,732,000","649,708,000","807,086,000","1,521,392,000","1,472,765,000","1,700,967,000","1,443,137,000","1,460,004,000","1,404,066,000","1,368,038,000","1,252,890,000","1,302,699,000","1,237,735,000","1,518,309,000","1,309,261,000","1,307,040,000","1,218,587,000","1,387,755,000","1,266,034,000","1,334,939,000","1,251,261,000","1,461,615,000","1,312,335,000","1,365,143,000","1,322,405,000","1,485,339,000","1,336,583,000","1,412,593,000","1,378,478,000","1,735,482,000","1,637,310,000","1,717,989,000","1,676,869,000","1,856,485,000","1,812,756,000","1,928,225,000","1,871,195,000","2,208,349,000","1,914,555,000","2,027,909,000","1,882,541,000","2,054,954,000","1,864,903,000","1,936,477,000","1,792,097,000","1,962,412,000","1,815,884,000","1,873,303,000","1,729,684,000","1,822,304,000","1,631,283,000","1,705,283,000","1,552,245,000","1,692,417,000","1,580,928,000","1,624,296,000","1,524,608,000","1,624,137,000","1,517,928,000","1,627,232,000","1,574,948,000","1,768,386,000","1,599,289,000","1,490,200,000","1,364,443,000","1,310,600,000","1,358,200,000","1,343,300,000","1,248,100,000","1,391,200,000","1,226,100,000","1,304,100,000","1,199,900,000","1,318,800,000","1,146,100,000","1,187,800,000","1,076,800,000","1,111,500,000","1,117,700,000","1,208,700,000","1,104,200,000","1,146,700,000","932,300,000","1,013,900,000","913,800,000","1,048,600,000","932,400,000","966,900,000","876,600,000","982,600,000","876,500,000","937,800,000","844,700,000","935,100,000","848,600,000","892,100,000","793,100,000","901,200,000","819,700,000","874,600,000","786,500,000","904,500,000","829,900,000","893,800,000","813,400,000","968,600,000","827,900,000","904,200,000","817,600,000","905,300,000","804,300,000","846,900,000","757,900,000","835,300,000","751,100,000","789,800,000","703,200,000","781,500,000","689,100,000","716,200,000","614,700,000","619,500,000","550,300,000"
	OperatingRevenue,"3,000,175,000","764,086,000","762,622,000","747,916,000","725,551,000","718,999,000","929,700,000","731,776,000","570,102,000","675,342,000","715,657,000","546,199,000","536,932,000","516,753,000","661,537,000","532,725,000","524,080,000","502,090,000","490,323,000","464,264,000","489,369,000","778,471,000","887,416,000","860,265,000","811,785,000","781,732,000","649,708,000","807,086,000","1,521,392,000","1,472,765,000","1,700,967,000","1,443,137,000","1,460,004,000","1,404,066,000","1,368,038,000","1,252,890,000","1,302,699,000","1,237,735,000","1,518,309,000","1,309,261,000","1,307,040,000","1,218,587,000","1,387,755,000","1,266,034,000","1,334,939,000","1,251,261,000","1,461,615,000","1,312,335,000","1,365,143,000","1,322,405,000","1,485,339,000","1,336,583,000","1,412,593,000","1,378,478,000","1,735,482,000","1,637,310,000","1,717,989,000","1,676,869,000","1,856,485,000","1,812,756,000","1,928,225,000","1,871,195,000","2,208,349,000","1,914,555,000","2,027,909,000","1,882,541,000","2,054,954,000","1,864,903,000","1,936,477,000","1,792,097,000","1,962,412,000","1,815,884,000","1,873,303,000","1,729,684,000","1,822,304,000","1,631,283,000","1,705,283,000","1,552,245,000","1,692,417,000","1,580,928,000","1,624,296,000","1,524,608,000","1,624,137,000","1,517,928,000","1,627,232,000","1,574,948,000","1,768,386,000","1,599,289,000","1,490,200,000","1,364,443,000","1,310,600,000","1,358,200,000","1,343,300,000","1,248,100,000","1,391,200,000","1,226,100,000","1,304,100,000","1,199,900,000","1,318,800,000","1,146,100,000","1,187,800,000","1,076,800,000","1,111,500,000","1,117,700,000","1,208,700,000","1,104,200,000","1,146,700,000","932,300,000","1,013,900,000","913,800,000","1,048,600,000","932,400,000","966,900,000","876,600,000","982,600,000","876,500,000","937,800,000","844,700,000","935,100,000","848,600,000","892,100,000","793,100,000","901,200,000","819,700,000","874,600,000","786,500,000","904,500,000","829,900,000","893,800,000","813,400,000","968,600,000","827,900,000","904,200,000","817,600,000","905,300,000","804,300,000","846,900,000","757,900,000","835,300,000","751,100,000","789,800,000","703,200,000","781,500,000","689,100,000","716,200,000","614,700,000","619,500,000","550,300,000"
CostOfRevenue,"1,615,517,000","411,450,000","407,198,000","399,751,000","397,118,000","394,692,000","399,367,000","379,185,000","355,367,000","369,368,000","355,159,000","306,474,000","285,293,000","281,311,000","271,990,000","271,156,000","264,294,000","258,493,000","237,153,000","235,474,000","229,683,000","295,809,000","273,874,000","261,065,000","255,472,000","248,256,000","130,386,000","256,941,000","710,865,000","700,639,000","748,119,000","757,301,000","775,627,000","767,532,000","722,487,000","713,369,000","726,869,000","719,724,000","779,777,000","720,941,000","720,889,000","722,240,000","782,040,000","721,888,000","739,654,000","717,515,000","755,451,000","747,416,000","745,489,000","748,559,000","801,484,000","796,984,000","867,312,000","839,004,000","1,052,685,000","985,004,000","988,538,000","986,500,000","1,027,630,000","1,026,041,000","1,052,476,000","1,074,270,000","1,196,747,000","1,070,148,000","1,096,263,000","1,075,078,000","1,089,209,000","1,020,307,000","1,000,720,000","974,425,000","983,086,000","952,349,000","946,552,000","939,448,000","911,087,000","849,088,000","856,972,000","836,622,000","804,945,000","820,131,000","810,361,000","818,566,000","831,745,000","824,839,000","824,030,000","839,547,000","820,730,000","820,171,000","715,655,000","700,696,000","614,300,000","686,700,000","646,200,000","661,400,000","655,900,000","648,300,000","646,800,000","643,000,000","624,000,000","602,400,000","575,600,000","566,500,000","526,600,000","627,300,000","640,500,000","641,200,000","629,700,000","546,200,000","542,400,000","534,200,000","550,300,000","524,000,000","516,100,000","516,400,000","532,600,000","507,300,000","517,900,000","509,400,000","529,800,000","505,000,000","502,400,000","487,400,000","514,300,000","505,200,000","506,600,000","496,300,000","510,400,000","491,000,000","498,100,000","484,000,000","537,700,000","481,900,000","492,800,000",,,,,,,,,,,,,,,
GrossProfit,"1,422,648,000","362,673,000","367,449,000","356,736,000","335,790,000","332,359,000","538,208,000","359,204,000","222,260,000","314,821,000","338,796,000","245,383,000","251,639,000","235,442,000","370,146,000","267,820,000","259,786,000","243,597,000","253,170,000","228,790,000","259,686,000","482,662,000","613,542,000","599,200,000","556,313,000","533,476,000","519,322,000","550,145,000","810,527,000","772,126,000","952,848,000","685,836,000","684,377,000","636,534,000","645,551,000","539,521,000","575,830,000","518,011,000","738,532,000","588,320,000","586,151,000","496,347,000","605,715,000","544,146,000","595,285,000","533,746,000","706,164,000","564,919,000","619,654,000","573,846,000","683,855,000","539,599,000","545,281,000","539,474,000","682,797,000","652,306,000","729,451,000","690,369,000","828,855,000","786,715,000","875,749,000","796,925,000","1,011,602,000","844,407,000","931,646,000","807,463,000","965,745,000","844,596,000","935,757,000","817,672,000","979,326,000","863,535,000","926,751,000","790,236,000","911,217,000","782,195,000","848,311,000","715,623,000","887,472,000","760,797,000","813,935,000","706,042,000","792,392,000","693,089,000","803,202,000","735,401,000","947,656,000","779,118,000","774,545,000","663,747,000","696,300,000","671,500,000","697,100,000","586,700,000","735,300,000","577,800,000","657,300,000","556,900,000","694,800,000","543,700,000","612,200,000","510,300,000","584,900,000","490,400,000","568,200,000","463,000,000","517,000,000","386,100,000","471,500,000","379,600,000","498,300,000","408,400,000","450,800,000","360,200,000","450,000,000","369,200,000","419,900,000","335,300,000","405,300,000","343,600,000","389,700,000","305,700,000","386,900,000","314,500,000","368,000,000","290,200,000","394,100,000","338,900,000","395,700,000","329,400,000","430,900,000","346,000,000","411,400,000",,,,,,,,,,,,,,,
OperatingExpense,"608,167,000","153,594,000","157,948,000","144,882,000","151,743,000","137,852,000","143,984,000","134,405,000","147,279,000","147,798,000","156,008,000","138,630,000","113,133,000","109,806,000","119,474,000","116,541,000","111,977,000","106,582,000","103,977,000","104,376,000","108,256,000","327,103,000","320,569,000","320,210,000","325,991,000","331,557,000","262,940,000","333,788,000","521,366,000","528,814,000","565,682,000","408,698,000","413,100,000","417,720,000","388,868,000","361,943,000","368,450,000","362,169,000","410,139,000","366,890,000","364,536,000","355,901,000","380,262,000","345,985,000","347,137,000","347,474,000","362,432,000","341,586,000","347,045,000","355,662,000","378,319,000","343,390,000","355,132,000","373,281,000","-2,078,700,000","393,125,000","-1,404,095,000","362,738,000","456,198,000","383,868,000","392,503,000","397,722,000","425,527,000","389,434,000","393,763,000","388,157,000","388,078,000","371,388,000","376,251,000","362,178,000","366,053,000","351,359,000","350,370,000","344,387,000","331,796,000","319,733,000","320,169,000","304,630,000","318,537,000","310,137,000","309,730,000","303,533,000","353,556,000","356,491,000","356,840,000","367,362,000","363,584,000","358,133,000","319,864,000","306,229,000","234,300,000","301,500,000","277,900,000","274,800,000","282,500,000","265,100,000","267,500,000","268,700,000","281,600,000","259,000,000","254,700,000","249,400,000","248,200,000","249,900,000","265,900,000","265,000,000","238,200,000","216,700,000","225,200,000","222,500,000","245,800,000","221,100,000","220,200,000","217,700,000","219,800,000","206,300,000","218,700,000","215,200,000","211,800,000","201,700,000","213,100,000","200,500,000","204,100,000","197,200,000","205,700,000","193,700,000","196,500,000","188,200,000","202,600,000","191,800,000","201,000,000","180,000,000","195,800,000",,,,,,,,,,,,,,,
	SellingGeneralAndAdministration,"481,666,000","123,289,000","125,929,000","112,316,000","120,132,000","106,196,000","109,688,000","101,206,000","113,320,000","114,682,000","122,740,000","108,231,000","89,777,000","86,200,000","97,072,000","94,232,000","90,154,000","86,329,000","85,232,000","83,795,000","89,550,000","274,998,000","269,276,000","268,415,000","275,112,000","281,034,000","215,368,000","283,564,000","439,094,000","447,244,000","483,361,000","347,123,000","353,779,000","355,213,000","341,451,000","315,677,000","320,615,000","314,115,000","360,422,000","318,385,000","316,301,000","308,319,000","331,741,000","297,001,000","297,196,000","297,547,000","310,366,000","289,443,000","292,691,000","299,759,000","320,720,000","284,111,000","293,102,000","309,380,000","355,207,000","328,320,000","299,539,000","294,896,000","315,279,000","313,654,000","320,636,000","325,296,000","355,540,000","320,062,000","325,275,000","319,234,000","319,551,000","303,651,000","301,496,000","297,470,000","306,125,000","290,707,000","288,286,000","283,030,000","274,161,000","259,147,000","262,917,000","248,571,000","262,893,000","253,735,000","254,534,000","248,331,000","245,102,000","244,308,000","246,324,000","254,738,000","254,083,000","254,542,000","237,415,000","225,855,000","198,800,000","214,400,000","199,300,000","195,900,000","205,400,000","188,100,000","190,900,000","189,200,000","204,900,000","184,100,000","179,800,000","174,800,000","179,900,000","177,000,000","188,600,000","187,600,000","178,900,000","167,000,000","174,800,000","171,800,000","194,200,000","167,400,000","168,500,000","165,900,000","166,700,000","154,500,000","166,200,000","163,000,000","164,600,000","151,600,000","163,100,000","149,900,000","154,300,000","146,700,000","155,900,000","144,000,000","148,800,000","139,400,000","153,800,000","143,200,000","155,500,000","131,700,000","147,500,000",,,,,,,,,,,,,,,
		GeneralAndAdministrativeExpense,"481,666,000","123,289,000","125,929,000","112,316,000","120,132,000","106,196,000","109,688,000","101,206,000","113,320,000","114,682,000","122,740,000","108,231,000","89,777,000","86,200,000","97,072,000","94,232,000","90,154,000","86,329,000","85,232,000","83,795,000","89,550,000",,,,,,,,,,,,,,,,,,,,,,,,,,,,,,,,,,,,,,,,,,,,,,,,,,,,,,,,,,,,,,,,,,,,,,,,,,,,,,,,,,,,,,,,,,,,,,,,,,,,,,,,,,,,,,,,,,,,,,,,,,,,,,,
			OtherGandA,"481,666,000","123,289,000","125,929,000","112,316,000","120,132,000","106,196,000","109,688,000","101,206,000","113,320,000","114,682,000","122,740,000","108,231,000","89,777,000","86,200,000","97,072,000","94,232,000","90,154,000","86,329,000","85,232,000","83,795,000","89,550,000",,,,,,,,,,,,,,,,,,,,,,,,,,,,,,,,,,,,,,,,,,,,,,,,,,,,,,,,,,,,,,,,,,,,,,,,,,,,,,,,,,,,,,,,,,,,,,,,,,,,,,,,,,,,,,,,,,,,,,,,,,,,,,,
		SellingAndMarketingExpense,,,,"100,425,000","96,949,000","89,326,000","97,682,000","89,943,000","85,008,000","92,968,000","102,959,000","78,439,000","73,941,000","71,465,000","86,127,000","76,639,000","78,933,000","73,621,000","72,751,000","70,914,000","75,302,000",,,,,,,,,,,,,,,,,,,,,,,,,,,,,,,,,,,,,,,,,,,,,,,,,,,,,,,,,,,,,,,,,,,,,,,,,,,,,,,,,,,,,,,,,,,,,,,,,,,,,,,,,,,,,,,,,,,,,,,,,,,,,,,
	DepreciationAmortizationDepletionIncomeStatement,"126,501,000","30,305,000","32,019,000","32,566,000","31,611,000","31,656,000","34,296,000","33,199,000","33,959,000","33,116,000","33,268,000","30,399,000","23,356,000","23,606,000","22,402,000","22,309,000","21,823,000","20,253,000","18,745,000","20,581,000","18,706,000","52,105,000","51,293,000","51,795,000","50,879,000","50,523,000","47,572,000","50,224,000","82,272,000","81,570,000","82,321,000","61,575,000","59,321,000","62,507,000","47,417,000","46,266,000","47,835,000","48,054,000","49,717,000","48,505,000","48,235,000","47,582,000","48,521,000","48,984,000","49,941,000","49,927,000","52,066,000","52,143,000","54,354,000","55,903,000","57,599,000","59,279,000","62,030,000","63,901,000","57,458,000","64,805,000","72,093,000","67,842,000","68,889,000","70,214,000","71,867,000","72,426,000","69,987,000","69,372,000","68,488,000","68,923,000","68,527,000","67,737,000","74,755,000","64,708,000","59,928,000","60,652,000","62,084,000","61,357,000","57,635,000","60,586,000","57,252,000","56,059,000","55,644,000","56,402,000","55,196,000","55,202,000","108,454,000","112,183,000","110,516,000","112,624,000","109,501,000","103,591,000","82,449,000","80,374,000","35,500,000","87,100,000","78,600,000","78,900,000","77,100,000","77,000,000","76,600,000","79,500,000","76,700,000","74,900,000","74,900,000","74,600,000","68,300,000","72,900,000","77,300,000","77,400,000","59,300,000","49,700,000","50,400,000","50,700,000","51,600,000","53,700,000","51,700,000","51,800,000","53,100,000","51,800,000","52,500,000","52,200,000","47,200,000","50,100,000","50,000,000","50,600,000","49,800,000","50,500,000","49,800,000","49,700,000","47,700,000","48,800,000","48,800,000","48,600,000","45,500,000","48,300,000","48,300,000",,,,,,,,,,,,,,,
		DepreciationAndAmortizationInIncomeStatement,"126,501,000","30,305,000","32,019,000","32,566,000","31,611,000","31,656,000","34,296,000","33,199,000","33,959,000","33,116,000","33,268,000","30,399,000","23,356,000","23,606,000","22,402,000","22,309,000","21,823,000","20,253,000","18,745,000","20,581,000","18,706,000","52,105,000","51,293,000","51,795,000","50,879,000","50,523,000","47,572,000","50,224,000","82,272,000","81,570,000","82,321,000","61,575,000","59,321,000","62,507,000","47,417,000","46,266,000","47,835,000","48,054,000","49,717,000","48,505,000","48,235,000","47,582,000","48,521,000","48,984,000","49,941,000","49,927,000","52,066,000","52,143,000","54,354,000","55,903,000","57,599,000","59,279,000","62,030,000","63,901,000","57,458,000","64,805,000","72,093,000","67,842,000","68,889,000","70,214,000","71,867,000","72,426,000","69,987,000","69,372,000","68,488,000","68,923,000","68,527,000","67,737,000","74,755,000","64,708,000","59,928,000","60,652,000","62,084,000","61,357,000","57,635,000","60,586,000","57,252,000","56,059,000","55,644,000","56,402,000","55,196,000","55,202,000","108,454,000","112,183,000","110,516,000","112,624,000","109,501,000","103,591,000","82,449,000","80,374,000","35,500,000","87,100,000","78,600,000","78,900,000","77,100,000","77,000,000","76,600,000","79,500,000","76,700,000","74,900,000","74,900,000","74,600,000","68,300,000","72,900,000","77,300,000","77,400,000","59,300,000","49,700,000","50,400,000","50,700,000","51,600,000","53,700,000","51,700,000","51,800,000","53,100,000","51,800,000","52,500,000","52,200,000","47,200,000","50,100,000","50,000,000","50,600,000","49,800,000","50,500,000","49,800,000","49,700,000","47,700,000","48,800,000","48,800,000","48,600,000","45,500,000","48,300,000","48,300,000",,,,,,,,,,,,,,,
			DepreciationIncomeStatement,"64,250,000","15,305,000","16,315,000","16,792,000","15,838,000","15,896,000","17,183,000","16,086,000","16,711,000","16,900,000","15,694,000","15,381,000","14,533,000","14,917,000","14,355,000","14,262,000","13,861,000","13,471,000","13,347,000","15,186,000","13,318,000","23,087,000","22,037,000","22,634,000","22,627,000","22,233,000","19,443,000","21,723,000","49,697,000","49,483,000","49,573,000","46,681,000","44,850,000","44,764,000","37,615,000","38,195,000","38,467,000","38,926,000","40,426,000","40,460,000","40,157,000","39,703,000","40,768,000","41,263,000","42,070,000","41,638,000","44,410,000","44,479,000","46,274,000","47,941,000","49,391,000","50,901,000","53,798,000","55,736,000","48,085,000","57,682,000","65,618,000","59,602,000","59,365,000","61,362,000","63,012,000","63,571,000","60,070,000","60,828,000","60,724,000","61,159,000","60,575,000","60,954,000","70,059,000","60,903,000","56,604,000","57,680,000","59,129,000","58,974,000","55,502,000","58,452,000","55,078,000","54,229,000","53,814,000","54,572,000","53,362,000","53,369,000","47,200,000","50,916,000","51,059,000","53,281,000",,,,,,,,,,,,,,,,,,,,,,,,,,,,,,,,,,,,,,,,,,,,,,,,,,,,,,,,,,,,,,
			Amortization,"62,251,000","15,000,000","15,704,000","15,774,000","15,773,000","15,760,000","17,113,000","17,113,000","17,248,000","16,216,000","17,574,000","15,018,000","8,823,000","8,689,000","8,047,000","8,047,000","7,962,000","6,782,000","5,398,000","5,395,000","5,388,000","29,018,000","29,256,000","29,161,000","28,252,000","28,290,000","28,129,000","28,501,000","32,575,000","32,087,000","32,748,000","14,894,000","14,471,000","17,743,000","9,802,000","8,071,000","9,368,000","9,128,000","9,291,000","8,045,000","8,078,000","7,879,000","7,753,000","7,721,000","7,871,000","8,289,000","7,656,000","7,664,000","8,080,000","7,962,000","8,208,000","8,378,000","8,232,000","8,165,000","9,373,000","7,123,000","6,475,000","8,240,000","9,524,000","8,852,000","8,855,000","8,855,000","9,917,000","8,544,000","7,764,000","7,764,000","7,952,000","6,783,000","4,696,000","3,805,000","3,324,000","2,972,000","2,955,000","2,383,000","2,133,000","2,134,000","2,174,000","1,830,000","1,830,000","1,830,000","1,834,000","1,833,000","61,254,000","61,267,000","59,457,000","59,343,000",,,,,,,,,,,,,,,,,,,,,,,,,,,,,,,,,,,,,,,,,,,,,,,,,,,,,,,,,,,,,,
				AmortizationOfIntangiblesIncomeStatement,"62,251,000","15,000,000","15,704,000","15,774,000","15,773,000","15,760,000","17,113,000","17,113,000","17,248,000","16,216,000","17,574,000","15,018,000","8,823,000","8,689,000","8,047,000","8,047,000","7,962,000","6,782,000","5,398,000","5,395,000","5,388,000","29,018,000","29,256,000","29,161,000","28,252,000","28,290,000","28,129,000","28,501,000","32,575,000","32,087,000","32,748,000","14,894,000","14,471,000","17,743,000","9,802,000","8,071,000","9,368,000","9,128,000","9,291,000","8,045,000","8,078,000","7,879,000","7,753,000","7,721,000","7,871,000","8,289,000","7,656,000","7,664,000","8,080,000","7,962,000","8,208,000","8,378,000","8,232,000","8,165,000","9,373,000","7,123,000","6,475,000","8,240,000","9,524,000","8,852,000","8,855,000","8,855,000","9,917,000","8,544,000","7,764,000","7,764,000","7,952,000","6,783,000","4,696,000","3,805,000","3,324,000","2,972,000","2,955,000","2,383,000","2,133,000","2,134,000","2,174,000","1,830,000","1,830,000","1,830,000","1,834,000","1,833,000","61,254,000","61,267,000","59,457,000","59,343,000",,,,,,,,,,,,,,,,,,,,,,,,,,,,,,,,,,,,,,,,,,,,,,,,,,,,,,,,,,,,,,
	OtherOperatingExpenses,,,,,,,,,,,,,,,,,,,,,,,,,,,,,,,,,,,,,,,,,,,,,,,,,,,,,,,,,"-1,775,727,000",,,,,,,,,,,,,,,,,,,,,,,,,,,,,,,,,,,,,,,,,,,,,,,,,,,,,,,,,,,,,,,,,,,,,,,,,,,,,,,,,,,,,,,,,,,
OperatingIncome,"814,481,000","209,079,000","209,501,000","211,854,000","184,047,000","194,507,000","394,224,000","224,799,000","74,981,000","167,023,000","182,788,000","106,753,000","138,506,000","125,636,000","250,672,000","151,279,000","147,809,000","137,015,000","149,193,000","124,414,000","151,430,000","155,559,000","292,973,000","278,990,000","230,322,000","201,919,000","256,382,000","216,357,000","289,161,000","243,312,000","387,166,000","277,138,000","271,277,000","218,814,000","256,683,000","177,578,000","207,380,000","155,842,000","328,393,000","221,430,000","221,615,000","140,446,000","225,453,000","198,161,000","248,148,000","186,272,000","343,732,000","223,333,000","272,609,000","218,184,000","305,536,000","196,209,000","190,149,000","166,193,000","2,761,497,000","259,181,000","2,133,546,000","327,631,000","372,657,000","402,847,000","483,246,000","399,203,000","586,075,000","454,973,000","537,883,000","419,306,000","577,667,000","473,208,000","559,506,000","455,494,000","613,273,000","512,176,000","576,381,000","445,849,000","579,421,000","462,462,000","528,142,000","410,993,000","568,935,000","450,660,000","504,205,000","402,509,000","438,836,000","336,598,000","446,362,000","368,039,000","584,072,000","420,985,000","454,681,000","357,518,000","462,000,000","370,000,000","419,200,000","311,900,000","452,800,000","312,700,000","389,800,000","288,200,000","413,200,000","284,700,000","357,500,000","260,900,000","336,700,000","240,500,000","302,300,000","198,000,000","278,800,000","169,400,000","246,300,000","157,100,000","252,500,000","187,300,000","230,600,000","142,500,000","230,200,000","162,900,000","201,200,000","120,100,000","193,500,000","141,900,000","176,600,000","105,200,000","182,800,000","117,300,000","162,300,000","96,500,000","197,600,000","150,700,000","193,100,000","137,600,000","229,900,000","166,000,000","215,600,000","817,600,000","-1,721,500,000","804,300,000","846,900,000","757,900,000","-1,583,100,000","751,100,000","789,800,000","703,200,000","-1,423,400,000","689,100,000","716,200,000","614,700,000","-1,085,400,000","550,300,000"
NetNonOperatingInterestIncomeExpense,"-182,785,000","-43,620,000","-46,079,000","-46,477,000","-46,609,000","-46,485,000","-49,561,000","-51,896,000","-51,877,000","-56,960,000","-60,304,000","-52,454,000","-46,327,000","-46,385,000","-47,010,000","-48,226,000","-49,104,000","-47,725,000","-48,171,000","-51,855,000","-54,843,000","-55,416,000","-56,552,000","-57,607,000","-56,141,000","-61,713,000","-66,758,000","-66,949,000","-69,341,000","-70,759,000","-73,517,000","-65,931,000","-64,148,000","-69,648,000","-62,857,000","-41,628,000","-36,174,000","-35,405,000","-38,927,000","-35,829,000","-36,142,000","-39,571,000","-40,831,000","-40,939,000","-44,741,000","-46,629,000","-46,308,000","-41,015,000","-42,190,000","-43,480,000","-44,799,000","-38,065,000","-43,972,000","-48,912,000",,,,,,,,,,,,,,,,,,,,,,,,,,,,,,,,,,,,,,,,,,,,,,,,,,,,,,,,,,,,,,,,,,,,,,,,,,,,,,,,,,,,,,,,,,,,,,
	InterestExpenseNonOperating,"182,785,000","43,620,000","46,079,000","46,477,000","46,609,000","46,485,000","49,561,000","51,896,000","51,877,000","56,960,000","60,304,000","52,454,000","46,327,000","46,385,000","47,010,000","48,226,000","49,104,000","47,725,000","48,171,000","51,855,000","54,843,000","55,416,000","56,552,000","57,607,000","56,141,000","61,713,000","66,758,000","66,949,000","69,341,000","70,759,000","73,517,000","65,931,000","64,148,000","69,648,000","62,857,000","41,628,000","36,174,000","35,405,000","38,927,000","35,829,000","36,142,000","39,571,000","40,831,000","40,939,000","44,741,000","46,629,000","46,308,000","41,015,000","42,190,000","43,480,000","44,799,000","38,065,000","43,972,000","48,912,000",,,,,,,,,,,,,,,,,,,,,,,,,,,,,,,,,,,,,,,,,,,,,,,,,,,,,,,,,,,,,,,,,,,,,,,,,,,,,,,,,,,,,,,,,,,,,,
OtherIncomeExpense,"12,561,000","13,566,000","-1,599,000","192,000","402,000","424,000","-15,347,000","1,334,000","3,076,000","-2,740,000","-1,839,000","-874,000","12,655,000","17,502,000","2,591,000","3,562,000","21,562,000","-13,718,000","10,157,000","-10,358,000","-23,404,000","-7,661,000","-23,043,000","-29,818,000","-12,190,000","5,312,000","74,923,000","-4,129,000","-21,999,000","15,454,000","399,518,000","-22,315,000","124,783,000","-27,077,000","-47,118,000","-11,749,000","-4,865,000","1,426,000","-95,560,000","1,707,000","1,286,000","1,559,000","-33,844,000","-642,000","5,420,000","-2,901,000","-28,707,000","-13,630,000","4,569,000","10,000","-41,925,000","-36,051,000","-27,970,000","-232,000","-5,605,839,000","2,378,000","-2,738,818,000","12,396,000","-31,024,000","5,787,000","12,539,000","-11,947,000","6,056,000","1,700,000","-3,112,000","-176,000","-5,864,000","-5,700,000","-3,039,000","-10,919,000","-5,541,000","-6,496,000","-7,007,000","2,850,000","-7,819,000","-4,573,000","899,000","4,852,000","-10,482,000","-6,015,000","-81,000","-2,292,000","-3,566,000","530,000","528,000","448,000","-22,758,000","-260,000","7,947,000","-1,326,000","-6,300,000","1,600,000","55,300,000","2,400,000","-3,700,000","-900,000","2,500,000","307,400,000","-1,300,000","-1,600,000","-1,000,000","-5,100,000","162,000,000","-3,900,000","-700,000","-1,600,000","4,300,000","1,100,000","-1,200,000","-500,000","12,700,000","-200,000","1,400,000","1,000,000","-1,400,000","3,400,000","1,800,000","1,500,000","1,800,000","2,500,000","1,900,000","1,600,000","-3,100,000","3,200,000","13,600,000","1,200,000","4,400,000","-1,200,000","1,400,000","6,100,000","-12,800,000","-6,400,000","-4,400,000",,,,,,,,,,,,,,,
	EarningsFromEquityInterest,"-12,195,000","-3,811,000","-3,997,000","-1,790,000","-2,597,000","-1,329,000","1,990,000","-2,529,000","1,921,000","9,015,000","-773,000","-491,000","-615,000","12,028,000","-1,288,000","771,000","15,547,000","-1,238,000","11,951,000","866,000","-946,000","-1,469,000","-640,000","-3,549,000","-5,914,000","2,933,000","-941,000","-1,013,000","2,638,000","5,058,000","532,000","1,756,000","156,540,000","8,491,000","14,895,000","11,711,000","9,424,000","7,794,000","6,407,000","3,005,000","8,663,000","4,312,000","-5,797,000","2,563,000","7,973,000","3,458,000","4,063,000","7,041,000","7,503,000","533,000",,"-373,000","2,839,000",,"-116,088,000","5,711,000","-252,793,000","-11,755,000",,,,,,,,,,,,,,,,,,,,,,,,,,,,,,,,,,,,,,,,,,,,,,,,,,,,,,,,,,,,,,,,,,,,,,,,,,,,,,,,,,,,,,,,,,
	SpecialIncomeCharges,"942,000","58,000","-87,000","-504,000","1,475,000","1,423,000","-578,000","2,902,000","116,000","7,515,000","-6,064,000","80,000","4,306,000","7,013,000","2,370,000","3,005,000","6,326,000",,"6,657,000","-7,553,000","-1,350,000","-2,183,000","-13,184,000","-15,218,000","-3,728,000","0","82,047,000","0","-20,795,000","-12,384,000","-46,148,000","-6,621,000","-28,775,000","-14,820,000","-43,077,000","-5,880,000","-4,498,000","-4,785,000","-110,701,000","-1,298,000","-7,377,000","-4,788,000","-15,126,000","-3,205,000","-2,553,000","-6,359,000","-32,770,000","-20,671,000","-2,934,000","-523,000","-45,852,000","-35,678,000","-30,809,000","-232,000","-5,489,751,000","-3,333,000","-2,486,025,000","24,151,000","-71,717,000","5,787,000","12,539,000","-11,947,000","6,056,000","1,700,000","-3,112,000","-176,000","-5,864,000","-5,700,000","-3,039,000","-10,919,000","-5,541,000","-6,496,000","-7,007,000","2,850,000","-7,819,000","-4,573,000","899,000","4,852,000","-10,482,000","-6,015,000","-81,000","-2,292,000","-3,566,000","530,000","528,000","448,000","-22,758,000","-260,000","7,947,000","-1,326,000","-6,300,000","1,600,000","55,300,000","2,400,000","-3,700,000","-900,000","2,500,000","307,400,000","-1,300,000","-1,600,000","-1,000,000","-5,100,000","162,000,000","-3,900,000","-700,000","-1,600,000","4,300,000","1,100,000","-1,200,000","-500,000","12,700,000","-200,000","1,400,000","1,000,000","-1,400,000","3,400,000","1,800,000","1,500,000","1,800,000","2,500,000","1,900,000","1,600,000","-3,100,000","3,200,000","13,600,000","1,200,000","4,400,000","-1,200,000","1,400,000","6,100,000","-12,800,000","-6,400,000","-4,400,000",,,,,,,,,,,,,,,
		ImpairmentOfCapitalAssets,,,,,,,,,,,,,,,,,,,,,,,,,,,,,,,,,,,,,,,,"4,231,000","5,097,000",,,"0",,,,"23,045,000","0",,"46,265,000","39,248,000","47,391,000",,,,,,,,,,,,,,,,,,,,,,,,,,,,,,,,,,,,,,,,,,,,,,,,,,,,,,,,,,,,,,,,,,,,,,,,,,,,,,,,,,,,,,,,,,,,,,,
		WriteOff,,,,,,,,,,,,,,,"-2,370,000","-3,005,000","-6,326,000",,"-6,657,000","7,553,000","1,350,000","2,183,000","13,184,000","15,218,000","3,728,000","0","-82,047,000","0","20,795,000","12,384,000","46,148,000","6,621,000","28,775,000","14,820,000","43,077,000","5,880,000","4,498,000","4,785,000","108,013,000",,,"4,788,000",,,,,,,,,,,,,,,,,,,,,,,,,,,,,,,,,,,,,,,,,,,,,,,,,,,,,,,,,,,,,,,,,,,,,,,,,,,,,,,,,,,,,,,,,,,,,,,,,,,,,,,,,,
		OtherSpecialCharges,"-942,000","-58,000","87,000","504,000","-1,475,000","-1,423,000","578,000","-2,902,000","-116,000","-7,515,000","6,064,000","-80,000","-4,306,000","-7,013,000",,,,,,,,,,,,,,,,,,,,,,,,,,"-2,933,000","2,280,000",,,"3,205,000",,,,"-2,374,000","2,934,000",,"-413,000","-3,570,000","-16,582,000",,,,,,,,,,,,,,,,,,,,,,,,,,,,,,,,,,,,,,,,,,,,,,,,,,,,,,,,,,,,,,,,,,,,,,,,,,,,,,,,,,,,,,,,,,,,,,,
	OtherNonOperatingIncomeExpenses,"23,814,000","17,319,000","2,485,000","2,486,000","1,524,000","330,000","-16,759,000","961,000","1,039,000","-19,270,000","4,998,000","-463,000","8,964,000","-1,539,000","1,509,000","-214,000","-311,000","-12,480,000","-8,451,000","-3,671,000","-21,108,000","-4,009,000","-9,219,000","-11,051,000","-2,548,000","2,379,000","-6,183,000","-3,116,000","-3,842,000","22,780,000","445,134,000","-17,450,000","-2,982,000","-20,748,000","-18,936,000","-17,580,000","-9,791,000","-1,583,000","6,046,000",,,"2,035,000",,,,,,,,,,,,,,,,,,,,,,,,,,,,,,,,,,,,,,,,,,,,,,,,,,,,,,,,,,,,,,,,,,,,,,,,,,,,,,,,,,,,,,,,,,,,,,,,,,,,,,,,,,
PretaxIncome,"644,257,000","179,025,000","161,823,000","165,569,000","137,840,000","148,446,000","329,316,000","174,237,000","26,180,000","107,323,000","120,645,000","53,425,000","104,834,000","96,753,000","206,253,000","106,615,000","120,267,000","75,572,000","111,179,000","62,201,000","73,183,000","92,482,000","213,378,000","191,565,000","161,991,000","145,518,000","264,547,000","145,279,000","197,821,000","188,007,000","713,167,000","188,892,000","331,912,000","122,089,000","146,708,000","124,201,000","166,341,000","121,863,000","193,906,000","187,308,000","186,759,000","102,434,000","150,778,000","156,580,000","208,827,000","136,742,000","268,717,000","168,688,000","234,988,000","174,714,000","218,812,000","122,093,000","118,207,000","117,049,000","-5,387,244,000","214,757,000","-2,424,956,000","291,478,000","366,614,000","345,624,000","429,385,000","314,311,000","516,043,000","381,633,000","467,397,000","354,409,000","515,465,000","412,515,000","508,043,000","399,637,000","571,237,000","469,909,000","537,332,000","416,908,000","543,838,000","424,032,000","492,707,000","379,736,000","525,106,000","404,936,000","463,023,000","371,463,000","408,862,000","288,528,000","385,162,000","288,045,000","488,098,000","344,763,000","439,962,000","336,017,000","423,700,000","345,200,000","460,700,000","297,800,000","430,400,000","294,600,000","372,000,000","572,400,000","387,400,000","259,800,000","331,700,000","230,200,000","475,200,000","202,400,000","263,200,000","156,900,000","262,900,000","161,400,000","234,300,000","144,900,000","251,700,000","176,700,000","221,400,000","132,300,000","215,700,000","152,800,000","189,500,000","110,500,000","184,500,000","133,000,000","164,500,000","92,300,000","161,600,000","99,200,000","159,100,000","82,800,000","184,700,000","132,300,000","175,100,000","125,900,000","196,300,000","138,500,000","187,000,000",,,,,,,,,,,,,,,
TaxProvision,"144,605,000","44,738,000","32,011,000","36,870,000","30,986,000","35,614,000","84,594,000","41,967,000","6,607,000","21,125,000","36,690,000","5,079,000","24,879,000","22,774,000","45,438,000","13,789,000","27,755,000","20,385,000","-192,101,000","11,447,000","23,913,000","28,583,000","69,135,000","58,130,000","47,606,000","42,108,000","83,157,000","37,178,000","66,331,000","60,523,000","18,200,000","48,900,000","106,000,000","52,500,000","41,500,000","26,700,000","39,600,000","5,400,000","78,900,000","38,700,000","51,200,000","26,600,000","26,100,000","44,800,000","43,300,000","38,600,000","84,800,000","55,000,000","49,400,000","55,400,000","77,700,000","36,900,000","39,900,000","39,300,000","-680,600,000","56,700,000","-134,200,000","99,700,000","121,300,000","111,600,000","139,500,000","103,700,000","162,500,000","120,200,000","156,900,000","119,100,000","172,200,000","137,900,000","169,400,000","133,900,000","193,100,000","159,700,000","182,900,000","142,500,000","185,800,000","145,000,000","168,400,000","129,900,000","178,100,000","139,300,000","159,100,000","127,900,000","160,500,000","113,700,000","151,700,000","113,500,000","193,200,000","136,500,000","174,200,000","133,000,000","167,600,000","137,700,000","183,700,000","118,900,000","172,700,000","118,100,000","149,200,000","229,500,000","157,000,000","107,300,000","137,000,000","95,100,000","199,400,000","87,100,000","113,200,000","67,500,000","107,300,000","65,300,000","94,900,000","58,700,000","102,300,000","71,200,000","89,600,000","53,600,000","86,700,000","64,000,000","75,800,000","44,200,000","73,000,000","53,000,000","65,800,000","36,800,000","64,600,000","39,700,000","64,100,000","32,700,000","67,400,000","52,900,000","69,800,000","50,900,000","68,900,000","55,400,000","74,900,000",,,,,,,,,,,,,,,
EarningsFromEquityInterestNetOfTax,,,,,,,,,,,,,,,,,,,,,,,,,,,,,,,,,,,,,,,,,,,,,,,,,"7,503,000",,,,,,,,,,,,,,,,,,,,,,,,,,,,,,,,,,,,,,,,,,,,,,,,,,,,,,,,,,,,,,,,,,,,,,,,,,,,,,,,,,,,,,,,,,,,,,,,,,,
NetIncomeCommonStockholders,"498,442,000","133,986,000","129,509,000","128,396,000","106,627,000","112,545,000","244,304,000","132,219,000","19,947,000","86,308,000","83,955,000","48,346,000","79,955,000","73,979,000","160,815,000","97,151,000","92,512,000","55,187,000","303,625,000","42,757,000","-130,352,000","57,714,000","133,119,000","118,683,000","99,451,000","85,444,000","142,505,000","88,255,000","115,867,000","112,894,000","676,029,000","118,516,000","208,467,000","59,159,000","90,747,000","79,748,000","113,620,000","104,565,000","103,085,000","133,083,000","119,889,000","68,223,000","116,940,000","99,788,000","151,527,000","90,493,000","174,135,000","101,409,000","195,478,000","117,179,000","133,602,000","73,752,000","70,481,000","77,435,000","-4,706,644,000","158,057,000","-2,290,756,000","191,778,000","245,314,000","234,024,000","365,662,000","210,611,000","353,543,000","261,433,000","310,497,000","235,309,000","343,265,000","297,009,000","338,643,000","265,737,000","378,137,000","310,209,000","354,432,000","274,408,000","358,038,000","279,032,000","324,307,000","249,836,000","347,006,000","265,636,000","303,923,000","243,563,000","248,362,000","174,828,000","233,462,000","174,545,000","294,898,000","208,263,000","265,762,000","950,154,000","294,600,000","207,500,000","277,000,000","178,900,000","257,700,000","176,500,000","222,800,000","342,900,000","230,400,000","152,500,000","194,700,000","135,100,000","289,100,000","414,600,000","150,000,000","89,400,000","155,600,000","96,100,000","139,400,000","86,200,000","149,400,000","105,500,000","131,800,000","78,700,000","129,000,000","88,800,000","113,700,000","66,300,000","-34,500,000","80,000,000","98,700,000","55,500,000","97,000,000","59,500,000","95,000,000","50,100,000","117,300,000","79,400,000","105,300,000","75,000,000","127,400,000","83,100,000","112,100,000",,,,,,,,,,,,,,,
	NetIncome,"498,442,000","133,986,000","129,509,000","128,396,000","106,627,000","112,545,000","244,304,000","132,219,000","19,947,000","86,308,000","83,955,000","48,346,000","79,955,000","73,979,000","160,815,000","97,151,000","92,512,000","55,187,000","303,625,000","42,757,000","-130,352,000","57,714,000","133,119,000","118,683,000","99,451,000","85,444,000","142,505,000","88,255,000","115,867,000","112,894,000","676,029,000","118,516,000","208,467,000","59,159,000","90,747,000","79,748,000","113,620,000","104,565,000","103,085,000","133,083,000","119,889,000","68,223,000","116,940,000","99,788,000","151,527,000","90,493,000","174,135,000","101,409,000","195,478,000","117,179,000","133,602,000","73,752,000","70,481,000","77,435,000","-4,706,644,000","158,057,000","-2,290,756,000","191,778,000","245,314,000","234,024,000","365,662,000","210,611,000","353,543,000","261,433,000","310,497,000","235,309,000","343,265,000","297,009,000","338,643,000","265,737,000","378,137,000","310,209,000","354,432,000","274,408,000","358,038,000","279,032,000","324,307,000","249,836,000","347,006,000","265,636,000","303,923,000","243,563,000","248,362,000","174,828,000","233,462,000","174,545,000","294,898,000","208,263,000","265,762,000","950,154,000","294,600,000","207,500,000","277,000,000","178,900,000","257,700,000","176,500,000","222,800,000","342,900,000","230,400,000","152,500,000","194,700,000","135,100,000","289,100,000","414,600,000","150,000,000","89,400,000","155,600,000","96,100,000","139,400,000","86,200,000","149,400,000","105,500,000","131,800,000","78,700,000","129,000,000","88,800,000","113,700,000","66,300,000","-34,500,000","80,000,000","98,700,000","55,500,000","97,000,000","59,500,000","95,000,000","50,100,000","117,300,000","79,400,000","105,300,000","75,000,000","127,400,000","83,100,000","112,100,000",,,,,,,,,,,,,,,
		NetIncomeIncludingNoncontrollingInterests,"499,652,000","134,287,000","129,812,000","128,699,000","106,854,000","112,832,000","244,722,000","132,270,000","19,573,000","86,198,000","83,955,000","48,346,000","79,955,000","73,979,000","160,815,000","97,151,000","92,512,000","55,187,000","303,625,000","39,951,000","-192,429,000","63,899,000","144,243,000","133,435,000","114,385,000","95,936,000","157,969,000","105,742,000","131,490,000","127,484,000","694,967,000","139,992,000","225,912,000","69,589,000","105,208,000","97,501,000","126,741,000","116,463,000","115,006,000","148,608,000","135,559,000","75,834,000","124,678,000","111,780,000","165,527,000","98,142,000","183,917,000","113,688,000","205,901,000","119,314,000","141,112,000","85,193,000","78,307,000","77,749,000","-4,706,644,000","158,057,000","-2,290,756,000","191,778,000","245,314,000","234,024,000","365,662,000","210,611,000","353,543,000","261,433,000","310,497,000","235,309,000","343,265,000","297,009,000","338,643,000","265,737,000","378,137,000","310,209,000","354,432,000","274,408,000","358,038,000","279,032,000","324,307,000","249,836,000","347,006,000","265,636,000","303,923,000","243,563,000","248,362,000","174,828,000","233,462,000","174,545,000","294,898,000","208,263,000","265,762,000","950,154,000","294,600,000","207,500,000","277,000,000","178,900,000","257,700,000","176,500,000","222,800,000","342,900,000","230,400,000","152,500,000","194,700,000","135,100,000","289,100,000","414,600,000","150,000,000","89,400,000","155,600,000","96,100,000","139,400,000","86,200,000","149,400,000","105,500,000","131,800,000","78,700,000","129,000,000","88,800,000","113,700,000","66,300,000","-34,500,000","80,000,000","98,700,000","55,500,000","97,000,000","59,500,000","95,000,000","50,100,000","117,300,000","79,400,000","105,300,000","75,000,000","127,400,000","83,100,000","112,100,000","74,900,000","117,900,000","75,100,000","97,500,000","74,000,000","106,600,000","70,500,000","89,700,000","52,500,000","88,800,000","65,500,000","77,200,000","44,800,000","79,500,000","60,700,000"
			NetIncomeContinuousOperations,"499,652,000","134,287,000","129,812,000","128,699,000","106,854,000","112,832,000","244,722,000","132,270,000","19,573,000","86,198,000","83,955,000","48,346,000","79,955,000","73,979,000","160,815,000","92,826,000","92,512,000","55,187,000","303,280,000","50,754,000","49,270,000","63,899,000","144,243,000","133,435,000","114,385,000","103,410,000","181,390,000","108,101,000","131,490,000","127,484,000","694,967,000","139,992,000","225,912,000","69,589,000","105,208,000","97,501,000","126,741,000","116,463,000","115,006,000","148,608,000","135,559,000","75,834,000","124,678,000","111,780,000","165,527,000","98,142,000","183,917,000","113,688,000","185,588,000","119,314,000","141,112,000","85,193,000","78,307,000","77,749,000","-4,706,644,000","158,057,000","-2,290,756,000","191,778,000","245,314,000","234,024,000","289,885,000","210,611,000","353,543,000","261,433,000","310,497,000","235,309,000","343,265,000","274,615,000","338,643,000","265,737,000","378,137,000","310,209,000","354,432,000","274,408,000","358,038,000","279,032,000","324,307,000","249,836,000","347,006,000","265,636,000","303,923,000","243,563,000","248,362,000","174,828,000","233,462,000","174,545,000","294,898,000","208,263,000","265,762,000","203,017,000","256,100,000","207,500,000","277,000,000","178,900,000","257,700,000","176,500,000","222,800,000","342,900,000","230,400,000","152,500,000","194,700,000","135,100,000","275,800,000","115,300,000","150,000,000","89,400,000","155,600,000","96,100,000","139,400,000","86,200,000","149,400,000","105,500,000","131,800,000","78,700,000","129,000,000","88,800,000","113,700,000","66,300,000","111,500,000","80,000,000","98,700,000","55,500,000","97,000,000","59,500,000","95,000,000","50,100,000","117,300,000","79,400,000","105,300,000","75,000,000","127,400,000","83,100,000","112,100,000","74,900,000","117,900,000","75,100,000","97,500,000","74,000,000","106,600,000","70,500,000","89,700,000","52,500,000","88,800,000","65,500,000","77,200,000","44,800,000","79,500,000","60,700,000"
			NetIncomeDiscontinuousOperations,,,,,,,,,,,"0","0",,,"0","4,325,000",,"0","345,000","-10,803,000","-241,699,000","0","0",,"0","-7,474,000","-23,421,000","-2,359,000",,,,,,,,,,,,,,,"0","0","0","0","0","0","20,313,000",,,,,,,,,,"-73,814,000",,"75,777,000",,,,,,"-18,755,000","22,394,000",,,,,,,,,,,,,,,,,,,"0",,,"747,137,000",,,,,,,,,,,,,"307,900,000","4,700,000",,,,,,,,,,,,,,,,,,,,,,,,,,,,,,,,,,,,,,,,,,,,
			NetIncomeFromTaxLossCarryforward,,,,,,,,,,,,,,,,,,,,,,,,,,,,,,,,,,,,,,,,,,,,,,,,,,,,,,,,,,,,,,,,,,,,,,,,,,,,,,,,,,,,,,,"0",,,,,,,,,,,,,,,,,"294,600,000",,,,,,,,,,,,,,,,,,,,,,,,,,,,,,,,,,,,,,,,,,,,
		MinorityInterests,"-1,210,000","-301,000","-303,000","-303,000","-227,000","-287,000","-418,000","-51,000","374,000","110,000",,,,,"0","0",,"0","0","2,806,000","62,077,000","-6,185,000","-11,124,000","-14,752,000","-14,934,000","-10,492,000","-15,464,000","-17,487,000","-15,623,000","-14,590,000","-18,938,000","-21,476,000","-17,445,000","-10,430,000","-14,461,000","-17,753,000","-13,121,000","-11,898,000","-11,921,000","-15,525,000","-15,670,000","-7,611,000","-7,738,000","-11,992,000","-14,000,000","-7,649,000","-9,782,000","-12,279,000","-10,423,000","-2,135,000","-7,510,000","-11,441,000","-7,826,000","-314,000",,,,,,,,,,,,,,,,,,,,,,,,,,,,,,,,,,,,,,,,,,,,,,,,,,,,,,,,,,,,,,,,,,,,,,,,,,,,,,,,,,,,,,,,,,,,,,
	OtherunderPreferredStockDividend,,,,,,"72,000",,,,,,,,,,,,,,,,,,,,,,,,,,,,,,,,,,,,,,,,,,,,,,,"7,826,000",,,,,,,,,,,,,,,,,,,,,,,,,,,,,,,,,,,,,,,,,,,,,,,,,,,,,,,,,,,,,,,,,,,,,,,,,,,,,,,,,,,,,,,,,,,,,,,
DilutedNIAvailtoComStockholders,"498,442,000","133,986,000","129,509,000","128,396,000","106,627,000","112,545,000","244,304,000","132,219,000","19,947,000","86,308,000","83,955,000","48,346,000","79,955,000","73,979,000","160,815,000","97,151,000","92,512,000","55,187,000","303,625,000","42,757,000","-130,352,000","57,714,000","133,119,000","118,683,000","99,451,000","85,444,000","142,505,000","88,255,000","115,867,000","112,894,000","676,029,000","118,516,000","208,467,000","59,159,000","90,747,000","79,748,000","113,620,000","104,565,000","103,085,000","133,083,000","119,889,000","68,223,000","116,940,000","99,788,000","151,527,000","90,493,000","174,135,000","101,409,000","195,478,000","117,179,000","133,602,000","73,752,000","70,481,000","77,435,000","-4,706,644,000","158,057,000","-2,290,756,000","191,778,000","245,314,000","234,024,000","365,662,000","210,611,000","353,543,000","261,433,000","310,497,000","235,309,000","343,265,000","297,009,000","338,643,000","265,737,000","378,137,000","310,209,000","354,432,000","274,408,000","358,038,000","279,032,000","324,307,000","249,836,000","347,006,000","265,636,000","303,923,000","243,563,000","248,362,000","174,828,000","233,462,000","174,545,000","294,898,000","208,263,000","265,762,000","950,154,000","294,600,000","207,500,000","277,000,000","178,900,000","257,700,000","176,500,000","222,800,000","342,900,000","230,400,000","152,500,000","194,700,000","135,100,000","289,100,000","414,600,000","150,000,000","89,400,000","155,600,000","96,100,000","139,400,000","86,200,000","149,400,000","105,500,000","131,800,000","78,700,000","129,000,000","88,800,000","113,700,000","66,300,000","-34,500,000","80,000,000","98,700,000","55,500,000","97,000,000","59,500,000","95,000,000","50,100,000","117,300,000","79,400,000","105,300,000","75,000,000","127,400,000","83,100,000","112,100,000",,,,,,,,,,,,,,,
BasicEPS,,"0.6","0.58","0.58","0.48","0.51","1.11","0.6","0.09","0.4","0.39","0.22","0.37","0.34","0.74","0.45","0.43","0.26","1.41","0.2","0.23","0.27","0.62","0.55","0.46","0.42","0.71","0.4","0.51","0.5","2.99","0.52","0.92","0.26","0.4","0.35","0.5","0.46","0.45","0.58","0.51","0.29",,"0.42","0.63","0.38",,"0.43","0.82","0.49",,"0.31","0.3","0.34",,"0.69","-10.03","0.84",,"1.01","1.56","0.9",,"1.11","1.31","0.99",,"1.22","1.37","1.05",,"1.19","1.31","1.01",,"1.03","1.21","0.93",,"0.99","1.14","0.92",,"0.66","0.88","0.66",,"0.79","1.01","3.47",,"0.74","0.99","0.64",,"0.62","0.78","1.21",,"0.54","0.69","0.48",,"1.47","0.53","0.32",,"0.35","0.5","0.31",,"0.37","0.45","0.27",,"0.31","0.39","0.23",,"0.28","0.35","0.2",,"0.21","0.31","0.16",,"0.25","0.33","0.24",,"0.26","0.35","0.24",,"0.24","0.3","0.23",,"0.22","0.28","0.17",,"0.21","0.24","0.14",,"0.19"
DilutedEPS,,"0.6","0.58","0.58","0.48","0.51","1.11","0.6","0.09","0.39","0.38","0.22","0.37","0.34","0.74","0.45","0.43","0.25","1.4","0.19","0.23","0.27","0.61","0.54","0.45","0.3","0.69","0.39","0.5","0.49","2.92","0.51","0.9","0.25","0.39","0.34","0.48","0.44","0.44","0.56","0.51","0.28",,"0.41","0.62","0.37",,"0.42","0.81","0.49",,"0.31","0.3","0.34",,"0.69","-10.03","0.84",,"1.01","1.56","0.9",,"1.11","1.31","0.99",,"1.22","1.37","1.05",,"1.18","1.3","1",,"1.03","1.2","0.93",,"0.99","1.13","0.91",,"0.66","0.88","0.66",,"0.79","1","3.44",,"0.74","0.98","0.64",,"0.62","0.78","1.2",,"0.53","0.68","0.48",,"1.47","0.53","0.32",,"0.35","0.5","0.31",,"0.37","0.45","0.27",,"0.31","0.39","0.23",,"0.28","0.35","0.2",,"0.21","0.31","0.16",,"0.25","0.33","0.24",,"0.26","0.35","0.24",,"0.24","0.3","0.23",,"0.22","0.28","0.17",,"0.21","0.24","0.14",,"0.19"
BasicAverageShares,,"222,712,000","222,068,000","221,805,000","221,522,000","220,602,000","219,932,000","219,579,000","219,128,000","218,277,000","217,428,000","217,315,000","217,089,000","216,709,000","216,105,000","216,015,000","216,342,000","216,276,000","215,672,000","215,863,000","215,501,000","215,305,000","214,847,000","214,813,000","216,518,000","219,286,000","220,768,000","224,530,000","226,538,000","227,089,000","226,046,000","225,761,000","226,132,000","227,230,000","227,343,000","228,587,000","228,837,000","229,396,000","229,368,000","230,556,000","233,334,000","236,280,000",,"239,688,000","240,311,000","239,712,000",,"235,834,884","238,387,805","239,140,816",,"237,909,677","234,936,667","229,570,000",,"227,920,000","228,325,000","229,219,000",,"231,706,931","234,398,718","234,585,000",,"235,525,225","237,020,611","237,782,000",,"243,450,000","247,184,672","252,115,000",,"260,679,832","270,558,779","272,321,000",,"270,904,854","268,022,314","268,640,860",,"268,319,192","266,599,123","266,182,000",,"264,890,909","265,297,727","264,552,317",,"263,624,051","263,130,693","273,958,000",,"280,405,405","279,797,980","279,531,250",,"284,677,419","285,641,026","283,388,430",,"282,407,407","282,173,913","281,458,333",,"282,040,816","283,018,868","279,375,000",,"274,571,429","278,800,000","278,064,516",,"285,135,135","292,888,889","291,481,481",,"286,451,613","291,538,462","288,260,870",,"285,714,286","282,000,000","277,500,000",,"283,333,333","306,451,613","313,125,000",,"317,600,000","319,090,909","312,500,000",,"319,615,385","320,285,714","322,066,000",,"324,098,000","323,934,000","323,838,000",,"323,278,000","323,088,000","323,088,000",,"322,996,000","321,172,000","321,016,000",,"320,924,000"
DilutedAverageShares,,"223,240,000","223,362,000","222,799,000","222,506,000","221,198,000","220,659,000","219,977,000","219,426,000","218,863,000","218,477,000","218,310,000","217,905,000","217,202,000","216,632,000","216,348,000","216,515,000","216,989,000","216,431,000","218,095,000","217,812,000","217,569,000","217,200,000","218,099,000","220,204,000","223,254,000","225,129,000","230,078,000","231,920,000","231,931,000","231,157,000","232,097,000","232,106,000","232,268,000","232,585,000","234,438,000","234,636,000","235,162,000","233,980,000","235,550,000","237,136,000","240,411,000",,"243,350,000","243,995,000","243,308,000",,"241,450,000","241,505,000","239,140,816",,"237,909,677","234,936,667","230,951,000",,"228,331,000","228,325,000","229,661,000",,"231,706,931","234,398,718","235,005,000",,"235,525,225","237,020,611","238,375,000",,"243,450,000","247,184,672","254,270,000",,"262,888,983","272,640,000","275,507,000",,"270,904,854","270,255,833","268,640,860",,"268,319,192","268,958,407","268,546,000",,"264,890,909","265,297,727","264,552,317",,"263,624,051","265,762,000","276,207,000",,"280,405,405","282,653,061","279,531,250",,"284,677,419","285,641,026","285,750,000",,"287,735,849","286,323,529","281,458,333",,"282,040,816","283,018,868","279,375,000",,"274,571,429","278,800,000","278,064,516",,"285,135,135","292,888,889","291,481,481",,"286,451,613","291,538,462","288,260,870",,"285,714,286","282,000,000","277,500,000",,"283,333,333","306,451,613","313,125,000",,"317,600,000","319,090,909","312,500,000",,"319,615,385","320,285,714","322,066,000",,"324,098,000","323,934,000","323,838,000",,"323,278,000","323,088,000","323,088,000",,"322,996,000","321,172,000","321,016,000",,"320,924,000"
TotalOperatingIncomeAsReported,"815,423,000","209,137,000","209,414,000","211,350,000","185,522,000","195,930,000","393,646,000","227,701,000","75,097,000","174,538,000","176,724,000","106,833,000","142,812,000","132,649,000","253,042,000","154,284,000","154,135,000","137,015,000","155,850,000","116,861,000","150,080,000","153,376,000","279,789,000","263,772,000","226,594,000","201,919,000","338,429,000","216,357,000","268,366,000","230,928,000","341,018,000","270,517,000","242,502,000","203,994,000","213,606,000","171,698,000","202,882,000","151,057,000","220,380,000","217,199,000","216,518,000","135,658,000","212,260,000","198,161,000","241,754,000","178,616,000","309,768,000","200,288,000","272,609,000","218,184,000","259,271,000","156,961,000","142,758,000","166,193,000","-5,214,921,000","259,181,000","2,133,546,000","327,631,000","372,657,000","402,847,000","483,246,000","399,203,000","586,075,000","454,973,000","537,883,000","419,306,000","577,667,000","473,208,000","559,506,000","455,494,000","613,273,000","512,176,000","576,381,000","445,849,000","579,421,000","462,462,000","528,142,000","410,993,000","568,935,000","450,660,000","504,205,000","402,509,000","438,836,000","336,598,000","446,362,000","368,039,000","584,072,000","420,985,000","454,681,000","357,518,000","462,000,000","370,000,000","419,200,000","311,900,000","452,800,000","312,700,000","389,800,000","288,200,000","413,200,000","284,700,000","357,500,000","260,900,000","336,700,000","240,500,000","302,300,000","198,000,000","278,800,000","169,400,000","246,300,000","157,100,000","252,500,000","187,300,000","230,600,000","142,500,000","230,200,000","162,900,000","201,200,000","120,100,000","193,500,000","141,900,000","176,600,000","105,200,000","182,800,000","117,300,000","162,300,000","96,500,000","197,600,000","150,700,000","193,100,000","137,600,000","229,900,000","166,000,000","215,600,000",,,,,,,,,,,,,,,
TotalExpenses,"2,223,684,000","565,044,000","565,146,000","544,633,000","548,861,000","532,544,000","543,351,000","513,590,000","502,646,000","517,166,000","511,167,000","445,104,000","398,426,000","391,117,000","391,464,000","387,697,000","376,271,000","365,075,000","341,130,000","339,850,000","337,939,000","622,912,000","594,443,000","581,275,000","581,463,000","579,813,000","393,326,000","590,729,000","1,232,231,000","1,229,453,000","1,313,801,000","1,165,999,000","1,188,727,000","1,185,252,000","1,111,355,000","1,075,312,000","1,095,319,000","1,081,893,000","1,189,916,000","1,087,831,000","1,085,425,000","1,078,141,000","1,162,302,000","1,067,873,000","1,086,791,000","1,064,989,000","1,117,883,000","1,089,002,000","1,092,534,000","1,104,221,000","1,179,803,000","1,140,374,000","1,222,444,000","1,212,285,000","-1,026,015,000","1,378,129,000","-415,557,000","1,349,238,000","1,483,828,000","1,409,909,000","1,444,979,000","1,471,992,000","1,622,274,000","1,459,582,000","1,490,026,000","1,463,235,000","1,477,287,000","1,391,695,000","1,376,971,000","1,336,603,000","1,349,139,000","1,303,708,000","1,296,922,000","1,283,835,000","1,242,883,000","1,168,821,000","1,177,141,000","1,141,252,000","1,123,482,000","1,130,268,000","1,120,091,000","1,122,099,000","1,185,301,000","1,181,330,000","1,180,870,000","1,206,909,000","1,184,314,000","1,178,304,000","1,035,519,000","1,006,925,000","848,600,000","988,200,000","924,100,000","936,200,000","938,400,000","913,400,000","914,300,000","911,700,000","905,600,000","861,400,000","830,300,000","815,900,000","774,800,000","877,200,000","906,400,000","906,200,000","867,900,000","762,900,000","767,600,000","756,700,000","796,100,000","745,100,000","736,300,000","734,100,000","752,400,000","713,600,000","736,600,000","724,600,000","741,600,000","706,700,000","715,500,000","687,900,000","718,400,000","702,400,000","712,300,000","690,000,000","706,900,000","679,200,000","700,700,000","675,800,000","738,700,000","661,900,000","688,600,000",,,,,,,,,,,,,,,
NetIncomeFromContinuingAndDiscontinuedOperation,"498,442,000","133,986,000","129,509,000","128,396,000","106,627,000","112,545,000","244,304,000","132,219,000","19,947,000","86,308,000","83,955,000","48,346,000","79,955,000","73,979,000","160,815,000","97,151,000","92,512,000","55,187,000","303,625,000","42,757,000","-130,352,000","57,714,000","133,119,000","118,683,000","99,451,000","85,444,000","142,505,000","88,255,000","115,867,000","112,894,000","676,029,000","118,516,000","208,467,000","59,159,000","90,747,000","79,748,000","113,620,000","104,565,000","103,085,000","133,083,000","119,889,000","68,223,000","116,940,000","99,788,000","151,527,000","90,493,000","174,135,000","101,409,000","195,478,000","117,179,000","133,602,000","73,752,000","70,481,000","77,435,000","-4,706,644,000","158,057,000","-2,290,756,000","191,778,000","171,500,000","234,024,000","365,662,000","210,611,000","353,543,000","261,433,000","310,497,000","235,309,000","324,510,000","297,009,000","338,643,000","265,737,000","378,137,000","310,209,000","354,432,000","274,408,000","358,038,000","279,032,000","324,307,000","249,836,000","347,006,000","265,636,000","303,923,000","243,563,000","248,362,000","174,828,000","233,462,000","174,545,000","294,898,000","208,263,000","265,762,000","950,154,000","294,600,000","207,500,000","277,000,000","178,900,000","257,700,000","176,500,000","222,800,000","342,900,000","230,400,000","152,500,000","194,700,000","135,100,000","583,700,000","120,000,000","150,000,000","89,400,000","155,600,000","96,100,000","139,400,000","86,200,000","149,400,000","105,500,000","131,800,000","78,700,000","129,000,000","88,800,000","113,700,000","66,300,000","111,500,000","80,000,000","98,700,000","55,500,000","97,000,000","59,500,000","95,000,000","50,100,000","117,300,000","79,400,000","105,300,000","75,000,000","127,400,000","83,100,000","112,100,000",,,,,,,,,,,,,,,
NormalizedIncome,"497,711,434.117","133,942,494.087","129,578,790.104","128,787,608","105,483,875","111,463,520","244,733,524.578","130,016,382","19,859,884","80,273,455","88,174,844.337","48,273,600","76,669,522","68,614,055","158,967,116.333","90,208,645","87,647,306","55,187,000","299,285,800","59,723,248","112,255,550","59,174,427","142,031,351.376","128,894,278","101,971,128","92,918,000","109,669,435.647","90,614,000","129,092,620","120,955,984","720,999,304.453","123,203,668","227,544,825","68,792,000","121,638,601.112","84,152,120","116,957,516","109,115,535","175,040,650","134,112,818.182","125,243,594.654","71,767,655.017","129,447,656.475","102,075,999.106","153,550,638.854","95,056,959.705","196,563,652.039","115,340,308.973","177,482,204.249","117,536,162.116","163,171,984.388","98,647,086.975","90,890,623.483","77,589,104.418","89,556,730.029","160,510,023.562","57,689,367.627","175,887,845.415","293,302,304.151","230,105,588.987","281,419,711.238","218,616,350.169","349,394,011.625","260,268,435.877","312,564,336.042","235,425,854.775","347,170,029.362","278,409,542.017","340,668,686.954","272,997,544.702","381,804,929.628","314,497,314.682","359,053,919.082","272,532,135.781","363,185,671.038","282,041,238.303","323,715,264.967","246,643,770.999","353,932,824.093","269,581,810.054","303,976,167.473","245,065,831.765","250,528,156.043","174,506,856.679","233,141,958.21","174,273,527.973","308,647,879.5","208,420,059.719","260,961,561.294","203,818,151.555","259,907,953.741","206,538,238.702","243,750,379.857","177,458,226.998","259,920,000","177,040,000","221,300,000","158,460,000","231,180,000","153,460,000","195,300,000","138,160,000","178,600,000","117,640,000","150,420,000","90,360,000","153,020,000","95,440,000","140,120,000","86,500,000","141,780,000","105,620,000","130,960,000","78,100,000","129,840,000","86,760,000","112,620,000","65,400,000","110,412,195.122","78,496,240.602","97,560,000","54,537,919.827","98,860,767.327","57,580,000","86,840,000","49,373,913.043","114,505,630.753","80,120,181.406","104,458,081.097","71,340,000","135,707,284.768","86,940,000","114,740,000",,,,,,,,,,,,,,,
InterestExpense,"182,785,000","43,620,000","46,079,000","46,477,000","46,609,000","46,485,000","49,561,000","51,896,000","51,877,000","56,960,000","60,304,000","52,454,000","46,327,000","46,385,000","47,010,000","48,226,000","49,104,000","47,725,000","48,171,000","51,855,000","54,843,000","55,416,000","56,552,000","57,607,000","56,141,000","61,713,000","66,758,000","66,949,000","69,341,000","70,759,000","73,517,000","65,931,000","64,148,000","69,648,000","62,857,000","41,628,000","36,174,000","35,405,000","38,927,000","35,829,000","36,142,000","39,571,000","40,831,000","40,939,000","44,741,000","46,629,000","46,308,000","41,015,000","42,190,000","43,480,000","44,799,000","38,065,000","43,972,000","48,912,000",,,,,,,,,,,,,,,,,,,,,,,,,,,,,,,,,,,,,,,,,,,,,,,,,,,,,,,,,,,,,,,,,,,,,,,,,,,,,,,,,,,,,,,,,,,,,,
NetInterestIncome,"-182,785,000","-43,620,000","-46,079,000","-46,477,000","-46,609,000","-46,485,000","-49,561,000","-51,896,000","-51,877,000","-56,960,000","-60,304,000","-52,454,000","-46,327,000","-46,385,000","-47,010,000","-48,226,000","-49,104,000","-47,725,000","-48,171,000","-51,855,000","-54,843,000","-55,416,000","-56,552,000","-57,607,000","-56,141,000","-61,713,000","-66,758,000","-66,949,000","-69,341,000","-70,759,000","-73,517,000","-65,931,000","-64,148,000","-69,648,000","-62,857,000","-41,628,000","-36,174,000","-35,405,000","-38,927,000","-35,829,000","-36,142,000","-39,571,000","-40,831,000","-40,939,000","-44,741,000","-46,629,000","-46,308,000","-41,015,000","-42,190,000","-43,480,000","-44,799,000","-38,065,000","-43,972,000","-48,912,000",,,,,,,,,,,,,,,,,,,,,,,,,,,,,,,,,,,,,,,,,,,,,,,,,,,,,,,,,,,,,,,,,,,,,,,,,,,,,,,,,,,,,,,,,,,,,,
EBIT,"827,042,000","222,645,000","207,902,000","212,046,000","184,449,000","194,931,000","378,877,000","226,133,000","78,057,000","164,283,000","180,949,000","105,879,000","151,161,000","143,138,000","253,263,000","154,841,000","169,371,000","123,297,000","159,350,000","114,056,000","128,026,000","147,898,000","269,930,000","249,172,000","218,132,000","207,231,000","331,305,000","212,228,000","267,162,000","258,766,000","786,684,000","254,823,000","396,060,000","191,737,000","209,565,000","165,829,000","202,515,000","157,268,000","232,833,000","223,137,000","222,901,000","142,005,000","191,609,000","197,519,000","253,568,000","183,371,000","315,025,000","209,703,000","277,178,000","218,194,000","263,611,000","160,158,000","162,179,000","165,961,000","-5,568,386,000","259,181,000","2,133,546,000","327,631,000","372,657,000","402,847,000","483,246,000","399,203,000","586,075,000","454,973,000","537,883,000","419,306,000","577,667,000","473,208,000","559,506,000","455,494,000","613,273,000","512,176,000","576,381,000","445,849,000","579,421,000","462,462,000","528,142,000","410,993,000","568,935,000","450,660,000","504,205,000","402,509,000","438,836,000","336,598,000","446,362,000","368,039,000","584,072,000","420,985,000","454,681,000","357,518,000","462,000,000","370,000,000","419,200,000","311,900,000","452,800,000","312,700,000","389,800,000","288,200,000","413,200,000","284,700,000","357,500,000","260,900,000","336,700,000","240,500,000","302,300,000","198,000,000","278,800,000","169,400,000","246,300,000","157,100,000","252,500,000","187,300,000","230,600,000","142,500,000","230,200,000","162,900,000","201,200,000","120,100,000","193,500,000","141,900,000","176,600,000","105,200,000","182,800,000","117,300,000","162,300,000","96,500,000","197,600,000","150,700,000","193,100,000","137,600,000","229,900,000","166,000,000","215,600,000","817,600,000","-1,721,500,000","804,300,000","846,900,000","757,900,000","-1,583,100,000","751,100,000","789,800,000","703,200,000","-1,423,400,000","689,100,000","716,200,000","614,700,000","-1,085,400,000","550,300,000"
EBITDA,"953,543,000"
ReconciledCostOfRevenue,"1,615,517,000","411,450,000","407,198,000","399,751,000","397,118,000","394,692,000","399,367,000","379,185,000","355,367,000","369,368,000","355,159,000","306,474,000","285,293,000","281,311,000","271,990,000","271,156,000","264,294,000","258,493,000","237,153,000","235,474,000","203,313,000","295,809,000","273,874,000","261,065,000","255,584,000","248,144,000","129,780,000","256,941,000","710,865,000","700,639,000","748,119,000","757,301,000","775,627,000","767,532,000","722,487,000","713,369,000","726,869,000","719,724,000","779,777,000","720,941,000","720,889,000","722,240,000","782,040,000","721,888,000","739,654,000","717,515,000","755,451,000","747,413,000","745,274,000","748,559,000","801,484,000","796,984,000","867,312,000","839,004,000","1,052,685,000","985,004,000","988,538,000","986,500,000","1,026,287,000","1,026,041,000","1,052,090,000","1,074,270,000","1,196,747,000","1,070,148,000","1,096,263,000","1,075,078,000","1,087,389,000","1,021,668,000","1,000,720,000","974,425,000","983,086,000","952,349,000","946,552,000","939,448,000","911,087,000","849,088,000","856,972,000","836,622,000","804,945,000","820,131,000","810,361,000","818,566,000","831,745,000","824,839,000","824,030,000","839,547,000","820,730,000","820,171,000","715,655,000","700,696,000","614,300,000","686,700,000","646,200,000","661,400,000","655,900,000","648,300,000","646,800,000","643,000,000","624,000,000","602,400,000","575,600,000","566,500,000","526,600,000","635,800,000","640,500,000","641,200,000","629,700,000","546,200,000","542,500,000","534,200,000","550,300,000","524,000,000","516,100,000","516,400,000","532,600,000","507,300,000","517,900,000","509,400,000","529,800,000","505,000,000","502,400,000","487,400,000","514,300,000","505,200,000","506,600,000","496,300,000","510,400,000","490,900,000","498,100,000","484,000,000","537,700,000","481,900,000","492,800,000",,,,,,,,,,,,,,,
ReconciledDepreciation,"126,501,000","30,305,000","32,019,000","32,566,000","31,611,000","31,656,000","34,296,000","33,199,000","33,959,000","33,116,000","33,268,000","30,399,000","23,356,000","23,606,000","22,402,000","22,309,000","21,823,000","20,253,000","18,745,000","20,581,000","45,076,000","52,105,000","51,293,000","51,795,000","50,767,000","50,635,000","48,178,000","50,224,000","82,272,000","81,570,000","82,321,000","61,575,000","59,321,000","62,507,000","47,417,000","46,266,000","47,835,000","48,054,000","49,717,000","48,505,000","48,235,000","47,582,000","48,521,000","48,984,000","49,941,000","49,927,000","52,066,000","52,146,000","54,569,000","55,903,000","57,599,000","59,279,000","62,030,000","63,901,000","57,458,000","64,805,000","72,093,000","67,842,000","70,232,000","70,214,000","72,253,000","72,426,000","69,987,000","69,372,000","68,488,000","68,923,000","70,347,000","66,376,000","74,755,000","64,708,000","59,928,000","60,652,000","62,084,000","61,357,000","57,635,000","60,586,000","57,252,000","56,059,000","55,644,000","56,402,000","55,196,000","55,202,000","108,454,000","112,183,000","110,516,000","112,624,000","109,501,000","103,591,000","82,449,000","80,374,000","35,500,000","87,100,000","78,600,000","78,900,000","77,100,000","77,000,000","76,600,000","79,500,000","76,700,000","74,900,000","74,900,000","74,600,000","68,300,000","64,400,000","77,300,000","77,400,000","59,300,000","49,700,000","50,300,000","50,700,000","51,600,000","53,700,000","51,700,000","51,800,000","53,100,000","51,800,000","52,500,000","52,200,000","47,200,000","50,100,000","50,000,000","50,600,000","49,800,000","50,500,000","49,800,000","49,700,000","47,700,000","48,900,000","48,800,000","48,600,000","45,500,000","48,300,000","48,300,000",,,,,,,,,,,,,,,
NetIncomeFromContinuingOperationNetMinorityInterest,"498,442,000","133,986,000","129,509,000","128,396,000","106,627,000","112,545,000","244,304,000","132,219,000","19,947,000","86,308,000","83,955,000","48,346,000","79,955,000","73,979,000","160,815,000","92,826,000","92,512,000","55,187,000","303,280,000","53,560,000","111,347,000","57,714,000","133,119,000","118,683,000","99,451,000","92,918,000","165,926,000","90,614,000","115,867,000","112,894,000","676,029,000","118,516,000","208,467,000","59,159,000","90,747,000","79,748,000","113,620,000","104,565,000","103,085,000","133,083,000","119,889,000","68,223,000","116,940,000","99,788,000","151,527,000","90,493,000","174,135,000","101,409,000","175,165,000","117,179,000","133,602,000","73,752,000","70,481,000","77,435,000","-4,706,644,000","158,057,000","-2,290,756,000","191,778,000","245,314,000","234,024,000","289,885,000","210,611,000","353,543,000","261,433,000","310,497,000","235,309,000","343,265,000","274,615,000","338,643,000","265,737,000","378,137,000","310,209,000","354,432,000","274,408,000","358,038,000","279,032,000","324,307,000","249,836,000","347,006,000","265,636,000","303,923,000","243,563,000","248,362,000","174,828,000","233,462,000","174,545,000","294,898,000","208,263,000","265,762,000","203,017,000","256,100,000","207,500,000","277,000,000","178,900,000","257,700,000","176,500,000","222,800,000","342,900,000","230,400,000","152,500,000","194,700,000","135,100,000","275,800,000","115,300,000","150,000,000","89,400,000","155,600,000","96,100,000","139,400,000","86,200,000","149,400,000","105,500,000","131,800,000","78,700,000","129,000,000","88,800,000","113,700,000","66,300,000","111,500,000","80,000,000","98,700,000","55,500,000","97,000,000","59,500,000","95,000,000","50,100,000","117,300,000","79,400,000","105,300,000","75,000,000","127,400,000","83,100,000","112,100,000",,,,,,,,,,,,,,,
TotalUnusualItemsExcludingGoodwill,"942,000","58,000","-87,000","-504,000","1,475,000","1,423,000","-578,000","2,902,000","116,000","7,515,000","-6,064,000","80,000","4,306,000","7,013,000","2,370,000","3,005,000","6,326,000",,"6,657,000","-7,553,000","-1,350,000","-2,183,000","-13,184,000","-15,218,000","-3,728,000","0","82,047,000","0","-20,795,000","-12,384,000","-46,148,000","-6,621,000","-28,775,000","-14,820,000","-43,077,000","-5,880,000","-4,498,000","-4,785,000","-110,701,000","-1,298,000","-7,377,000","-4,788,000","-15,126,000","-3,205,000","-2,553,000","-6,359,000","-32,770,000","-20,671,000","-2,934,000","-523,000","-45,852,000","-35,678,000","-30,809,000","-232,000","-5,489,751,000","-3,333,000","-2,486,025,000","24,151,000","-71,717,000","5,787,000","12,539,000","-11,947,000","6,056,000","1,700,000","-3,112,000","-176,000","-5,864,000","-5,700,000","-3,039,000","-10,919,000","-5,541,000","-6,496,000","-7,007,000","2,850,000","-7,819,000","-4,573,000","899,000","4,852,000","-10,482,000","-6,015,000","-81,000","-2,292,000","-3,566,000","530,000","528,000","448,000","-22,758,000","-260,000","7,947,000","-1,326,000","-6,300,000","1,600,000","55,300,000","2,400,000","-3,700,000","-900,000","2,500,000","307,400,000","-1,300,000","-1,600,000","-1,000,000","-5,100,000","162,000,000","-3,900,000","-700,000","-1,600,000","4,300,000","1,100,000","-1,200,000","-500,000","12,700,000","-200,000","1,400,000","1,000,000","-1,400,000","3,400,000","1,800,000","1,500,000","1,800,000","2,500,000","1,900,000","1,600,000","-3,100,000","3,200,000","13,600,000","1,200,000","4,400,000","-1,200,000","1,400,000","6,100,000","-12,800,000","-6,400,000","-4,400,000",,,,,,,,,,,,,,,
TotalUnusualItems,"942,000","58,000","-87,000","-504,000","1,475,000","1,423,000","-578,000","2,902,000","116,000","7,515,000","-6,064,000","80,000","4,306,000","7,013,000","2,370,000","3,005,000","6,326,000",,"6,657,000","-7,553,000","-1,350,000","-2,183,000","-13,184,000","-15,218,000","-3,728,000","0","82,047,000","0","-20,795,000","-12,384,000","-46,148,000","-6,621,000","-28,775,000","-14,820,000","-43,077,000","-5,880,000","-4,498,000","-4,785,000","-110,701,000","-1,298,000","-7,377,000","-4,788,000","-15,126,000","-3,205,000","-2,553,000","-6,359,000","-32,770,000","-20,671,000","-2,934,000","-523,000","-45,852,000","-35,678,000","-30,809,000","-232,000","-5,489,751,000","-3,333,000","-2,486,025,000","24,151,000","-71,717,000","5,787,000","12,539,000","-11,947,000","6,056,000","1,700,000","-3,112,000","-176,000","-5,864,000","-5,700,000","-3,039,000","-10,919,000","-5,541,000","-6,496,000","-7,007,000","2,850,000","-7,819,000","-4,573,000","899,000","4,852,000","-10,482,000","-6,015,000","-81,000","-2,292,000","-3,566,000","530,000","528,000","448,000","-22,758,000","-260,000","7,947,000","-1,326,000","-6,300,000","1,600,000","55,300,000","2,400,000","-3,700,000","-900,000","2,500,000","307,400,000","-1,300,000","-1,600,000","-1,000,000","-5,100,000","162,000,000","-3,900,000","-700,000","-1,600,000","4,300,000","1,100,000","-1,200,000","-500,000","12,700,000","-200,000","1,400,000","1,000,000","-1,400,000","3,400,000","1,800,000","1,500,000","1,800,000","2,500,000","1,900,000","1,600,000","-3,100,000","3,200,000","13,600,000","1,200,000","4,400,000","-1,200,000","1,400,000","6,100,000","-12,800,000","-6,400,000","-4,400,000",,,,,,,,,,,,,,,
NormalizedEBITDA,"952,601,000","252,892,000","240,008,000","245,116,000","214,585,000","225,164,000","413,751,000","256,430,000","111,900,000","189,884,000","220,281,000","136,198,000","170,211,000","159,731,000","273,295,000","174,145,000","184,868,000","143,550,000","171,438,000","142,190,000","174,452,000","202,186,000","334,407,000","316,185,000","272,739,000","257,866,000","297,436,000","262,452,000","370,229,000","352,720,000","915,153,000","323,019,000","484,156,000","269,064,000","300,059,000","217,975,000","254,848,000","210,107,000","393,251,000","272,940,000","278,513,000","194,375,000","255,256,000","249,708,000","306,062,000","239,657,000","399,861,000","282,520,000","334,681,000","274,620,000","367,062,000","255,115,000","255,018,000","230,094,000","-21,177,000","327,319,000","4,691,664,000","371,322,000","514,606,000","467,274,000","542,960,000","483,576,000","650,006,000","522,645,000","609,483,000","488,405,000","653,878,000","546,645,000","637,300,000","531,121,000","678,742,000","579,324,000","645,472,000","504,356,000","644,875,000","527,621,000","584,495,000","462,200,000","635,061,000","513,077,000","559,482,000","460,003,000","550,856,000","448,251,000","556,350,000","480,215,000","716,331,000","524,836,000","529,183,000","439,218,000","503,800,000","455,500,000","442,500,000","388,400,000","533,600,000","390,600,000","463,900,000","60,300,000","491,200,000","361,200,000","433,400,000","340,600,000","243,000,000","317,300,000","380,300,000","277,000,000","333,800,000","218,000,000","297,900,000","208,300,000","291,400,000","241,200,000","280,900,000","193,300,000","284,700,000","211,300,000","251,900,000","170,800,000","238,900,000","189,500,000","224,700,000","154,200,000","235,700,000","164,600,000","198,500,000","145,000,000","240,900,000","200,800,000","240,500,000","180,100,000","288,200,000","220,700,000","268,300,000","817,600,000","-1,721,500,000","804,300,000","846,900,000","757,900,000","-1,583,100,000","751,100,000","789,800,000","703,200,000","-1,423,400,000","689,100,000","716,200,000","614,700,000","-1,085,400,000","550,300,000"
TaxRateForCalcs,"0.224","0.25","0.198","0.223","0.225","0.24","0.257","0.241","0.249","0.197","0.304","0.095","0.237","0.235","0.22","0.129","0.231","0.27","0.4","0.184","0.327","0.331","0.324","0.329","0.324","0.312","0.314","0.291","0.364","0.349","0.026","0.292","0.337","0.35","0.283","0.251","0.258","0.049","0.35","0.207","0.274","0.26","0.173","0.286","0.207","0.282","0.316","0.326","0.21","0.317","0.355","0.302","0.338","0.336","0.126","0.264","0.055","0.342","0.331","0.323","0.325","0.33","0.315","0.315","0.336","0.336","0.334","0.334","0.333","0.335","0.338","0.34","0.34","0.342","0.342","0.342","0.342","0.342","0.339","0.344","0.344","0.344","0.393","0.394","0.394","0.394","0.396","0.396","0.396","0.396","0.396","0.399","0.399","0.399","0.4","0.4","0.4","0.4","0.4","0.4","0.4","0.4","0.4","0.4","0.4","0.4","0.4","0.4","0.4","0.4","0.4","0.4","0.4","0.4","0.4","0.4","0.4","0.4","0.396","0.398","0.4","0.399","0.4","0.4","0.4","0.395","0.365","0.4","0.399","0.4","0.351","0.4","0.4",,,,,,,,,,,,,,,
TaxEffectOfUnusualItems,"211,434.117","14,494.087","-17,209.896","-112,392","331,875","341,520","-148,475.422","699,382","28,884","1,480,455","-1,844,155.663","7,600","1,020,522","1,648,055","522,116.333","387,645","1,461,306","0","2,662,800","-1,389,752","-441,450","-722,573","-4,271,648.624","-5,006,722","-1,207,872","0","25,790,435.647","0","-7,569,380","-4,322,016","-1,177,695.547","-1,933,332","-9,697,175","-5,187,000","-12,185,398.888","-1,475,880","-1,160,484","-234,465","-38,745,350","-268,181.818","-2,022,405.346","-1,243,344.983","-2,618,343.525","-917,000.894","-529,361.146","-1,795,040.295","-10,341,347.961","-6,739,691.027","-616,795.751","-165,837.884","-16,282,015.612","-10,782,913.025","-10,399,376.517","-77,895.582","-693,550,269.971","-879,976.438","-137,579,632.373","8,260,845.415","-23,728,695.849","1,868,588.987","4,073,711.238","-3,941,649.831","1,907,011.625","535,435.877","-1,044,663.958","-59,145.225","-1,958,970.638","-1,905,457.983","-1,013,313.046","-3,658,455.298","-1,873,070.372","-2,207,685.318","-2,385,080.918","974,135.781","-2,671,328.962","-1,563,761.697","307,264.967","1,659,770.999","-3,555,175.907","-2,069,189.946","-27,832.527","-789,168.235","-1,399,843.957","208,856.679","207,958.21","176,527.973","-9,008,120.5","-102,940.281","3,146,561.294","-524,848.445","-2,492,046.259","638,238.702","22,050,379.857","958,226.998","-1,480,000","-360,000","1,000,000","122,960,000","-520,000","-640,000","-400,000","-2,040,000","64,800,000","-1,560,000","-280,000","-640,000","1,720,000","440,000","-480,000","-200,000","5,080,000","-80,000","560,000","400,000","-560,000","1,360,000","720,000","600,000","712,195.122","996,240.602","760,000","637,919.827","-1,239,232.673","1,280,000","5,440,000","473,913.043","1,605,630.753","-479,818.594","558,081.097","2,440,000","-4,492,715.232","-2,560,000","-1,760,000",,,,,,,,,,,,,,,