name,ttm,03/31/2022,12/31/2021,09/30/2021,06/30/2021,03/31/2021,12/31/2020,09/30/2020,06/30/2020,03/31/2020,12/31/2019,09/30/2019,06/30/2019,03/31/2019,12/31/2018,09/30/2018,06/30/2018,03/31/2018,12/31/2017,09/30/2017,06/30/2017,03/31/2017,12/31/2016,09/30/2016,06/30/2016,03/31/2016,12/31/2015,09/30/2015,06/30/2015,03/31/2015,12/31/2014,09/30/2014,06/30/2014,03/31/2014,12/31/2013,09/30/2013,06/30/2013,03/31/2013,12/31/2012,09/30/2012,06/30/2012,03/31/2012,12/31/2011,09/30/2011,06/30/2011,03/31/2011,12/31/2010,09/30/2010,06/30/2010,03/31/2010,12/31/2009,09/30/2009,06/30/2009,03/31/2009,12/31/2008,09/30/2008,06/30/2008,03/31/2008,12/31/2007,09/30/2007,06/30/2007,03/31/2007,12/31/2006,09/30/2006,06/30/2006,03/31/2006,12/31/2005,09/30/2005,06/30/2005,03/31/2005,12/31/2004,09/30/2004,06/30/2004,03/31/2004,12/31/2003,09/30/2003,06/30/2003,03/31/2003,12/31/2002,09/30/2002,06/30/2002,03/31/2002,12/31/2001,09/30/2001,06/30/2001,03/31/2001,12/31/2000,09/30/2000,06/30/2000,03/31/2000,12/31/1999,09/30/1999,06/30/1999,03/31/1999,12/31/1998,09/30/1998,06/30/1998,03/31/1998,12/31/1997,09/30/1997,06/30/1997,03/31/1997,12/31/1996,09/30/1996,06/30/1996,03/31/1996,12/31/1995,09/30/1995,06/30/1995,03/31/1995,12/31/1994,09/30/1994,06/30/1994,03/31/1994,12/31/1993,09/30/1993,06/30/1993,03/31/1993
TotalRevenue,"1,025,272,000","267,657,000","248,226,000","243,384,000","266,005,000","288,535,000","288,884,000","259,540,000","136,061,000","228,613,000","230,381,000","240,056,000","243,326,000","257,921,000","253,652,000","258,939,000","263,779,000","261,889,000","257,185,000","235,853,000","243,378,000","249,267,000","236,541,000","232,625,000","232,720,000","215,714,000","212,277,000","223,818,000","213,441,000","206,909,000","205,168,000","206,012,000","206,182,000","193,938,000","182,290,000","171,182,000","160,520,000","148,090,000","148,242,000","141,058,000","136,153,000","129,526,000","131,016,000","125,639,000","77,137,000","35,796,000","28,917,000","30,486,000","28,812,000","24,188,000","21,598,000","18,442,000","10,715,000","10,170,000","12,826,000","16,631,000","16,796,000","17,360,000","16,390,000","15,909,000","15,058,000","16,273,000","15,030,000","12,729,000","12,409,000","10,441,000","9,962,000","8,256,000","8,562,000","8,957,000","7,788,000","7,331,000","8,630,000","8,961,000","8,942,000","9,210,000","5,644,000","5,246,000","6,423,000","4,491,000","2,832,000","1,525,000","1,489,000","1,506,000","1,117,000","2,335,000","3,050,000","1,779,000","1,023,000","1,034,000","270,000","102,000","93,000","319,000","121,000","284,000","281,000","84,000","208,000","400,000","400,000","400,000","900,000","1,900,000","2,300,000","3,100,000","3,000,000","2,200,000","1,700,000","900,000","700,000","600,000","700,000","500,000","800,000","600,000","400,000","500,000"
	OperatingRevenue,"1,025,272,000","267,657,000","248,226,000","243,384,000","266,005,000","288,535,000","288,884,000","259,540,000","136,061,000","228,613,000","230,381,000","240,056,000","243,326,000","257,921,000","253,652,000","258,939,000","263,779,000","261,889,000","257,185,000","235,853,000","243,378,000","249,267,000","236,541,000","232,625,000","232,720,000","215,714,000","212,277,000","223,818,000","213,441,000","206,909,000","205,168,000","206,012,000","206,182,000","193,938,000","182,290,000","171,182,000","160,520,000","148,090,000","148,242,000","141,058,000","136,153,000","129,526,000","131,016,000","125,639,000","77,137,000","35,796,000","28,917,000","30,486,000","28,812,000","24,188,000","21,598,000","18,442,000","10,715,000","10,170,000","12,826,000","16,631,000","16,796,000","17,360,000","16,390,000","15,909,000","15,058,000","16,273,000","15,030,000","12,729,000","12,409,000","10,441,000","9,962,000","8,256,000","8,562,000","8,957,000","7,788,000","7,331,000","8,630,000","8,961,000","8,942,000","9,210,000","5,644,000","5,246,000","6,423,000","4,491,000","2,832,000","1,525,000","1,489,000","1,506,000","1,117,000","2,335,000","3,050,000","1,779,000","1,023,000","1,034,000","270,000","102,000","93,000","319,000","121,000","284,000","281,000","84,000","208,000","400,000","400,000","400,000","900,000","1,900,000","2,300,000","3,100,000","3,000,000","2,200,000","1,700,000","900,000","700,000","600,000","700,000","500,000","800,000","600,000","400,000","500,000"
CostOfRevenue,"745,197,000","203,544,000","180,864,000","173,997,000","186,792,000","200,866,000","196,187,000","176,935,000","109,326,000","162,546,000","164,759,000","165,364,000","170,612,000","182,614,000","185,195,000","185,800,000","189,308,000","183,322,000","179,866,000","165,624,000","164,973,000","164,107,000","157,935,000","155,931,000","161,225,000","147,472,000","143,099,000","148,892,000","147,736,000","140,339,000","142,853,000","144,427,000","145,425,000","136,913,000","132,648,000","125,265,000","120,368,000","109,039,000","109,777,000","104,258,000","101,940,000","97,077,000","97,170,000","94,795,000","57,918,000","25,340,000","20,330,000","21,681,000","20,108,000","17,545,000","15,333,000","13,897,000","8,184,000","7,752,000","9,970,000","11,798,000","11,517,000","11,801,000","10,604,000","10,736,000","9,903,000","11,059,000","9,880,000","8,570,000","8,526,000","7,133,000","6,864,000","5,611,000","6,104,000","6,493,000","5,555,000","5,387,000","6,394,000","6,873,000","7,171,000","7,414,000","4,246,000","4,171,000","5,109,000","3,444,000","2,106,000","1,324,000","1,265,000","1,280,000","870,000","2,035,000","1,703,000","2,083,000","1,151,000","1,126,000","953,000","587,000","450,000","479,000","1,388,000","13,000","11,000",,"411,000","400,000","900,000","800,000","2,400,000","1,600,000","4,700,000","2,700,000","1,900,000","1,300,000","1,400,000","100,000","200,000","300,000","400,000","500,000","1,700,000","1,000,000","300,000","500,000"
GrossProfit,"280,075,000","64,113,000","67,362,000","69,387,000","79,213,000","87,669,000","92,697,000","82,605,000","26,735,000","66,067,000","65,622,000","74,692,000","72,714,000","75,307,000","68,457,000","73,139,000","74,471,000","78,567,000","77,319,000","70,229,000","78,405,000","85,160,000","78,606,000","76,694,000","71,495,000","68,242,000","69,178,000","74,926,000","65,705,000","66,570,000","62,315,000","61,585,000","60,757,000","57,025,000","49,642,000","45,917,000","40,152,000","39,051,000","38,465,000","36,800,000","34,213,000","32,449,000","33,846,000","30,844,000","19,219,000","10,456,000","8,587,000","8,805,000","8,704,000","6,643,000","6,265,000","4,545,000","2,531,000","2,418,000","2,856,000","4,833,000","5,279,000","5,559,000","5,786,000","5,173,000","5,155,000","5,214,000","5,150,000","4,159,000","3,883,000","3,308,000","3,098,000","2,645,000","2,458,000","2,464,000","2,233,000","1,944,000","2,236,000","2,088,000","1,771,000","1,796,000","1,398,000","1,075,000","1,314,000","1,047,000","726,000","201,000","224,000","226,000","247,000","300,000","1,347,000","-304,000","-128,000","-92,000","-683,000","-485,000","-357,000","-160,000","-1,267,000","271,000","270,000",,"-203,000","0","-500,000","-400,000","-1,500,000","300,000","-2,400,000","400,000","1,100,000","900,000","300,000","800,000","500,000","300,000","300,000","0","-900,000","-400,000","100,000","0"
OperatingExpense,"188,381,000","49,742,000","45,255,000","47,934,000","45,450,000","46,129,000","48,439,000","43,815,000","37,230,000","43,600,000","42,483,000","45,699,000","51,084,000","51,510,000","45,750,000","51,608,000","52,663,000","57,896,000","55,455,000","54,052,000","53,182,000","50,311,000","52,090,000","49,257,000","48,508,000","38,320,000","39,055,000","37,477,000","39,035,000","39,493,000","36,932,000","37,585,000","36,522,000","31,134,000","32,323,000","31,037,000","31,311,000","28,097,000","30,180,000","26,606,000","25,351,000","23,732,000","26,118,000","24,830,000","13,769,000","5,833,000","6,194,000","4,797,000","5,353,000","4,264,000","3,890,000","3,326,000","3,740,000","3,895,000","2,748,000","3,979,000","3,529,000","3,717,000","3,474,000","3,490,000","3,363,000","3,296,000","3,148,000","2,865,000","2,738,000","2,230,000","1,981,000","1,897,000","2,120,000","2,097,000","2,054,000","1,826,000","1,997,000","1,838,000","1,546,000","1,989,000","2,030,000","2,029,000","2,498,000","2,465,000","2,385,000","2,115,000","2,201,000","2,023,000","2,021,000","2,139,000","4,275,000","2,184,000","1,912,000","1,967,000","1,758,000","1,594,000","1,213,000","1,394,000","1,174,000","2,004,000","2,085,000","2,037,000","1,643,000","1,700,000","2,000,000","1,200,000","2,300,000","1,300,000","1,400,000","1,100,000","1,400,000","1,500,000","1,600,000","2,100,000","1,800,000","1,400,000","1,300,000","1,300,000","700,000","600,000","600,000","600,000"
	SellingGeneralAndAdministration,"110,336,000","29,308,000","26,461,000","27,344,000","27,223,000","28,526,000","31,570,000","25,745,000","21,889,000","25,840,000","26,997,000","26,861,000","31,829,000","32,613,000","29,232,000","32,552,000","31,641,000","34,592,000","33,610,000","34,331,000","31,775,000","30,806,000","33,719,000","29,512,000","29,397,000","22,624,000","23,910,000","22,543,000","24,058,000","24,945,000","22,279,000","22,307,000","21,972,000","18,089,000","19,412,000","18,319,000","18,908,000","16,256,000","18,947,000","16,560,000","15,439,000","13,973,000","16,018,000","13,545,000","9,183,000","3,364,000","3,506,000","2,498,000","2,491,000","2,460,000","2,538,000","2,004,000","2,166,000","2,149,000","1,026,000","2,005,000","2,032,000","2,127,000","2,247,000","2,119,000","2,023,000","2,153,000","2,309,000","1,869,000","1,848,000","1,594,000","1,265,000","1,267,000","1,464,000","1,466,000","1,553,000","1,284,000","1,436,000","1,216,000","1,293,000","1,387,000","1,346,000","1,084,000","1,510,000","1,497,000","1,333,000","1,213,000","1,107,000","1,085,000","1,097,000","1,404,000","2,045,000","1,573,000","1,150,000","1,320,000","957,000","924,000","741,000","796,000","1,243,000","885,000","957,000","1,013,000","1,171,000","1,100,000","1,400,000","800,000","1,600,000","700,000","700,000","600,000","700,000","1,000,000","800,000","1,300,000","1,200,000","800,000","700,000","800,000","600,000","600,000","600,000","600,000"
	ResearchAndDevelopment,"78,045,000","20,434,000","18,794,000","20,590,000","18,227,000","17,603,000","16,869,000","18,070,000","15,341,000","17,760,000","15,486,000","18,838,000","19,255,000","18,897,000","16,518,000","19,056,000","21,022,000","23,304,000","21,845,000","19,721,000","21,407,000","19,505,000","18,371,000","19,745,000","19,111,000","15,696,000","15,145,000","14,934,000","14,977,000","14,548,000","14,653,000","15,278,000","14,550,000","13,045,000","12,911,000","12,718,000","12,403,000","11,841,000","11,233,000","10,046,000","9,912,000","9,759,000","10,100,000","11,285,000","4,586,000","2,469,000","2,688,000","2,299,000","2,862,000","1,804,000","1,352,000","1,322,000","1,574,000","1,746,000","1,722,000","1,974,000","1,497,000","1,590,000","1,227,000","1,371,000","1,340,000","1,143,000","845,000","996,000","890,000","636,000","716,000","630,000","656,000","631,000","501,000","542,000","561,000","622,000","256,000","602,000","684,000","945,000","988,000","968,000","1,052,000","902,000","1,094,000","938,000","924,000","735,000","2,230,000","611,000","551,000","647,000","801,000","670,000","472,000","598,000","-69,000","1,119,000","1,128,000","1,024,000","772,000","500,000","500,000","300,000","600,000","500,000","600,000","400,000","600,000","500,000","700,000","700,000","500,000","600,000","500,000","500,000",,,,
	DepreciationAmortizationDepletionIncomeStatement,,,,,,,,,,,,,,,,,,,,,,,,,,,,,,,,,,,,,,,,,,,,,,,,,,,,,,,,,,,,,,,,,,,,,,,,,,,,,,,,,,,,,,,,,"211,000",,,,,,,,,,,"100,000","100,000","100,000","100,000","100,000","100,000","100,000","100,000",,"100,000","100,000","100,000",,"100,000",,,,,
		DepreciationAndAmortizationInIncomeStatement,,,,,,,,,,,,,,,,,,,,,,,,,,,,,,,,,,,,,,,,,,,,,,,,,,,,,,,,,,,,,,,,,,,,,,,,,,,,,,,,,,,,,,,,,"211,000",,,,,,,,,,,"100,000","100,000","100,000","100,000","100,000","100,000","100,000","100,000",,"100,000","100,000","100,000",,"100,000",,,,,
OperatingIncome,"91,694,000","14,371,000","22,107,000","21,453,000","33,763,000","41,540,000","44,258,000","38,790,000","-10,495,000","22,467,000","23,139,000","28,993,000","21,630,000","23,797,000","22,707,000","21,531,000","21,808,000","20,671,000","21,864,000","16,177,000","25,223,000","34,849,000","26,516,000","27,437,000","22,987,000","29,922,000","30,123,000","37,449,000","26,670,000","27,077,000","25,383,000","24,000,000","24,235,000","25,891,000","17,319,000","14,880,000","8,841,000","10,954,000","8,285,000","10,194,000","8,862,000","8,717,000","7,728,000","6,014,000","5,450,000","4,623,000","2,393,000","4,008,000","3,351,000","2,379,000","2,375,000","1,219,000","-1,209,000","-1,477,000","108,000","854,000","1,750,000","1,842,000","2,312,000","1,683,000","1,792,000","1,918,000","2,002,000","1,294,000","1,145,000","1,078,000","1,117,000","748,000","338,000","367,000","179,000","118,000","239,000","250,000","225,000","-193,000","-632,000","-954,000","-1,184,000","-1,418,000","-1,659,000","-1,914,000","-1,977,000","-1,797,000","-1,774,000","-1,839,000","-2,928,000","-2,488,000","-2,040,000","-2,059,000","-2,441,000","-2,079,000","-1,570,000","-1,554,000","-2,441,000","-1,733,000","-1,815,000","-1,953,000","-1,846,000","-1,700,000","-2,500,000","-1,600,000","-3,800,000","-1,000,000","-3,800,000","-700,000","-300,000","-600,000","-1,300,000","-1,300,000","-1,300,000","-1,100,000","-1,000,000","-1,300,000","-1,600,000","-1,000,000","-500,000","-600,000"
NetNonOperatingInterestIncomeExpense,"-2,288,000","-569,000","-574,000","-515,000","-630,000","-1,039,000","-1,191,000","-1,259,000","-1,361,000","-748,000","-1,007,000","-1,148,000","-1,240,000","-1,368,000","-1,281,000","-1,241,000","-1,240,000","-1,180,000","-1,252,000","-1,250,000","-1,261,000","-1,122,000","-970,000","-660,000","-950,000","-677,000","-743,000","-759,000","-544,000","-564,000","-504,000","-857,000","-970,000","-931,000","-627,000","-1,062,000","-873,000","-981,000","-1,054,000","-898,000","-1,048,000","-1,136,000","-1,061,000","-1,213,000","-1,246,000","9,000","16,000","9,000","3,000","-3,000","-9,000","-7,000","4,000","22,000",,,,,,,,,,,,,,,,,,,,,,,,,,,,,,,,,,,,,,,,,,,,,,,,,,,,,,,,,,,,,,,,
	InterestIncomeNonOperating,,,,,,,,,,,,,,,,,,,,,,,,,,,,,,,,,,,,,,,,,,,,"0","0",,,,"3,000",,"-9,000","0","4,000","22,000",,,,,,,,,,,,,,,,,,,,,,,,,,,,,,,,,,,,,,,,,,,,,,,,,,,,,,,,,,,,,,,,
	InterestExpenseNonOperating,"2,288,000","569,000","574,000","515,000","630,000","1,039,000","1,191,000","1,259,000","1,361,000","748,000","1,007,000","1,148,000","1,240,000","1,368,000","1,281,000","1,241,000","1,240,000","1,180,000","1,252,000","1,250,000","1,261,000","1,122,000","970,000","660,000","950,000","677,000","743,000","759,000","544,000","564,000","504,000","857,000","970,000","931,000","627,000","1,062,000","873,000","981,000","1,054,000","898,000","1,048,000",,,"1,213,000","1,246,000",,,,,,,"7,000",,,,,,,,,,,,,,,,,,,,,,,,,,,,,,,,,,,,,,,,,,,,,,,,,,,,,,,,,,,,,,,,,,
	TotalOtherFinanceCost,,,,,,,,,,,,,,,,,,,,,,,,,,,,,,,,,,,,,,,,,,"1,136,000",,,,"-9,000",,"-9,000",,"3,000",,"7,000",,,,,,,,,,,,,,,,,,,,,,,,,,,,,,,,,,,,,,,,,,,,,,,,,,,,,,,,,,,,,,,,,,
OtherIncomeExpense,"14,000","2,240,000","974,000","-606,000","-2,594,000","-27,000","-2,422,000","-3,782,000","1,739,000","-4,440,000","-9,247,000","-5,187,000","-12,091,000","-7,120,000","-2,384,000","-16,957,000","-826,000","-3,489,000","-2,059,000","-7,743,000","-13,078,000","-1,093,000","6,809,000","-536,000","2,192,000","-1,507,000","9,688,000","773,000","102,000","-334,000","-604,000","997,000","-340,000","-2,079,000","-1,007,000","-1,453,000","-492,000","731,000","-1,182,000","-1,101,000","2,105,000","928,000","4,487,000","-2,309,000","-2,013,000","-3,527,000","36,000","37,000","7,000","43,000","-316,000","-90,000","45,000","52,000","-1,000","25,000","35,000","52,000","40,000","39,000","50,000","50,000","50,000","21,000","50,000","50,000","50,000","51,000","50,000","50,000","48,000","69,000","50,000","50,000","52,000","56,000","53,000","50,000",,,,,,,,,,,,,,,,,,"-29,000","62,000",,"-337,000","2,500,000","100,000","100,000",,,,,"0",,,"100,000","0","100,000","100,000","100,000","100,000","100,000",,
	GainOnSaleOfSecurity,"2,931,000","2,217,000","1,096,000","133,000","-515,000","773,000","123,000","-2,883,000","-1,741,000","-938,000","-1,156,000","4,083,000","-804,000","203,000","-99,000","125,000","5,174,000","-4,578,000","-1,188,000","-7,340,000","-13,251,000","-1,329,000","7,722,000","-873,000","2,796,000","-1,835,000","422,000","286,000","-160,000","-529,000","462,000","1,232,000","-660,000","-1,770,000","-909,000","-1,395,000","-251,000","1,333,000","-2,448,000","-421,000","3,289,000","-511,000","5,795,000","2,006,000","1,235,000",,,,,,,,,,,,,,,,,,,,,,,,,,,,,,,,,,,,,,,,,,,,,,,,,,,,,,,,,,,,,,,,,,,,,,,,,
	EarningsFromEquityInterest,,,,,,,,,,,,,,,,,,,,,,,,,,,,"0","0","0","785,000","0","0","0","117,000","77,000","17,000","225,000","146,000",,,,"-243,000","0","0","0","0","0","0","-22,000","-369,000","-123,000",,,,,,,,,,,,,,,,,,,,,,,,,,,,,,,,,,,,,,,,,,,,,,,,,,,,,,,,,,,,,,,,,,
	SpecialIncomeCharges,"-3,247,000","-181,000","-226,000","-749,000","-2,091,000","-791,000","-2,351,000","-284,000","598,000","-3,766,000","-7,667,000","-9,501,000","-11,458,000","-7,466,000","-1,874,000","-17,294,000","-6,215,000",,"-789,000","0","0","0","-50,000","-22,000","-634,000","-37,000","9,949,000","0","0","0","-1,425,000","-730,000","0","-290,000","-503,000","-326,000","-422,000","-1,163,000","425,000","-680,000","-1,184,000","1,439,000","-1,065,000","-4,315,000","-3,248,000","-3,527,000","36,000","37,000","7,000","65,000","53,000","33,000","45,000","52,000","-1,000","25,000","35,000","52,000","40,000","39,000","50,000","50,000","50,000","21,000","50,000","50,000","50,000","51,000","50,000","50,000","48,000","69,000","50,000","50,000","52,000","56,000","53,000","50,000",,,,,,,,,,,,,,,,,,"-29,000","62,000",,"-337,000","2,500,000","100,000","100,000",,,,,"0",,,"100,000","0","100,000","100,000","100,000","100,000","100,000",,
		RestructuringAndMergernAcquisition,"3,247,000","181,000","226,000","749,000","2,091,000","791,000","2,351,000","284,000","-598,000","3,766,000","1,110,000","8,664,000","1,573,000","1,952,000","1,874,000","5,818,000","6,215,000",,"789,000","0","0","0","50,000","22,000","634,000","37,000",,"0","0","0","785,000","0","0","290,000","503,000","326,000","422,000","1,163,000","0","0","0","0","-64,000","200,000","1,426,000","3,754,000",,,,,,,,,,,,,,,,,,,,,,,,,,,,,,,,,,,,,,,,,,,,,,,,,,,,,,,,,,,,,,,,,,,,,,,,
		WriteOff,,,,,,,"0","0","0","0","1,587,000","837,000","9,885,000","10,484,000","0","11,476,000",,,,,,,,,,,,,,,,,,,,,,,,,,,,,,,,,,,,,,,,,,,,,,,,,,,,,,,,,,,,,,,,,,,,,,,,,,,,,,,,,,,,,,,,,,,,,,,,,,,,,,
		OtherSpecialCharges,,,,,,,,,,,,,,,,,,,,,,,,,,,,,,,"640,000","730,000",,,,,,,,"680,000","1,184,000","-1,439,000","1,129,000","4,115,000","1,822,000","-227,000",,,,,,,,,,,,,,,,,,,,,,,,,,,,,,,,,,,,,,,,,,,,,,,,,,,,,,,,,,,,,,,,,,,,,,,,
		GainOnSaleOfBusiness,,,,,,,"0","0","0","0",,"0","0","4,970,000",,,,,,,,,,,,,,,,,,,,,,,,,,,,,,,,,,,,,,,,,,,,,,,,,,,,,,,,,,,,,,,,,,,,,,,,,,,,,,,,,,,,,,,,,,,,,,,,,,,,,,,,
	OtherNonOperatingIncomeExpenses,"330,000","204,000","104,000","10,000","12,000","-9,000","-194,000","-615,000","2,882,000","264,000","-424,000","231,000","171,000","143,000","-411,000","212,000","215,000","1,089,000","-82,000","-403,000","173,000","236,000","-863,000","359,000","30,000","365,000","-683,000","487,000","262,000","195,000","-426,000","495,000","320,000","-19,000","288,000","191,000","164,000","336,000","64,000",,,,,,,,,,,,,,,,,,,,,,,,,,,,,,,,,,,,,,,,,,,,,,,,,,,,,,,,,,,,,,,,,,,,,,,,,,,,,,,
PretaxIncome,"89,420,000","16,042,000","22,507,000","20,332,000","30,539,000","40,474,000","40,645,000","33,749,000","-10,117,000","17,279,000","12,885,000","22,658,000","8,299,000","15,309,000","19,042,000","3,333,000","19,742,000","16,002,000","18,553,000","7,184,000","10,884,000","32,634,000","32,355,000","26,241,000","24,229,000","27,738,000","39,068,000","37,463,000","26,228,000","26,179,000","24,275,000","24,140,000","22,925,000","22,881,000","15,685,000","12,365,000","7,476,000","10,704,000","6,049,000","8,195,000","9,919,000","8,509,000","11,154,000","2,492,000","2,191,000","1,105,000","2,445,000","4,054,000","3,361,000","2,419,000","2,050,000","1,122,000","-1,160,000","-1,403,000","230,000","1,078,000","2,003,000","2,191,000","2,632,000","1,973,000","2,086,000","2,154,000","2,204,000","1,450,000","1,314,000","1,239,000",,,,,,,,,,,,,,,,,,,,,,,,,,,,,,,,,,,,,,,,,,,,,,,,,,,,
TaxProvision,"17,148,000","4,295,000","2,459,000","4,646,000","5,748,000","7,565,000","6,652,000","9,603,000","205,000","5,406,000","2,431,000","6,771,000","5,548,000","6,895,000","6,413,000","3,688,000","3,083,000","3,036,000","23,795,000","630,000","2,371,000","7,232,000","6,319,000","6,018,000","5,783,000","15,845,000","10,654,000","9,798,000","6,734,000","6,359,000","4,446,000","6,852,000","6,502,000","6,302,000","4,754,000","3,600,000","1,948,000","795,000","771,000","2,425,000","2,911,000","2,244,000","936,000","973,000","1,373,000","1,771,000","-691,000","1,492,000","1,244,000","876,000","750,000","333,000","-291,000","-467,000","-61,000","430,000","749,000","820,000","863,000","-1,083,000","830,000","860,000","1,174,000","550,000","498,000","471,000",,,,,,,,,,,,,,,,,,,,,,,,,,,,,,,,,,,,,,,,,,,,,,,,,,,,
NetIncomeCommonStockholders,"72,272,000","11,747,000","20,048,000","15,686,000","24,791,000","32,909,000","33,993,000","24,146,000","-10,322,000","11,873,000","10,454,000","15,887,000","2,751,000","8,414,000","12,629,000","-355,000","16,659,000","12,966,000","-5,242,000","6,554,000","8,513,000","25,402,000","26,036,000","20,223,000","18,446,000","11,893,000","28,414,000","27,665,000","19,494,000","19,820,000","19,829,000","17,288,000","16,423,000","16,579,000","10,958,000","8,543,000","4,969,000","7,728,000","2,130,000","2,582,000","3,736,000","2,713,000","6,008,000","-1,644,000","-1,582,000","-666,000","3,302,000","2,691,000","2,307,000","1,650,000","1,397,000","1,131,000","-869,000","-936,000","291,000","648,000","1,254,000","1,371,000","1,769,000","3,056,000","1,256,000","1,294,000","1,030,000","900,000","816,000","768,000","14,755,000","878,000","454,000","462,000","257,000","206,000","295,000","301,000","265,000","-146,000","-609,000","-925,000","-1,141,000","-1,411,000","-1,655,000","-2,099,000","-2,340,000","-1,786,000","-1,742,000","-1,823,000","-2,879,000","-2,377,000","-3,954,000","-2,064,000","-10,645,000","-1,995,000","-1,663,000","-1,540,000","-2,457,000","-1,715,000","-1,675,000","-1,857,000","-1,817,000","700,000","-2,400,000","-1,900,000","-3,800,000","-1,100,000","-3,900,000","-600,000","-200,000","-500,000","-1,200,000","-1,300,000","-1,000,000","-1,100,000","-900,000","-1,200,000","-1,500,000","-1,000,000","-500,000","-700,000"
	NetIncome,"72,272,000","11,747,000","20,048,000","15,686,000","24,791,000","32,909,000","33,993,000","24,146,000","-10,322,000","11,873,000","10,454,000","15,887,000","2,751,000","8,414,000","12,629,000","-355,000","16,659,000","12,966,000","-5,242,000","6,554,000","8,513,000","25,402,000","26,036,000","20,223,000","18,446,000","11,893,000","28,414,000","27,665,000","19,494,000","19,820,000","19,829,000","17,288,000","16,423,000","16,579,000","10,958,000","8,702,000","5,509,000","8,651,000","3,320,000","4,098,000","5,576,000","4,878,000","8,498,000","1,171,000","1,341,000","-666,000","3,302,000","2,691,000","2,307,000","1,650,000","1,397,000","1,131,000","-869,000","-936,000","291,000","648,000","1,254,000","1,371,000","1,769,000","3,056,000","1,256,000","1,294,000","1,030,000","900,000","816,000","768,000","14,755,000","878,000","454,000","462,000","257,000","206,000","295,000","301,000","265,000","-146,000","-609,000","-925,000","-1,141,000","-1,411,000","-1,655,000","-2,099,000","-2,340,000","-1,786,000","-1,742,000","-1,823,000","-2,879,000","-2,377,000","-3,954,000","-2,064,000","-2,378,000","-1,995,000","-1,663,000","-1,540,000","-2,457,000","-1,715,000","-1,675,000","-1,857,000","-1,817,000","700,000","-2,400,000","-1,900,000","-3,800,000","-1,100,000","-3,900,000","-600,000","-200,000","-500,000","-1,200,000","-1,300,000","-1,000,000","-1,100,000","-900,000","-1,200,000","-1,500,000","-1,000,000","-500,000","-700,000"
		NetIncomeIncludingNoncontrollingInterests,"72,272,000","11,747,000","20,048,000","15,686,000","24,791,000","32,909,000","33,993,000","24,146,000","-10,322,000","11,873,000","10,454,000","15,887,000","2,751,000","8,414,000","12,629,000","-355,000","16,659,000","12,966,000","-5,242,000","6,554,000","8,513,000","25,402,000","26,036,000","20,223,000","18,446,000","11,893,000","28,414,000","27,665,000","19,494,000","19,820,000","19,829,000","17,288,000","16,423,000","16,579,000","10,931,000","8,765,000","5,528,000","9,909,000","5,278,000","5,770,000","7,008,000","6,265,000","10,218,000","1,519,000","818,000","-666,000","3,136,000","2,562,000","2,117,000","1,543,000","1,300,000","789,000","-869,000","-936,000","291,000","648,000","1,254,000","1,371,000","1,769,000","3,056,000","1,256,000","1,294,000","1,030,000","900,000","816,000","768,000","14,755,000","878,000","454,000","462,000","257,000","206,000","295,000","301,000","265,000","-146,000","-609,000","-927,000","-1,173,000","-1,417,000","-1,650,000","-2,066,000","-2,333,000","-1,805,000","-1,749,000","-1,823,000","-2,879,000","-2,377,000","-3,954,000","-2,064,000","-2,378,000","-1,995,000","-1,663,000","-1,540,000","-2,457,000","-1,715,000","-1,675,000","-1,857,000","-1,817,000","700,000","-2,400,000","-1,900,000","-3,800,000","-1,100,000","-3,900,000","-600,000","-200,000","-500,000","-1,200,000","-1,300,000","-1,000,000","-1,100,000","-900,000","-1,200,000","-1,500,000","-1,000,000","-500,000","-700,000"
			NetIncomeContinuousOperations,"72,272,000","11,747,000","20,048,000","15,686,000","24,791,000","32,909,000","33,993,000","24,146,000","-10,322,000","11,873,000","10,454,000","15,887,000","2,751,000","8,414,000","12,629,000","-355,000","16,659,000","12,966,000","-5,242,000","6,554,000","8,513,000","25,402,000","26,036,000","20,223,000","18,446,000","11,893,000","28,414,000","27,665,000","19,494,000","19,820,000","19,829,000","17,288,000","16,423,000","16,579,000","10,931,000","8,765,000","5,528,000","9,909,000","5,278,000","5,770,000","7,008,000","6,265,000","10,218,000","1,519,000","818,000","-666,000","3,136,000","2,562,000","2,117,000","1,543,000","1,300,000","789,000","-869,000","-936,000","291,000","648,000","1,254,000","1,371,000","1,769,000","3,056,000","1,256,000","1,294,000","1,030,000","900,000","816,000","768,000","14,755,000","878,000","454,000","462,000","257,000","206,000","295,000","301,000","265,000","-146,000","-609,000","-925,000","-1,141,000","-1,411,000","-1,655,000","-2,099,000","-2,340,000","-1,786,000","-1,742,000","-1,823,000","-2,879,000","-2,377,000","-4,661,000","-2,064,000","-2,397,000","-1,995,000","-1,644,000","-1,540,000","-2,457,000","-1,715,000","-1,675,000","-1,857,000","-1,777,000","700,000","-2,400,000","-1,600,000","-3,800,000","-1,100,000","-3,900,000","-600,000","-200,000","-500,000","-1,200,000","-1,300,000","-1,000,000","-1,100,000","-900,000","-1,200,000","-1,500,000","-1,000,000","-500,000","-700,000"
			NetIncomeDiscontinuousOperations,,,,,,,,,,,,,,,,,,,,,,,,,,,,,,,,,,,,,,,,,,,,,,,,,,,,,,,,,,,,,,,,,,,,,,,,,,,,,,,,,,,,,,,,,,,,,"-19,000",,,,,,,,,,,,,,,,,,,,,,,,,
			NetIncomeExtraordinary,,,,,,,,,,,,,,,,,,,,,,,,,,,,,,,,,,,,,,,,,,,,,,,,,,,,,,,,,,,,,,,,,,,,,,,,,,,,,,,,,,,,,,,,,,,,,,,,,,,"-40,000",,,"-300,000",,,,,,,,,,,,,,,,
			NetIncomeFromTaxLossCarryforward,,,,,,,,,,,,,,,,,,,,,,,,,,,,,,,,,,,,,,,,,,,,,,,,,,,,,,,,,,,,,,,,,,,,,,,,,,,,,,,,,,,,,,,"0",,"707,000",,,,,,,,,,,,,,,,,,,,,,,,,,,,,
		MinorityInterests,,,,,,,,,,,,,,,,,,,,,,,,,,,,,,,"0","0","0","0","27,000","-63,000","-19,000","-1,258,000","-1,958,000","-1,672,000","-1,432,000","-1,387,000","-1,720,000","-348,000","523,000","0","166,000","129,000","190,000","107,000","97,000","342,000",,,,,,,,,,,,,,,,,,,,,,,,,,"2,000",,"6,000","-5,000","-33,000","-7,000","19,000","7,000",,,,,,,,,,,,,,,,,,,,,,,,,,,,,,,,,
	PreferredStockDividends,,,,,,,,,,,,,,,,,,,,,,,,,,,,,,,,,,,"0","159,000","540,000","923,000","1,190,000","1,516,000","1,840,000","2,165,000","2,490,000","2,815,000","2,923,000",,,,,,,,,,,,,,,,,,,,,,,,,,,,,,,,,,,,,,,,,,,,,,,,,,,,,,,,,,,,,,,,,,,,,,,,,
DilutedNIAvailtoComStockholders,"72,272,000","11,747,000","20,048,000","15,686,000","24,791,000","32,909,000","33,993,000","24,146,000","-10,322,000","11,873,000","10,454,000","15,887,000","2,751,000","8,414,000","12,629,000","-355,000","16,659,000","12,966,000","-5,242,000","6,554,000","8,513,000","25,402,000","26,036,000","20,223,000","18,446,000","11,893,000","28,414,000","27,665,000","19,494,000","19,820,000","19,829,000","17,288,000","16,423,000","16,579,000","10,958,000","8,543,000","4,969,000","7,728,000","2,130,000","2,582,000","3,736,000","2,713,000","6,008,000","-1,644,000","-1,582,000","-666,000","3,302,000","2,691,000","2,307,000","1,650,000","1,397,000","1,131,000","-869,000","-936,000","291,000","648,000","1,254,000","1,371,000","1,769,000","3,056,000","1,256,000","1,294,000","1,030,000","900,000","816,000","768,000","14,755,000","878,000","454,000","462,000","257,000","206,000","295,000","301,000","265,000","-146,000","-609,000","-925,000","-1,141,000","-1,411,000","-1,655,000","-2,099,000","-2,340,000","-1,786,000","-1,742,000","-1,823,000","-2,879,000","-2,377,000","-3,954,000","-2,064,000","-10,645,000","-1,995,000","-1,663,000","-1,540,000","-2,457,000","-1,715,000","-1,675,000","-1,857,000","-1,817,000","700,000","-2,400,000","-1,900,000","-3,800,000","-1,100,000","-3,900,000","-600,000","-200,000","-500,000","-1,200,000","-1,300,000","-1,000,000","-1,100,000","-900,000","-1,200,000","-1,500,000","-1,000,000","-500,000","-700,000"
BasicEPS,,"0.36","0.61","0.47","0.75","1","1.04","0.74","-0.32","0.36","0.32","0.48","0.08","0.25","0.37","-0.01","0.46","0.35","-0.14","0.18","0.23","0.69","0.71","0.55","0.51","0.33","0.78","0.77","0.54","0.55","0.56","0.49","0.46","0.47","0.31","0.25","0.15","0.24","0.09","0.09","0.13","0.11",,"-0.07","-0.07","-0.03",,"0.12","0.11","0.08",,"0.05","-0.04","-0.04",,"0.03","0.06","0.06",,"0.14","0.06","0.06",,"0.04","0.04","0.04",,"0.04","0.02","0.02",,"0.01","0.02","0.02",,"-0.01","-0.06","-0.09",,"-0.13","-0.15","-0.3",,"-0.38","-0.37","-0.41",,"-0.54","-1.66","-1.08",,"-1.04","-0.91","-0.81",,"-4.5","-4.5","-4.75",,"1.75","-6.25","-7.5",,"-6.5","-23.75","-3.75",,"-3.75","-9","-9.75",,"-8.5","-6.5","-9",,"-7.75","-9.25","-4.25"
DilutedEPS,,"0.35","0.6","0.47","0.74","0.99","1.02","0.73","-0.32","0.36","0.32","0.48","0.08","0.25","0.36","-0.01","0.45","0.35","-0.14","0.18","0.23","0.69","0.71","0.55","0.5","0.33","0.78","0.76","0.53","0.55","0.55","0.48","0.46","0.47","0.31","0.24","0.15","0.24","0.09","0.09","0.12","0.11",,"-0.07","-0.07","-0.03",,"0.12","0.1","0.07",,"0.05","-0.04","-0.04",,"0.03","0.06","0.06",,"0.13","0.06","0.06",,"0.04","0.04","0.03",,"0.04","0.02","0.02",,"0.01","0.01","0.01",,"-0.01","-0.06","-0.09",,"-0.13","-0.15","-0.3",,"-0.38","-0.37","-0.41",,"-0.54","-1.66","-1.08",,"-1.04","-0.91","-0.81",,"-4.5","-4.5","-4.75",,"1.75","-6.25","-7.5",,"-6.5","-23.75","-3.75",,"-3.75","-9","-9.75",,"-8.5","-6.5","-9",,"-7.75","-9.25","-4.25"
BasicAverageShares,,"33,035,000","33,119,000","33,178,000","33,100,000","32,945,970","32,765,000","32,624,000","32,580,000","32,693,000","32,638,000","32,839,000","33,441,000","33,573,000","34,551,000","36,104,000","36,523,000","36,766,000","36,743,000","36,742,000","36,777,000","36,620,000","36,515,000","36,477,000","36,442,000","36,357,000","36,270,000","36,110,000","35,971,000","35,769,000","35,691,000","35,522,000","35,361,000","35,064,000","34,814,000","34,447,000","32,658,000","31,607,000","29,717,000","29,619,000","29,568,000","24,461,000",,"22,753,000","22,208,000","22,081,000",,"21,713,000","21,621,000","21,532,000",,"21,470,000","21,420,000","21,232,000",,"22,151,000","22,140,000","22,004,000",,"21,701,000","21,631,000","21,390,000",,"21,282,000","19,202,000","17,636,000",,"15,691,000","15,516,000","14,909,000",,"14,225,000","12,689,000","12,420,000",,"12,064,000","10,785,000","10,771,000",,"10,772,000","10,771,000","7,072,000",,"4,718,000","4,649,000","4,428,000",,"4,428,000","2,382,000","1,912,000",,"1,910,000","1,910,000","1,910,000",,"382,000","382,000","382,000",,"400,000","2,508,500","2,508,500",,"814,000","817,000","810,000",,"660,000","660,000","660,000",,"660,000","660,000","660,000",,"660,000","1,200,000","1,200,000"
DilutedAverageShares,,"33,377,000","33,569,000","33,609,000","33,544,000","33,389,591","33,278,000","32,958,000","32,580,000","32,869,000","32,812,000","32,933,000","33,574,000","33,733,000","34,743,000","36,448,000","36,667,000","36,873,000","36,869,000","36,805,000","36,840,000","36,739,000","36,619,000","36,595,000","36,637,000","36,550,000","36,583,000","36,482,000","36,585,000","36,245,000","36,232,000","36,271,000","36,094,000","35,592,000","35,274,000","34,886,000","33,167,000","32,084,000","30,082,000","30,003,000","30,103,000","25,151,000",,"22,753,000","22,208,000","22,081,000",,"22,488,000","22,381,000","22,345,000",,"22,082,000","21,420,000","21,232,000",,"22,355,000","22,710,000","22,784,000",,"22,748,000","22,712,000","22,363,000",,"22,141,000","20,114,000","18,261,000",,"16,215,000","16,132,000","15,592,000",,"15,405,000","20,564,000","12,420,000",,"12,064,000","10,785,000","10,771,000",,"10,772,000","10,771,000","7,072,000",,"4,718,000","4,649,000","4,428,000",,"4,428,000","2,382,000","1,912,000",,"1,910,000","1,910,000","1,910,000",,"382,000","382,000","382,000",,"400,000","2,508,500","2,508,500",,"814,000","817,000","810,000",,"660,000","660,000","660,000",,"660,000","660,000","660,000",,"660,000","1,200,000","1,200,000"
TotalOperatingIncomeAsReported,"88,447,000","14,190,000","21,881,000","20,704,000","31,672,000","40,749,000","41,907,000","38,506,000","-9,897,000","18,701,000","22,029,000","20,329,000","20,057,000","21,845,000","20,833,000","15,713,000","15,593,000","20,671,000","21,075,000","16,177,000","25,223,000","34,849,000","26,466,000","27,415,000","22,353,000","29,885,000","30,123,000","37,449,000","26,670,000","27,077,000","25,383,000","24,000,000","24,235,000","24,816,000","16,816,000","14,554,000","8,419,000","9,791,000","8,285,000","10,194,000","8,862,000","8,717,000","7,792,000","5,814,000","4,024,000","869,000","2,393,000","4,008,000","3,351,000","2,379,000","2,375,000","1,219,000","-1,209,000","-1,477,000","108,000","854,000","1,750,000","1,842,000","2,312,000","1,683,000","1,792,000","1,918,000","2,002,000","1,294,000","1,145,000","1,078,000","1,117,000","748,000","338,000","367,000","179,000","118,000","239,000","250,000","225,000","-193,000","-632,000","-954,000","-1,184,000","-1,418,000","-1,659,000","-1,914,000","-1,977,000","-1,797,000","-1,774,000","-1,839,000","-2,928,000","-2,488,000","-2,040,000","-2,059,000","-2,441,000","-2,079,000","-1,570,000","-1,554,000","-2,441,000","-1,733,000","-1,815,000","-1,953,000","-1,846,000","-1,700,000","-2,500,000","-1,600,000","-3,800,000","-1,000,000","-3,800,000","-700,000","-300,000","-600,000","-1,300,000","-1,300,000","-1,300,000","-1,100,000","-1,000,000","-1,300,000","-1,600,000","-1,000,000","-500,000","-600,000"
TotalExpenses,"933,578,000","253,286,000","226,119,000","221,931,000","232,242,000","246,995,000","244,626,000","220,750,000","146,556,000","206,146,000","207,242,000","211,063,000","221,696,000","234,124,000","230,945,000","237,408,000","241,971,000","241,218,000","235,321,000","219,676,000","218,155,000","214,418,000","210,025,000","205,188,000","209,733,000","185,792,000","182,154,000","186,369,000","186,771,000","179,832,000","179,785,000","182,012,000","181,947,000","168,047,000","164,971,000","156,302,000","151,679,000","137,136,000","139,957,000","130,864,000","127,291,000","120,809,000","123,288,000","119,625,000","71,687,000","31,173,000","26,524,000","26,478,000","25,461,000","21,809,000","19,223,000","17,223,000","11,924,000","11,647,000","12,718,000","15,777,000","15,046,000","15,518,000","14,078,000","14,226,000","13,266,000","14,355,000","13,028,000","11,435,000","11,264,000","9,363,000","8,845,000","7,508,000","8,224,000","8,590,000","7,609,000","7,213,000","8,391,000","8,711,000","8,717,000","9,403,000","6,276,000","6,200,000","7,607,000","5,909,000","4,491,000","3,439,000","3,466,000","3,303,000","2,891,000","4,174,000","5,978,000","4,267,000","3,063,000","3,093,000","2,711,000","2,181,000","1,663,000","1,873,000","2,562,000","2,017,000","2,096,000","2,037,000","2,054,000","2,100,000","2,900,000","2,000,000","4,700,000","2,900,000","6,100,000","3,800,000","3,300,000","2,800,000","3,000,000","2,200,000","2,000,000","1,700,000","1,700,000","1,800,000","2,400,000","1,600,000","900,000","1,100,000"
NetIncomeFromContinuingAndDiscontinuedOperation,"72,272,000","11,747,000","20,048,000","15,686,000","24,791,000","32,909,000","33,993,000","24,146,000","-10,322,000","11,873,000","10,454,000","15,887,000","2,751,000","8,414,000","12,629,000","-355,000","16,659,000","12,966,000","-5,242,000","6,554,000","8,513,000","25,402,000","26,036,000","20,223,000","18,446,000","11,893,000","28,414,000","27,665,000","19,494,000","19,820,000","19,829,000","17,288,000","16,423,000","16,579,000","10,958,000","8,702,000","5,509,000","8,651,000","3,320,000","4,098,000","5,576,000","4,878,000","8,498,000","1,171,000","1,341,000","-666,000","3,302,000","2,691,000","2,307,000","1,650,000","1,397,000","1,131,000","-869,000","-936,000","291,000","648,000","1,254,000","1,371,000","1,769,000","3,056,000","1,256,000","1,294,000","1,030,000","900,000","816,000","768,000","14,755,000","878,000","454,000","462,000","257,000","206,000","295,000","301,000","265,000","-146,000","-609,000","-925,000","-1,141,000","-1,411,000","-1,655,000","-2,099,000","-2,340,000","-1,786,000","-1,742,000","-1,823,000","-2,879,000","-2,377,000","-4,661,000","-2,064,000","-2,378,000","-1,995,000","-1,663,000","-1,540,000","-2,457,000","-1,715,000","-1,675,000","-1,857,000","-1,777,000","700,000","-2,400,000","-1,600,000","-3,800,000","-1,100,000","-3,900,000","-600,000","-200,000","-500,000","-1,200,000","-1,300,000","-1,000,000","-1,100,000","-900,000","-1,200,000","-1,500,000","-1,000,000","-500,000","-700,000"
NormalizedIncome,"72,527,400.939","10,256,648","19,273,051.762","16,160,936","26,907,072","32,923,634","35,856,363.366","26,410,405","-9,487,610","15,104,648","17,612,373.458","19,685,018","11,273,090","13,737,779","13,937,529.409","12,178,370","17,533,440","16,674,180","-4,055,800","13,233,400","18,848,780","26,438,620","19,862,357.843","20,912,150","16,802,880","13,016,200","20,871,213.218","27,453,646","19,612,880","20,220,453","20,615,625.211","16,926,560","16,898,200","18,082,800","11,942,033.918","9,923,910","6,007,020","8,492,900","5,085,150.273","4,873,200.732","4,088,769.432","4,194,732.871","4,164,923.077","2,578,452.247","2,649,450","1,626,550","3,278,600","2,667,617.168","2,302,590.896","1,608,538.652","1,363,390.244","1,107,794.118","-902,711.207","-970,691.376","291,650","632,972.171","1,232,087.868","1,338,461.433","1,742,115.502","3,030,650","1,225,894.535","1,263,962.86","1,000,000","886,965.517","784,949.772","737,007.264","14,725,000","847,400","424,000","432,000","228,200","164,600","265,000","271,000","233,800","-179,600","-640,800","-955,000","-1,141,000","-1,411,000","-1,655,000","-2,099,000","-2,340,000","-1,786,000","-1,742,000","-1,823,000","-2,879,000","-2,377,000","-4,661,000","-2,064,000","-2,397,000","-1,995,000","-1,644,000","-1,540,000","-2,457,000","-1,697,600","-1,712,200","-1,857,000","-1,574,800","-800,000","-2,460,000","-1,660,000","-3,800,000","-1,100,000","-3,900,000","-600,000","-200,000","-500,000","-1,200,000","-1,360,000","-1,000,000","-1,160,000","-960,000","-1,260,000","-1,560,000","-1,060,000","-500,000","-700,000"
InterestIncome,,,,,,,,,,,,,,,,,,,,,,,,,,,,,,,,,,,,,,,,,,,,"0","0",,,,"3,000",,"-9,000","0","4,000","22,000",,,,,,,,,,,,,,,,,,,,,,,,,,,,,,,,,,,,,,,,,,,,,,,,,,,,,,,,,,,,,,,,
InterestExpense,"2,288,000","569,000","574,000","515,000","630,000","1,039,000","1,191,000","1,259,000","1,361,000","748,000","1,007,000","1,148,000","1,240,000","1,368,000","1,281,000","1,241,000","1,240,000","1,180,000","1,252,000","1,250,000","1,261,000","1,122,000","970,000","660,000","950,000","677,000","743,000","759,000","544,000","564,000","504,000","857,000","970,000","931,000","627,000","1,062,000","873,000","981,000","1,054,000","898,000","1,048,000",,,"1,213,000","1,246,000",,,,,,,"7,000",,,,,,,,,,,,,,,,,,,,,,,,,,,,,,,,,,,,,,,,,,,,,,,,,,,,,,,,,,,,,,,,,,
NetInterestIncome,"-2,288,000","-569,000","-574,000","-515,000","-630,000","-1,039,000","-1,191,000","-1,259,000","-1,361,000","-748,000","-1,007,000","-1,148,000","-1,240,000","-1,368,000","-1,281,000","-1,241,000","-1,240,000","-1,180,000","-1,252,000","-1,250,000","-1,261,000","-1,122,000","-970,000","-660,000","-950,000","-677,000","-743,000","-759,000","-544,000","-564,000","-504,000","-857,000","-970,000","-931,000","-627,000","-1,062,000","-873,000","-981,000","-1,054,000","-898,000","-1,048,000","-1,136,000","-1,061,000","-1,213,000","-1,246,000","9,000","16,000","9,000","3,000","-3,000","-9,000","-7,000","4,000","22,000",,,,,,,,,,,,,,,,,,,,,,,,,,,,,,,,,,,,,,,,,,,,,,,,,,,,,,,,,,,,,,,,
EBIT,"91,708,000","16,611,000","23,081,000","20,847,000","31,169,000","41,513,000","41,836,000","35,008,000","-8,756,000","18,027,000","13,892,000","23,806,000","9,539,000","16,677,000","20,323,000","4,574,000","20,982,000","17,182,000","19,805,000","8,434,000","12,145,000","33,756,000","33,325,000","26,901,000","25,179,000","28,415,000","39,811,000","38,222,000","26,772,000","26,743,000","24,779,000","24,997,000","23,895,000","23,812,000","16,312,000","13,427,000","8,349,000","11,685,000","6,353,000","9,093,000","10,967,000","8,717,000","15,959,000","3,705,000","3,437,000","4,623,000","2,393,000","4,008,000","3,351,000","2,379,000","2,349,000","1,129,000","-1,209,000","-1,477,000","108,000","854,000","1,750,000","1,842,000","2,312,000","1,683,000","1,792,000","1,918,000","2,002,000","1,294,000","1,145,000","1,078,000","1,117,000","748,000","338,000","367,000","179,000","118,000","239,000","250,000","225,000","-193,000","-632,000","-954,000","-1,184,000","-1,418,000","-1,659,000","-1,914,000","-1,977,000","-1,797,000","-1,774,000","-1,839,000","-2,928,000","-2,488,000","-2,040,000","-2,059,000","-2,441,000","-2,079,000","-1,570,000","-1,554,000","-2,441,000","-1,733,000","-1,815,000","-1,953,000","-1,846,000","-1,700,000","-2,500,000","-1,600,000","-3,800,000","-1,000,000","-3,800,000","-700,000","-300,000","-600,000","-1,300,000","-1,300,000","-1,300,000","-1,100,000","-1,000,000","-1,300,000","-1,600,000","-1,000,000","-500,000","-600,000"
EBITDA,"130,211,000"
ReconciledCostOfRevenue,"745,197,000","203,544,000","180,864,000","173,997,000","186,792,000","200,866,000","196,187,000","176,935,000","109,326,000","162,546,000","164,759,000","165,364,000","170,612,000","182,614,000","185,195,000","185,800,000","189,308,000","183,322,000","179,866,000","165,624,000","164,973,000","164,107,000","157,935,000","155,931,000","161,225,000","147,472,000","143,099,000","148,892,000","147,736,000","140,339,000","142,853,000","144,427,000","145,425,000","136,913,000","132,648,000","125,265,000","120,368,000","109,039,000","109,777,000","104,258,000","101,940,000","97,077,000","97,170,000","94,795,000","57,918,000","25,340,000","20,330,000","21,681,000","20,108,000","17,545,000","15,333,000","13,897,000","8,184,000","7,752,000","9,970,000","11,798,000","11,517,000","11,801,000","10,604,000","10,736,000","9,903,000","11,059,000","9,880,000","8,570,000","8,526,000","7,133,000","6,864,000","5,611,000","6,104,000","6,493,000","5,555,000","5,387,000","6,394,000","6,873,000","7,171,000","7,414,000","4,246,000","4,171,000","5,109,000","3,444,000","2,106,000","1,324,000","1,265,000","1,280,000","870,000","2,035,000","1,703,000","2,083,000","1,151,000","1,126,000","953,000","587,000","450,000","479,000","1,388,000","13,000","11,000",,"411,000","400,000","900,000","800,000","2,400,000","1,600,000","4,700,000","2,700,000","1,900,000","1,300,000","1,400,000","100,000","200,000","300,000","400,000","500,000","1,700,000","1,000,000","300,000","500,000"
ReconciledDepreciation,"38,503,000","9,577,000","9,350,000","9,859,000","9,717,000","9,854,000","10,337,000","10,289,000","10,082,000","10,406,000","10,965,000","11,064,000","11,165,000","11,052,000","11,917,000","12,898,000","12,931,000","12,892,000","12,309,000","11,472,000","10,999,000","10,192,000","10,040,000","10,177,000","9,383,000","8,164,000","7,906,000","7,800,000","7,864,000","7,459,000","10,464,000","8,634,000","8,458,000","7,473,000","7,782,000","7,737,000","7,796,000","7,934,000","7,725,000","7,500,000","7,826,000","7,576,000","7,898,000","9,360,000","5,704,000","390,000","354,000","339,000","353,000","322,000","289,000","445,000","334,000","370,000","393,000","355,000","318,000","307,000","221,000","177,000","137,000","119,000","118,000","138,000","157,000","76,000","102,000","127,000","122,000","89,000","123,000","169,000","187,000","182,000","135,000","142,000","121,000","125,000","322,000","127,000","138,000","121,000","370,000","130,000","126,000","176,000","169,000","136,000","211,000","103,000","57,000","77,000","118,000","92,000","185,000","156,000","137,000","104,000","-138,000","100,000","100,000","100,000","100,000","100,000","100,000","100,000","100,000","0","100,000","100,000","100,000","0","100,000",,,,,
NetIncomeFromContinuingOperationNetMinorityInterest,"72,272,000","11,747,000","20,048,000","15,686,000","24,791,000","32,909,000","33,993,000","24,146,000","-10,322,000","11,873,000","10,454,000","15,887,000","2,751,000","8,414,000","12,629,000","-355,000","16,659,000","12,966,000","-5,242,000","6,554,000","8,513,000","25,402,000","26,036,000","20,223,000","18,446,000","11,893,000","28,414,000","27,665,000","19,494,000","19,820,000","19,829,000","17,288,000","16,423,000","16,579,000","10,958,000","8,702,000","5,509,000","8,651,000","3,320,000","4,098,000","5,576,000","4,878,000","8,498,000","1,171,000","1,341,000","-666,000","3,302,000","2,691,000","2,307,000","1,650,000","1,397,000","1,131,000","-869,000","-936,000","291,000","648,000","1,254,000","1,371,000","1,769,000","3,056,000","1,256,000","1,294,000","1,030,000","900,000","816,000","768,000","14,755,000","878,000","454,000","462,000","257,000","206,000","295,000","301,000","265,000","-146,000","-609,000","-925,000","-1,141,000","-1,411,000","-1,655,000","-2,099,000","-2,340,000","-1,786,000","-1,742,000","-1,823,000","-2,879,000","-2,377,000","-4,661,000","-2,064,000","-2,397,000","-1,995,000","-1,644,000","-1,540,000","-2,457,000","-1,715,000","-1,675,000","-1,857,000","-1,777,000","700,000","-2,400,000","-1,600,000","-3,800,000","-1,100,000","-3,900,000","-600,000","-200,000","-500,000","-1,200,000","-1,300,000","-1,000,000","-1,100,000","-900,000","-1,200,000","-1,500,000","-1,000,000","-500,000","-700,000"
TotalUnusualItemsExcludingGoodwill,"-316,000","2,036,000","870,000","-616,000","-2,606,000","-18,000","-2,228,000","-3,167,000","-1,143,000","-4,704,000","-8,823,000","-5,418,000","-12,262,000","-7,263,000","-1,973,000","-17,169,000","-1,041,000","-4,578,000","-1,977,000","-7,340,000","-13,251,000","-1,329,000","7,672,000","-895,000","2,162,000","-1,872,000","10,371,000","286,000","-160,000","-529,000","-963,000","502,000","-660,000","-2,060,000","-1,412,000","-1,721,000","-673,000","170,000","-2,023,000","-1,101,000","2,105,000","928,000","4,730,000","-2,309,000","-2,013,000","-3,527,000","36,000","37,000","7,000","65,000","53,000","33,000","45,000","52,000","-1,000","25,000","35,000","52,000","40,000","39,000","50,000","50,000","50,000","21,000","50,000","50,000","50,000","51,000","50,000","50,000","48,000","69,000","50,000","50,000","52,000","56,000","53,000","50,000",,,,,,,,,,,,,,,,,,"-29,000","62,000",,"-337,000","2,500,000","100,000","100,000",,,,,"0",,,"100,000","0","100,000","100,000","100,000","100,000","100,000",,
TotalUnusualItems,"-316,000","2,036,000","870,000","-616,000","-2,606,000","-18,000","-2,228,000","-3,167,000","-1,143,000","-4,704,000","-8,823,000","-5,418,000","-12,262,000","-7,263,000","-1,973,000","-17,169,000","-1,041,000","-4,578,000","-1,977,000","-7,340,000","-13,251,000","-1,329,000","7,672,000","-895,000","2,162,000","-1,872,000","10,371,000","286,000","-160,000","-529,000","-963,000","502,000","-660,000","-2,060,000","-1,412,000","-1,721,000","-673,000","170,000","-2,023,000","-1,101,000","2,105,000","928,000","4,730,000","-2,309,000","-2,013,000","-3,527,000","36,000","37,000","7,000","65,000","53,000","33,000","45,000","52,000","-1,000","25,000","35,000","52,000","40,000","39,000","50,000","50,000","50,000","21,000","50,000","50,000","50,000","51,000","50,000","50,000","48,000","69,000","50,000","50,000","52,000","56,000","53,000","50,000",,,,,,,,,,,,,,,,,,"-29,000","62,000",,"-337,000","2,500,000","100,000","100,000",,,,,"0",,,"100,000","0","100,000","100,000","100,000","100,000","100,000",,
NormalizedEBITDA,"130,527,000","24,152,000","31,561,000","31,322,000","43,492,000","51,385,000","54,401,000","48,464,000","2,469,000","33,137,000","33,680,000","40,288,000","32,966,000","34,992,000","34,213,000","34,641,000","34,954,000","34,652,000","34,091,000","27,246,000","36,395,000","45,277,000","35,693,000","37,973,000","32,400,000","38,451,000","37,346,000","45,736,000","34,796,000","34,731,000","36,206,000","33,129,000","33,013,000","33,345,000","25,506,000","22,885,000","16,818,000","19,449,000","16,101,000","17,694,000","16,688,000","15,365,000","19,127,000","15,374,000","11,154,000","8,540,000","2,711,000","4,310,000","3,697,000","2,636,000","2,585,000","1,541,000","-920,000","-1,159,000","502,000","1,184,000","2,033,000","2,097,000","2,493,000","1,821,000","1,879,000","1,987,000","2,070,000","1,411,000","1,252,000","1,104,000","1,169,000","824,000","410,000","406,000","254,000","218,000","376,000","382,000","308,000","-107,000","-564,000","-879,000","-862,000","-1,291,000","-1,521,000","-1,793,000","-1,607,000","-1,667,000","-1,648,000","-1,663,000","-2,759,000","-2,352,000","-1,829,000","-1,956,000","-2,384,000","-2,002,000","-1,452,000","-1,462,000","-2,256,000","-1,548,000","-1,740,000","-1,849,000","-1,509,000","-4,100,000","-2,500,000","-1,600,000","-3,700,000","-900,000","-3,700,000","-600,000","-200,000","-600,000","-1,200,000","-1,300,000","-1,200,000","-1,200,000","-1,000,000","-1,400,000","-1,700,000","-1,100,000","-500,000","-600,000"
TaxRateForCalcs,"0.192","0.268","0.109","0.229","0.188","0.187","0.164","0.285","0.27","0.313","0.189","0.299","0.305","0.267","0.337","0.27","0.16","0.19","0.4","0.09","0.22","0.22","0.195","0.23","0.24","0.4","0.273","0.261","0.257","0.243","0.183","0.28","0.28","0.27","0.303","0.29","0.26","0.07","0.127","0.296","0.293","0.264","0.084","0.39","0.35","0.35","0.35","0.368","0.37","0.362","0.366","0.297","0.251","0.333","0.35","0.399","0.374","0.374","0.328","0.35","0.398","0.399","0.4","0.379","0.379","0.38","0.4","0.4","0.4","0.4","0.4","0.4","0.4","0.4","0.4","0.4","0.4","0.4","0.4","0.4","0.4","0.4","0.4","0.4","0.4","0.4","0.4","0.4","0.4","0.4","0.4","0.4","0.4","0.4","0.4","0.4","0.4","0.4","0.4","0.4","0.4","0.4","0.4","0.4","0.4","0.4","0.4","0.4","0.4","0.4","0.4","0.4","0.4","0.4","0.4","0.4","0.4","0.4"
TaxEffectOfUnusualItems,"-60,599.061","545,648","95,051.762","-141,064","-489,928","-3,366","-364,636.634","-902,595","-308,610","-1,472,352","-1,664,626.542","-1,619,982","-3,739,910","-1,939,221","-664,470.591","-4,635,630","-166,560","-869,820","-790,800","-660,600","-2,915,220","-292,380","1,498,357.843","-205,850","518,880","-748,800","2,828,213.218","74,646","-41,120","-128,547","-176,374.789","140,560","-184,800","-556,200","-427,966.082","-499,090","-174,980","11,900","-257,849.727","-325,799.268","617,769.432","244,732.871","396,923.077","-901,547.753","-704,550","-1,234,450","12,600","13,617.168","2,590.896","23,538.652","19,390.244","9,794.118","11,288.793","17,308.624","-350","9,972.171","13,087.868","19,461.433","13,115.502","13,650","19,894.535","19,962.86","20,000","7,965.517","18,949.772","19,007.264","20,000","20,400","20,000","20,000","19,200","27,600","20,000","20,000","20,800","22,400","21,200","20,000","0","0","0","0","0","0","0","0","0","0","0","0","0","0","0","0","0","-11,600","24,800","0","-134,800","1,000,000","40,000","40,000","0","0","0","0","0","0","0","40,000","0","40,000","40,000","40,000","40,000","40,000","0","0"