name,ttm,03/31/2022,12/31/2021,09/30/2021,06/30/2021,03/31/2021,12/31/2020,09/30/2020,06/30/2020,03/31/2020,12/31/2019,09/30/2019,06/30/2019,03/31/2019,12/31/2018,09/30/2018,06/30/2018,03/31/2018,12/31/2017,09/30/2017,06/30/2017,03/31/2017,12/31/2016,09/30/2016,06/30/2016,03/31/2016,12/31/2015,09/30/2015,06/30/2015,03/31/2015,12/31/2014,09/30/2014,06/30/2014,03/31/2014,12/31/2013,09/30/2013,06/30/2013,03/31/2013,12/31/2012,09/30/2012,06/30/2012,03/31/2012,12/31/2011,09/30/2011,06/30/2011,03/31/2011,12/31/2010,09/30/2010,06/30/2010,03/31/2010,12/31/2009,09/30/2009,06/30/2009,03/31/2009,12/31/2008,09/30/2008,06/30/2008,03/31/2008,12/31/2007,09/30/2007,06/30/2007,03/31/2007,12/31/2006,09/30/2006,06/30/2006,03/31/2006,12/31/2005,09/30/2005,06/30/2005,03/31/2005,12/31/2004,09/30/2004,06/30/2004
TotalRevenue,"4,411,300,000","1,141,000,000","1,165,900,000","1,101,200,000","1,003,200,000","1,057,300,000","1,177,200,000","1,045,700,000","1,041,900,000","1,084,900,000","1,139,500,000","1,057,300,000","1,250,700,000","1,301,100,000","1,481,100,000","1,394,000,000","1,455,800,000","1,481,200,000","1,699,900,000","1,548,800,000","1,522,200,000","1,536,200,000","1,776,676,000","1,586,850,000","1,541,389,000","1,270,173,000","865,414,000","798,638,000","759,208,000","783,145,000","903,513,000","795,726,000","627,960,000","618,903,000","660,321,000","567,150,000","526,346,000","540,110,000","592,781,000","538,112,000","527,421,000","523,811,000","535,802,000","528,050,000","492,620,000","493,513,000","509,463,000","464,242,000","446,195,000","397,124,000","404,787,000","378,865,000","372,605,000","355,396,000","398,082,000","374,576,000","367,369,000","360,623,000","370,936,000","271,951,000","256,031,000","258,984,000","282,870,000","251,684,000","232,118,000","172,724,000","184,476,000","171,872,000","185,008,000","166,375,000","179,486,000","169,203,000","180,354,000"
	OperatingRevenue,"4,411,300,000","1,141,000,000","1,165,900,000","1,101,200,000","1,003,200,000","1,057,300,000","1,177,200,000","1,045,700,000","1,041,900,000","1,084,900,000","1,139,500,000","1,057,300,000","1,250,700,000","1,301,100,000","1,481,100,000","1,394,000,000","1,455,800,000","1,481,200,000","1,699,900,000","1,548,800,000","1,522,200,000","1,536,200,000","1,776,676,000","1,586,850,000","1,541,389,000","1,270,173,000","865,414,000","798,638,000","759,208,000","783,145,000","903,513,000","795,726,000","627,960,000","618,903,000","660,321,000","567,150,000","526,346,000","540,110,000","592,781,000","538,112,000","527,421,000","523,811,000","535,802,000","528,050,000","492,620,000","493,513,000","509,463,000","464,242,000","446,195,000","397,124,000","404,787,000","378,865,000","372,605,000","355,396,000","398,082,000","374,576,000","367,369,000","360,623,000","370,936,000","271,951,000","256,031,000","258,984,000","282,870,000","251,684,000","232,118,000","172,724,000","184,476,000","171,872,000","185,008,000","166,375,000","179,486,000","169,203,000","180,354,000"
CostOfRevenue,"3,739,300,000","986,000,000","994,700,000","921,500,000","837,100,000","876,200,000","949,300,000","857,500,000","850,700,000","890,000,000","914,400,000","871,000,000","1,051,700,000","1,106,500,000","1,220,900,000","1,166,500,000","1,220,000,000","1,249,300,000","1,439,300,000","1,288,700,000","1,245,300,000","1,249,800,000","1,427,196,000","1,301,317,000","1,275,583,000","1,045,610,000","683,616,000","639,941,000","607,837,000","630,708,000","724,165,000","637,138,000","492,283,000","485,912,000","523,775,000","451,887,000","416,778,000","425,938,000","473,603,000","424,903,000","420,830,000","408,879,000","418,403,000","402,518,000","383,180,000","372,587,000","383,294,000","354,005,000","340,045,000","308,346,000","310,490,000","298,347,000","292,761,000","283,685,000","318,236,000","301,416,000","298,740,000","290,234,000","295,073,000","213,219,000","202,424,000","206,895,000","225,395,000","197,494,000","183,595,000","132,334,000","149,423,000","137,596,000","144,544,000","128,531,000","140,710,000","133,392,000","137,889,000"
GrossProfit,"672,000,000","155,000,000","171,200,000","179,700,000","166,100,000","181,100,000","227,900,000","188,200,000","191,200,000","194,900,000","225,100,000","186,300,000","199,000,000","194,600,000","260,200,000","227,500,000","235,800,000","231,900,000","260,600,000","260,100,000","276,900,000","286,400,000","349,480,000","285,533,000","265,806,000","224,563,000","181,798,000","158,697,000","151,371,000","152,437,000","179,348,000","158,588,000","135,677,000","132,991,000","136,546,000","115,263,000","109,568,000","114,172,000","119,178,000","113,209,000","106,591,000","114,932,000","117,399,000","125,532,000","109,440,000","120,926,000","126,169,000","110,237,000","106,150,000","88,778,000","94,297,000","80,518,000","79,844,000","71,711,000","79,846,000","73,160,000","68,629,000","70,389,000","75,863,000","58,732,000","53,607,000","52,089,000","57,475,000","54,190,000","48,523,000","40,390,000","35,053,000","34,276,000","40,464,000","37,844,000","38,776,000","35,811,000","42,465,000"
OperatingExpense,"606,100,000","195,700,000","94,500,000","153,900,000","162,000,000","170,100,000","102,700,000","148,400,000","165,900,000","164,700,000","137,200,000","130,200,000","182,700,000","195,500,000","174,300,000","173,600,000","186,200,000","211,700,000","207,700,000","191,400,000","206,600,000","212,300,000","237,570,000","203,053,000","211,766,000","205,636,000","104,194,000","96,315,000","96,715,000","105,526,000","103,021,000","110,453,000","90,730,000","81,825,000","81,095,000","73,242,000","68,727,000","68,374,000","65,283,000","71,864,000","65,137,000","69,621,000","60,113,000","72,880,000","75,827,000","76,202,000","69,600,000","62,444,000","65,277,000","57,460,000","63,179,000","35,444,000","51,884,000","45,054,000","48,348,000","49,072,000","49,164,000","58,315,000","47,984,000","36,793,000","34,458,000","36,112,000","16,546,000","36,906,000","34,489,000","28,283,000","43,078,000","24,904,000","31,356,000","19,710,000","24,850,000","19,464,000","21,108,000"
	SellingGeneralAndAdministration,"518,600,000","146,200,000","134,900,000","118,300,000","119,200,000","132,000,000","135,100,000","110,800,000","136,700,000","128,700,000","119,000,000","112,700,000","163,400,000","145,100,000","152,400,000","151,900,000","164,600,000","189,500,000","178,400,000","162,700,000","177,900,000","183,700,000","208,780,000","174,020,000","182,430,000","180,106,000","89,368,000","81,422,000","81,164,000","90,198,000","85,911,000","95,495,000","80,204,000","71,785,000","71,029,000","64,659,000","60,500,000","59,875,000","61,817,000","60,475,000","56,562,000","60,898,000","50,187,000","62,308,000","66,160,000","65,503,000","61,700,000","54,301,000","55,971,000","55,274,000","52,047,000","46,423,000","48,563,000","41,796,000","43,839,000","45,019,000","45,636,000","54,828,000","44,821,000","35,175,000","33,579,000","35,046,000","36,640,000","36,652,000","33,644,000","27,819,000","52,528,000","24,769,000","30,942,000","17,826,000","18,022,000","17,537,000","19,197,000"
		GeneralAndAdministrativeExpense,"221,400,000","63,500,000","54,600,000","47,000,000","56,300,000","63,300,000","60,000,000","51,000,000","73,700,000","63,600,000","53,300,000","51,500,000","95,100,000","65,900,000","59,500,000","66,500,000","72,900,000","81,100,000","71,100,000","67,100,000","83,100,000","79,100,000","96,003,000","71,879,000","78,067,000","94,634,000","42,347,000","36,535,000","38,367,000","44,400,000","36,551,000","47,864,000","40,610,000","33,768,000","33,264,000","31,222,000","29,106,000","27,473,000","25,736,000","27,929,000","22,704,000","26,604,000","14,596,000","27,376,000","30,602,000","29,243,000",,,,,,,,,,,,,,,,,,,,,,,,"3,721,000","2,860,000","2,426,000","2,844,000"
			OtherGandA,"221,400,000","63,500,000","54,600,000","47,000,000","56,300,000","63,300,000","60,000,000","51,000,000","73,700,000","63,600,000","53,300,000","51,500,000","95,100,000","65,900,000","59,500,000","66,500,000","72,900,000","81,100,000","71,100,000","67,100,000","83,100,000","79,100,000","96,003,000","71,879,000","78,067,000","94,634,000","42,347,000","36,535,000","38,367,000","44,400,000","36,551,000","47,864,000","40,610,000","33,768,000","33,264,000","31,222,000","29,106,000","27,473,000","25,736,000","27,929,000","22,704,000","26,604,000","14,596,000","27,376,000","30,602,000","29,243,000",,,,,,,,,,,,,,,,,,,,,,,,"3,721,000","2,860,000","2,426,000","2,844,000"
		SellingAndMarketingExpense,"297,200,000","82,700,000","80,300,000","71,300,000","62,900,000","68,700,000","75,100,000","59,800,000","63,000,000","65,100,000","65,700,000","61,200,000","68,300,000","79,200,000","92,900,000","85,400,000","91,700,000","108,400,000","107,300,000","95,600,000","94,800,000","104,600,000","112,777,000","102,141,000","104,363,000","85,472,000","47,021,000","44,887,000","42,797,000","45,798,000","49,360,000","47,631,000","39,594,000","38,017,000","37,765,000","33,437,000","31,394,000","32,402,000","36,081,000","32,546,000","33,858,000","34,294,000","35,591,000","34,932,000","35,558,000","36,260,000",,,,,,,,,,,,,,,,,,,,,,,,"14,105,000","15,162,000","15,111,000","16,353,000"
	DepreciationAmortizationDepletionIncomeStatement,"72,500,000","18,200,000","18,200,000","18,100,000","18,000,000","18,400,000","18,200,000","17,600,000","17,400,000","17,500,000","17,700,000","17,700,000","19,300,000","21,600,000","21,500,000","21,400,000","21,300,000","22,200,000","28,300,000","28,500,000","28,700,000","28,600,000","28,920,000","28,638,000","28,478,000","23,836,000","14,826,000","14,893,000","15,551,000","15,328,000","17,110,000","14,958,000","10,532,000","10,034,000","10,066,000","8,583,000","8,227,000","8,499,000","8,811,000","7,848,000","8,624,000","8,263,000","9,195,000","8,839,000","8,319,000","8,049,000","7,578,000","7,040,000","7,287,000","4,447,000","3,427,000","3,375,000","3,321,000","3,258,000","3,182,000","3,331,000","3,528,000","3,487,000","3,269,000","1,616,000","1,244,000","1,066,000","993,000","966,000","845,000","464,000","452,000","452,000","414,000","414,000","453,000","352,000","336,000"
		DepreciationAndAmortizationInIncomeStatement,"72,500,000","18,200,000","18,200,000","18,100,000","18,000,000","18,400,000","18,200,000","17,600,000","17,400,000","17,500,000","17,700,000","17,700,000","19,300,000","21,600,000","21,500,000","21,400,000","21,300,000","22,200,000","28,300,000","28,500,000","28,700,000","28,600,000","28,920,000","28,638,000","28,478,000","23,836,000","14,826,000","14,893,000","15,551,000","15,328,000","17,110,000","14,958,000","10,532,000","10,034,000","10,066,000","8,583,000","8,227,000","8,499,000","8,811,000","7,848,000","8,624,000","8,263,000","9,195,000","8,839,000","8,319,000","8,049,000","7,578,000","7,040,000","7,287,000","4,447,000","3,427,000","3,375,000","3,321,000","3,258,000","3,182,000","3,331,000","3,528,000","3,487,000","3,269,000","1,616,000","1,244,000","1,066,000","993,000","966,000","845,000","464,000","452,000","452,000","414,000","414,000","453,000","352,000","336,000"
			Amortization,"72,500,000","18,200,000","18,200,000","18,100,000","18,000,000","18,400,000","18,200,000","17,600,000","17,400,000","17,500,000","17,700,000","17,700,000","19,300,000","21,600,000","21,500,000","21,400,000","21,300,000","22,200,000","28,300,000","28,500,000","28,700,000","28,600,000","28,920,000","28,638,000","28,478,000","23,836,000","14,826,000","14,893,000","15,551,000","15,328,000","17,110,000","14,958,000","10,532,000","10,034,000","10,066,000","8,583,000","8,227,000","8,499,000","8,811,000","7,848,000","8,624,000","8,263,000","9,195,000","8,839,000","8,319,000","8,049,000","7,578,000","7,040,000","7,287,000","4,447,000","3,427,000","3,375,000","3,321,000","3,258,000","3,182,000","3,331,000","3,528,000","3,487,000","3,269,000","1,616,000","1,244,000","1,066,000","993,000","966,000","845,000","464,000","452,000","452,000","414,000","414,000","453,000","352,000","336,000"
				AmortizationOfIntangiblesIncomeStatement,"72,500,000","18,200,000","18,200,000","18,100,000","18,000,000","18,400,000","18,200,000","17,600,000","17,400,000","17,500,000","17,700,000","17,700,000","19,300,000","21,600,000","21,500,000","21,400,000","21,300,000","22,200,000","28,300,000","28,500,000","28,700,000","28,600,000","28,920,000","28,638,000","28,478,000","23,836,000","14,826,000","14,893,000","15,551,000","15,328,000","17,110,000","14,958,000","10,532,000","10,034,000","10,066,000","8,583,000","8,227,000","8,499,000","8,811,000","7,848,000","8,624,000","8,263,000","9,195,000","8,839,000","8,319,000","8,049,000","7,578,000","7,040,000","7,287,000","4,447,000","3,427,000","3,375,000","3,321,000","3,258,000","3,182,000","3,331,000","3,528,000","3,487,000","3,269,000","1,616,000","1,244,000","1,066,000","993,000","966,000","845,000","464,000","452,000","452,000","414,000","414,000","453,000","352,000","336,000"
	OtherOperatingExpenses,"15,000,000","31,300,000","-58,600,000","17,500,000","24,800,000","19,700,000","-50,600,000","20,000,000","11,800,000","18,500,000","500,000","-200,000","32,600,000","28,800,000","400,000","300,000","300,000",,"1,000,000","200,000",,,"-130,000","395,000","858,000","1,694,000","1,313,000",,,,"1,013,000",,"-6,000","6,000","3,804,000",,,,"-5,345,000","3,541,000","-49,000","460,000","731,000","1,733,000","1,348,000","2,650,000","322,000","1,103,000","2,019,000","-2,261,000","7,705,000","-14,354,000",,,"1,327,000","722,000",,,"-106,000","2,000","-365,000",,"-21,087,000","-712,000",,,,"-317,000",,"1,470,000","6,375,000","1,575,000","1,575,000"
OperatingIncome,"65,900,000","-40,700,000","76,700,000","25,800,000","4,100,000","11,000,000","125,200,000","39,800,000","25,300,000","30,200,000","87,900,000","56,100,000","16,300,000","-900,000","85,900,000","53,900,000","49,600,000","20,200,000","52,900,000","68,700,000","70,300,000","74,100,000","111,910,000","82,480,000","54,040,000","18,927,000","77,604,000","62,382,000","54,656,000","46,911,000","76,327,000","48,135,000","44,947,000","51,166,000","55,451,000","42,021,000","40,841,000","45,798,000","53,895,000","41,345,000","41,454,000","45,311,000","57,286,000","52,652,000","33,613,000","44,724,000","56,569,000","47,793,000","40,873,000","31,318,000","31,118,000","45,074,000","27,960,000","26,657,000","31,498,000","24,088,000","19,465,000","12,074,000","27,879,000","21,939,000","19,149,000","15,977,000","40,929,000","17,284,000","14,034,000","12,107,000","-8,025,000","9,372,000","9,108,000","18,134,000","13,926,000","16,347,000","21,357,000"
NetNonOperatingInterestIncomeExpense,"-75,300,000","-19,200,000","-18,800,000","-18,800,000","-18,500,000","-25,100,000","-26,900,000","-26,900,000","-26,200,000","-24,800,000","-23,900,000","-27,300,000","-27,900,000","-26,900,000","-30,800,000","-26,500,000","-30,800,000","-26,500,000","-33,100,000","-31,000,000","-31,500,000","-26,900,000","-30,584,000","-30,641,000","-30,896,000","-22,849,000","-10,757,000","-10,649,000","-11,178,000","-9,923,000","-11,764,000","-9,989,000","-8,588,000","-10,705,000","-11,022,000","-12,089,000","-11,908,000","-12,100,000","-12,556,000","-12,760,000","-12,438,000","-13,212,000","-13,092,000","-12,610,000","-13,470,000","13,851,000","-14,218,000","-12,867,000","-11,779,000","-6,827,000","-4,280,000","-4,786,000","-4,821,000","-4,498,000",,,,,,,,,,,,,,,,,,,
	InterestIncomeNonOperating,,,,,,,,,,,,,,,,"1,300,000","500,000","2,000,000","800,000","400,000","300,000","2,800,000","616,000","108,000","642,000","2,819,000","739,000","265,000","194,000","1,769,000","296,000","113,000","413,000","168,000","676,000","509,000","322,000","678,000","295,000",,,,,,,,,,"0","0","6,000","21,000","18,000","0",,,,,,,,,,,,,,,,,,,
	InterestExpenseNonOperating,"75,300,000","19,200,000","18,800,000","18,800,000","18,500,000","25,100,000","26,900,000","26,900,000","26,200,000","24,800,000","23,900,000","27,300,000","27,900,000","26,900,000","27,000,000","27,800,000","31,300,000","28,500,000","33,900,000","31,400,000","31,800,000","29,700,000","31,200,000","30,749,000","31,538,000","25,668,000","11,496,000","10,914,000","11,372,000","11,692,000","12,060,000","10,102,000","9,001,000","10,873,000","11,698,000","12,598,000","12,230,000","12,778,000","13,199,000","12,760,000","12,438,000","13,212,000",,,,,,,"11,779,000","6,827,000","4,286,000","4,807,000","4,839,000","4,498,000",,,,,,,,,,,,,,,,,,,
	TotalOtherFinanceCost,,,,,,,,,,,,,,,,,,,,,,,,,,,,,,,,,,,,,,,,,,,,"12,610,000","13,470,000","-13,851,000",,"12,867,000","11,779,000",,,,,,,,,,,,,,,,,,,,,,,,
OtherIncomeExpense,"-23,900,000","58,300,000","-91,200,000","1,200,000","7,800,000","14,300,000","-41,800,000","9,500,000","12,100,000","-78,400,000","-44,100,000","-126,200,000","-188,800,000","-11,800,000","-70,000,000","-27,200,000","-45,000,000","-37,600,000","-558,200,000","-7,600,000","-94,800,000","-7,500,000","-346,692,000","769,000","-969,000","-858,000","-9,446,000","-11,458,000","4,309,000","-11,187,000","-12,571,000","-7,351,000","-2,619,000","-20,418,000","-10,128,000","-560,000","-1,050,000","-344,000","-5,292,000","377,000","-1,520,000","-395,000","-689,000","5,073,000","1,100,000","938,000","378,000","1,884,000","3,163,000","113,000","8,234,000","151,000","5,017,000","-1,948,000","-4,135,000","-2,504,000","-108,000","-1,566,000","3,611,000","-2,000","365,000",,"21,087,000","712,000",,,"9,902,000","317,000","5,000","325,000","-195,000","-20,000","110,000"
	GainOnSaleOfSecurity,"2,600,000","2,800,000","100,000","-1,600,000","1,300,000","1,300,000","5,800,000","3,800,000","6,500,000","-14,400,000","2,200,000","-400,000","1,300,000","400,000","-3,600,000","-600,000","-1,900,000","-2,500,000","2,200,000","2,500,000","400,000","-100,000","-303,000","1,075,000","749,000","4,124,000","-7,826,000","-9,226,000","2,386,000","-11,386,000","-6,533,000","-8,004,000","4,099,000","-2,951,000","-2,283,000","-127,000","-841,000","361,000","285,000",,"450,000","-856,000",,"5,620,000","875,000","1,430,000",,,,,,,,,,,,,,,,,,,,,,,,,,,
	SpecialIncomeCharges,"-96,300,000","0","-96,300,000","0","0","-14,400,000","-71,400,000","-1,200,000",,,"-56,000,000","-111,700,000","-165,900,000",,"-43,400,000","-23,000,000","-46,400,000","-28,900,000","-565,500,000","-10,900,000","-94,000,000","-6,800,000","-356,812,000","-4,890,000","-2,447,000",,"-1,313,000","-154,000","-135,000","-215,000","-1,013,000","-245,000","-5,630,000","-17,552,000","-3,804,000","-861,000","136,000","-1,418,000","-3,640,000","377,000","-1,970,000","461,000","-4,199,000","5,073,000","225,000","-492,000","378,000","1,884,000","3,163,000","113,000","8,234,000","151,000","5,017,000","-1,948,000","-4,135,000","-2,504,000","-108,000","-1,566,000","3,611,000","-2,000","365,000",,"21,087,000","712,000",,,"9,902,000","317,000","5,000","325,000","-195,000","-20,000","110,000"
		RestructuringAndMergernAcquisition,,,,,,,,,,,"14,900,000","23,700,000","35,500,000",,"43,400,000","37,300,000","46,400,000","28,900,000","15,400,000","10,500,000","8,800,000","6,800,000","4,569,000","4,890,000","2,447,000",,"1,313,000","154,000","135,000","215,000","1,013,000","170,000","371,000","867,000","3,804,000","861,000","-136,000","1,418,000",,,,,,,,,,,,,,,,,,,,,,,,,,,,,,,,,,,
		ImpairmentOfCapitalAssets,,,,,,,,,,,,,,,"0",,,,"549,700,000",,,,"352,243,000",,,,,,,,,,,,,,,,,,,,,,,,,,,,,,,,,,,,,,,,,,,,,,,,,,
		WriteOff,,,"9,200,000",,,,"0","0",,,"41,100,000","88,000,000","130,400,000",,,,,,,,,,,,,,,,,,,,,,,,,,,,,,,,,,,,,,,,,,,,,,,,,,,,,,,,,,,,
		OtherSpecialCharges,,,"0",,,"14,400,000","0","1,200,000",,,,,,,,,,,,,,,,,,,,,,,"0","75,000","5,259,000","16,685,000",,,,,,,,,,,,,,,,,,,,,,,,,,,,,,,,,,,,,,,
		GainOnSaleOfBusiness,,,,,,,,,,,,,,,"0","14,300,000",,,"-400,000","-400,000","-85,200,000",,,,,,,,,,,,,,,,,,,,,,,,,,,,,,,,,,,,,,,,,,,,,,,,,,,,
	OtherNonOperatingIncomeExpenses,"69,800,000","55,500,000","5,000,000","2,800,000","6,500,000","27,400,000","23,800,000","6,900,000","5,600,000","-64,000,000","9,700,000","-14,100,000","-24,200,000","-12,200,000","-23,000,000","-3,600,000","3,300,000","-6,200,000","5,100,000","800,000","-1,200,000","-600,000","10,423,000","4,584,000","729,000","-4,982,000","-307,000","-2,078,000","2,058,000","414,000","-5,025,000","898,000","-1,088,000","85,000","-4,041,000","428,000","-345,000","713,000","-399,000",,,,,,,,,,,,,,,,,,,,,,,,,,,,,,,,,,
PretaxIncome,"-33,300,000","-1,600,000","-33,300,000","8,200,000","-6,600,000","200,000","56,500,000","22,400,000","11,200,000","-73,000,000","19,900,000","-97,400,000","-200,400,000","-39,600,000","-14,900,000","200,000","-26,200,000","-43,900,000","-538,400,000","30,100,000","-56,000,000","39,700,000","-265,366,000","52,608,000","22,175,000","-4,780,000","57,401,000","40,275,000","47,787,000","25,801,000","51,992,000","30,795,000","33,740,000","20,043,000","34,301,000","29,372,000","27,883,000","33,354,000","36,047,000","28,962,000","27,496,000","31,704,000","43,505,000","45,115,000","21,243,000","29,935,000","42,729,000","36,810,000","32,257,000","24,604,000","30,300,000","43,407,000","28,156,000","20,211,000","8,962,000","15,813,000","11,883,000","2,797,000","22,252,000","16,948,000","15,172,000","12,153,000","36,484,000","12,822,000","10,782,000","11,946,000","-8,473,000","8,969,000","8,941,000","18,002,000","13,724,000","16,187,000","21,061,000"
TaxProvision,"-3,000,000","1,200,000","-4,300,000","1,500,000","-1,400,000","-200,000","-16,700,000","11,000,000","13,800,000","-40,200,000","4,600,000","-36,400,000","-28,600,000","-12,300,000","-2,300,000","-5,200,000","-6,100,000","-9,800,000","-229,400,000","1,300,000","-21,800,000","11,500,000","12,704,000","15,434,000","6,527,000","-1,434,000","20,146,000","11,834,000","16,425,000","7,949,000","18,075,000","10,913,000","11,981,000","5,721,000","11,517,000","6,707,000","9,318,000","10,380,000","10,823,000","7,408,000","7,985,000","9,630,000","13,641,000","14,725,000","6,898,000","10,127,000","14,648,000","11,943,000","10,605,000","8,285,000","8,207,000","15,343,000","9,731,000","7,479,000","1,835,000","4,733,000","3,591,000","736,000","7,974,000","6,380,000","5,789,000","4,730,000","14,057,000","4,554,000","4,182,000","4,540,000","-2,866,000","4,016,000","7,404,000","6,620,000","5,028,000","5,950,000","7,808,000"
NetIncomeCommonStockholders,"-17,000,000","-3,000,000","-29,100,000","6,700,000","8,400,000","1,500,000","34,400,000","12,100,000","-1,500,000","-31,200,000","15,500,000","-177,800,000","-171,800,000","-27,300,000","-12,600,000","5,400,000","-20,100,000","-34,100,000","-309,000,000","28,800,000","-34,200,000","28,200,000","-278,070,000","37,174,000","15,648,000","-3,346,000","37,255,000","28,441,000","31,362,000","17,852,000","33,917,000","19,882,000","21,759,000","14,322,000","22,784,000","22,665,000","18,565,000","22,974,000","25,224,000","21,554,000","19,511,000","22,074,000","29,864,000","30,390,000","14,345,000","19,808,000","28,081,000","24,867,000","21,652,000","16,319,000","22,093,000","28,064,000","18,425,000","12,732,000","6,791,000","11,080,000","8,292,000","2,061,000","14,278,000","10,568,000","9,362,000","7,414,000","22,605,000","8,258,000","6,594,000","7,399,000","-5,648,000","4,900,000","1,281,000","11,043,000","8,446,000","1,166,000","12,648,000"
	NetIncome,"-17,000,000","-3,000,000","-29,100,000","6,700,000","8,400,000","1,500,000","34,400,000","12,100,000","-1,500,000","-31,200,000","15,500,000","-177,800,000","-171,800,000","-27,300,000","-12,600,000","5,400,000","-20,100,000","-34,100,000","-309,000,000","28,800,000","-34,200,000","28,200,000","-278,070,000","37,174,000","15,648,000","-3,346,000","37,255,000","28,441,000","31,362,000","17,852,000","33,917,000","19,882,000","21,759,000","14,322,000","22,784,000","22,665,000","18,565,000","22,974,000","25,224,000","21,554,000","19,511,000","22,074,000","29,864,000","30,390,000","14,345,000","19,808,000","28,081,000","24,867,000","21,652,000","16,319,000","22,093,000","28,064,000","18,425,000","12,732,000","6,791,000","11,080,000","8,292,000","2,061,000","14,278,000","10,568,000","9,362,000","7,414,000","22,605,000","8,258,000","6,594,000","7,399,000","-5,648,000","4,900,000","1,281,000","11,043,000","8,446,000","1,166,000","12,648,000"
		NetIncomeIncludingNoncontrollingInterests,"-17,000,000","-3,000,000","-29,100,000","6,700,000","8,400,000","1,500,000","34,400,000","12,100,000","-1,500,000","-31,200,000","15,500,000","-177,800,000","-171,800,000","-27,300,000","-12,600,000","5,400,000","-20,100,000","-34,100,000","-309,000,000","28,800,000","-34,200,000","28,200,000","-278,070,000","37,174,000","15,648,000","-3,346,000","37,255,000","28,441,000","31,362,000","17,852,000","33,917,000","19,882,000","21,759,000","14,322,000","22,784,000","22,665,000","18,565,000","22,974,000","25,224,000","21,554,000","19,511,000","22,074,000","29,864,000","30,390,000","14,345,000","19,808,000","28,081,000","24,867,000","21,652,000","16,319,000","22,093,000","28,064,000","18,425,000","12,732,000","6,791,000","11,080,000","8,292,000","2,061,000","14,278,000","10,568,000","9,362,000","7,414,000","22,605,000","8,258,000","6,594,000","7,399,000","-5,648,000","4,900,000","1,281,000","11,043,000","8,446,000","1,166,000","12,648,000"
			NetIncomeContinuousOperations,"-30,300,000","-2,800,000","-29,000,000","6,700,000","-5,200,000","400,000","73,200,000","11,400,000","-2,600,000","-32,800,000","15,300,000","-61,000,000","-171,800,000","-27,300,000","-12,600,000","5,400,000","-20,100,000","-34,100,000","-309,000,000","28,800,000","-34,200,000","28,200,000","-278,070,000","37,174,000","15,648,000","-3,346,000","37,255,000","28,441,000","31,362,000","17,852,000","33,917,000","19,882,000","21,759,000","14,322,000","22,784,000","22,665,000","18,565,000","22,974,000","25,224,000","21,554,000","19,511,000","22,074,000","29,864,000","30,390,000","14,345,000","19,808,000","28,081,000","24,867,000","21,652,000","16,319,000","22,093,000","28,064,000","18,425,000","12,732,000","7,127,000","11,080,000","8,292,000","2,061,000","14,278,000","10,568,000","9,383,000","7,423,000","22,427,000","8,268,000","6,600,000","7,406,000","-5,607,000","4,953,000","1,537,000","11,382,000","8,696,000","10,237,000","13,253,000"
			NetIncomeDiscontinuousOperations,"13,300,000","-200,000","-100,000","0","13,600,000","1,100,000","-38,800,000","700,000","1,100,000","1,600,000","200,000","-116,800,000","-121,700,000",,,,,,,,,,,,,,,,,,,,,,,,,,,,,,,,,,,,,,,,,,,,,,"0",,"-21,000","-9,000","178,000","-10,000","-6,000","-7,000","-41,000","-53,000","-256,000","-339,000","-250,000","-9,071,000","-605,000"
DilutedNIAvailtoComStockholders,"-17,000,000","-3,000,000","-29,100,000","6,700,000","8,400,000","1,500,000","34,400,000","12,100,000","-1,500,000","-31,200,000","15,500,000","-177,800,000","-171,800,000","-27,300,000","-12,600,000","5,400,000","-20,100,000","-34,100,000","-309,000,000","28,800,000","-34,200,000","28,200,000","-278,070,000","37,174,000","15,648,000","-3,346,000","37,255,000","28,441,000","31,362,000","17,852,000","33,917,000","19,882,000","21,759,000","14,322,000","22,784,000","22,665,000","18,565,000","22,974,000","25,224,000","21,554,000","19,511,000","22,074,000","29,864,000","30,390,000","14,345,000","19,808,000","28,081,000","24,867,000","21,652,000","16,319,000","22,093,000","28,064,000","18,425,000","12,732,000","6,791,000","11,080,000","8,292,000","2,061,000","14,278,000","10,568,000","9,362,000","7,414,000","22,605,000","8,258,000","6,594,000","7,399,000","-5,648,000","4,900,000","1,281,000","11,043,000","8,446,000","1,166,000","12,648,000"
BasicEPS,,"-0.05","-0.52","0.12","0.15","0.03",,"0.21","-0.03","-0.55","0.27","-3.16","-3.05","-0.49","-0.23","0.1","-0.36","-0.6","-5.4","0.5","-0.6","0.5","-4.96","0.65","0.28","-0.06","0.86","0.66","0.73","0.42","0.8","0.48","0.59","0.39","0.62","0.62","0.51","0.63","0.7","0.6","0.54","0.61",,"0.84","0.4","0.56",,"0.7","0.62","0.49",,"0.87","0.58","0.4",,"0.35","0.27","0.07",,"0.34","0.3","0.24",,"0.26","0.21","0.24",,"0.16","0.04","0.36",,"0.04","0.41"
DilutedEPS,,"-0.05","-0.52","0.12","0.15","0.03",,"0.21","-0.03","-0.55","0.27","-3.16","-3.05","-0.49","-0.23","0.1","-0.36","-0.6","-5.4","0.5","-0.6","0.49","-4.96","0.65","0.27","-0.06","0.85","0.65","0.72","0.41","0.78","0.47","0.57","0.38","0.61","0.61","0.5","0.62","0.68","0.58","0.53","0.6",,"0.82","0.39","0.54",,"0.68","0.6","0.47",,"0.85","0.58","0.39",,"0.35","0.26","0.07",,"0.34","0.3","0.24",,"0.26","0.21","0.24",,"0.16","0.04","0.36",,"0.04","0.41"
BasicAverageShares,,"55,800,000","55,800,000","55,800,000","56,000,000","56,000,000",,"56,600,000","56,500,000","56,300,000","56,300,000","56,300,000","56,300,000","56,100,000","56,000,000","56,300,000","56,400,000","56,500,000","57,200,000","57,300,000","57,000,000","56,900,000","56,825,000","56,804,000","56,555,000","52,708,000","43,201,000","43,168,000","42,974,000","42,873,000","42,562,000","41,099,000","36,961,000","36,682,000","36,558,000","36,482,000","36,337,000","36,301,000","36,276,000","36,149,000","36,057,000","36,019,000",,"35,967,000","35,600,000","35,534,000",,"35,421,000","34,814,000","33,553,000",,"32,280,000","31,616,000","31,547,000",,"31,397,000","31,209,000","31,204,000",,"31,202,000","31,202,000","31,202,000",,"31,202,000","31,145,000","31,088,000",,"30,833,000","30,801,000","30,801,000",,"30,801,000","30,801,000"
DilutedAverageShares,,"55,800,000","55,800,000","56,000,000","56,000,000","56,500,000",,"56,800,000","56,500,000","56,300,000","56,600,000","56,300,000","56,300,000","56,100,000","56,000,000","56,700,000","56,400,000","56,500,000","57,200,000","57,700,000","57,000,000","57,600,000","56,825,000","57,451,000","57,330,000","52,708,000","43,844,000","43,721,000","43,679,000","43,639,000","43,385,000","42,002,000","37,990,000","37,665,000","37,565,000","37,438,000","37,373,000","37,234,000","37,137,000","37,074,000","37,132,000","37,094,000",,"36,911,000","36,950,000","36,785,000",,"36,373,000","35,994,000","34,614,000",,"33,129,000","31,752,000","32,343,000",,"31,514,000","31,341,000","31,308,000",,"31,290,000","31,312,000","31,313,000",,"31,277,000","31,231,000","31,190,000",,"31,075,000","31,060,000","31,060,000",,"31,060,000","31,060,000"
TotalOperatingIncomeAsReported,"-30,400,000","-40,700,000","-19,600,000","25,800,000","4,100,000","11,000,000","53,800,000","39,800,000","25,300,000","30,200,000","31,900,000","-55,600,000","-149,600,000","-900,000","42,500,000","30,900,000","3,200,000","-8,700,000","-512,600,000","57,800,000","-23,700,000","67,300,000","-244,902,000","77,590,000","51,593,000","18,927,000","76,291,000","62,228,000","54,521,000","46,696,000","75,314,000","47,965,000","44,576,000","50,299,000","51,647,000","41,160,000","40,977,000","44,380,000","48,717,000","41,345,000","41,454,000","45,311,000","57,286,000","52,652,000","33,613,000","44,724,000","56,569,000","47,793,000","40,873,000","31,318,000","31,118,000","45,074,000","27,960,000","26,657,000","31,498,000","24,088,000","19,465,000","12,074,000","27,879,000","21,939,000","19,149,000","15,977,000","40,929,000","17,284,000","14,034,000","12,107,000","-8,025,000","9,372,000","9,108,000","18,134,000","13,926,000","16,347,000","21,357,000"
TotalExpenses,"4,345,400,000","1,181,700,000","1,089,200,000","1,075,400,000","999,100,000","1,046,300,000","1,052,000,000","1,005,900,000","1,016,600,000","1,054,700,000","1,051,600,000","1,001,200,000","1,234,400,000","1,302,000,000","1,395,200,000","1,340,100,000","1,406,200,000","1,461,000,000","1,647,000,000","1,480,100,000","1,451,900,000","1,462,100,000","1,664,766,000","1,504,370,000","1,487,349,000","1,251,246,000","787,810,000","736,256,000","704,552,000","736,234,000","827,186,000","747,591,000","583,013,000","567,737,000","604,870,000","525,129,000","485,505,000","494,312,000","538,886,000","496,767,000","485,967,000","478,500,000","478,516,000","475,398,000","459,007,000","448,789,000","452,894,000","416,449,000","405,322,000","365,806,000","373,669,000","333,791,000","344,645,000","328,739,000","366,584,000","350,488,000","347,904,000","348,549,000","343,057,000","250,012,000","236,882,000","243,007,000","241,941,000","234,400,000","218,084,000","160,617,000","192,501,000","162,500,000","175,900,000","148,241,000","165,560,000","152,856,000","158,997,000"
NetIncomeFromContinuingAndDiscontinuedOperation,"-17,000,000","-3,000,000","-29,100,000","6,700,000","8,400,000","1,500,000","34,400,000","12,100,000","-1,500,000","-31,200,000","15,500,000","-177,800,000","-171,800,000","-27,300,000","-12,600,000","5,400,000","-20,100,000","-34,100,000","-309,000,000","28,800,000","-34,200,000","28,200,000","-278,070,000","37,174,000","15,648,000","-3,346,000","37,255,000","28,441,000","31,362,000","17,852,000","33,917,000","19,882,000","21,759,000","14,322,000","22,784,000","22,665,000","18,565,000","22,974,000","25,224,000","21,554,000","19,511,000","22,074,000","29,864,000","30,390,000","14,345,000","19,808,000","28,081,000","24,867,000","21,652,000","16,319,000","22,093,000","28,064,000","18,425,000","12,732,000","6,791,000","11,080,000","8,292,000","2,061,000","14,278,000","10,568,000","9,362,000","7,414,000","22,605,000","8,258,000","6,594,000","7,399,000","-5,648,000","4,900,000","1,281,000","11,043,000","8,446,000","1,166,000","12,648,000"
NormalizedIncome,"54,958,558.559","-4,480,000","54,777,777.778","8,007,200","-6,224,400","9,963,000","121,088,000","9,502,000","-7,345,000","-22,288,000","56,663,819.095","9,174,600","-30,737,800","-27,575,600","27,144,966.443","22,628,000","16,946,100","-9,702,200","28,980,000","36,838,800","22,989,600","33,099,000","-63,801,000","39,871,205","16,846,788","-6,232,800","43,186,489.782","35,063,280","29,885,344","25,879,892","38,839,635.829","25,210,854","22,746,495","28,981,645","26,827,211.801","23,427,736","19,034,530","23,702,273","28,021,612.894","21,273,430.357","20,589,583.067","22,349,019.871","30,336,963.935","26,972,766.929","13,602,190.604","19,187,325.071","27,832,582.813","23,594,263.57","19,528,886.381","16,244,050.927","16,089,245.479","27,966,373.719","15,141,926.232","13,959,150.364","10,415,344.678","12,834,526.023","8,367,362.787","3,214,924.205","11,961,001.168","10,569,247.109","9,157,268.719","7,423,000","9,464,656.26","7,808,881.61","6,600,000","7,406,000","-12,159,639.443","4,762,800","1,534,000","11,176,514.498","8,819,558.729","10,249,648.422","13,183,780.59"
InterestIncome,,,,,,,,,,,,,,,,"1,300,000","500,000","2,000,000","800,000","400,000","300,000","2,800,000","616,000","108,000","642,000","2,819,000","739,000","265,000","194,000","1,769,000","296,000","113,000","413,000","168,000","676,000","509,000","322,000","678,000","295,000",,,,,,,,,,"0","0","6,000","21,000","18,000","0",,,,,,,,,,,,,,,,,,,
InterestExpense,"75,300,000","19,200,000","18,800,000","18,800,000","18,500,000","25,100,000","26,900,000","26,900,000","26,200,000","24,800,000","23,900,000","27,300,000","27,900,000","26,900,000","27,000,000","27,800,000","31,300,000","28,500,000","33,900,000","31,400,000","31,800,000","29,700,000","31,200,000","30,749,000","31,538,000","25,668,000","11,496,000","10,914,000","11,372,000","11,692,000","12,060,000","10,102,000","9,001,000","10,873,000","11,698,000","12,598,000","12,230,000","12,778,000","13,199,000","12,760,000","12,438,000","13,212,000",,,,,,,"11,779,000","6,827,000","4,286,000","4,807,000","4,839,000","4,498,000",,,,,,,,,,,,,,,,,,,
NetInterestIncome,"-75,300,000","-19,200,000","-18,800,000","-18,800,000","-18,500,000","-25,100,000","-26,900,000","-26,900,000","-26,200,000","-24,800,000","-23,900,000","-27,300,000","-27,900,000","-26,900,000","-30,800,000","-26,500,000","-30,800,000","-26,500,000","-33,100,000","-31,000,000","-31,500,000","-26,900,000","-30,584,000","-30,641,000","-30,896,000","-22,849,000","-10,757,000","-10,649,000","-11,178,000","-9,923,000","-11,764,000","-9,989,000","-8,588,000","-10,705,000","-11,022,000","-12,089,000","-11,908,000","-12,100,000","-12,556,000","-12,760,000","-12,438,000","-13,212,000","-13,092,000","-12,610,000","-13,470,000","13,851,000","-14,218,000","-12,867,000","-11,779,000","-6,827,000","-4,280,000","-4,786,000","-4,821,000","-4,498,000",,,,,,,,,,,,,,,,,,,
EBIT,"42,000,000","17,600,000","-14,500,000","27,000,000","11,900,000","25,300,000","83,400,000","49,300,000","37,400,000","-48,200,000","43,800,000","-70,100,000","-172,500,000","-12,700,000","12,100,000","28,000,000","5,100,000","-15,400,000","-504,500,000","61,500,000","-24,200,000","69,400,000","-234,166,000","83,357,000","53,713,000","20,888,000","68,897,000","51,189,000","59,159,000","37,493,000","64,052,000","40,897,000","42,741,000","30,916,000","45,999,000","41,970,000","40,113,000","46,132,000","49,246,000","41,722,000","39,934,000","44,916,000","61,832,000","52,652,000","33,613,000","44,724,000","62,107,000","47,793,000","40,873,000","31,431,000","34,586,000","48,214,000","32,995,000","24,709,000","11,442,000","24,088,000","19,465,000","12,074,000","27,879,000","21,939,000","19,149,000","15,977,000","40,929,000","17,284,000","14,034,000","12,107,000","-8,025,000","9,372,000","9,108,000","18,134,000","13,926,000","16,347,000","21,357,000"
EBITDA,"255,500,000"
ReconciledCostOfRevenue,"3,598,300,000","951,100,000","959,700,000","886,200,000","801,300,000","841,100,000","914,800,000","824,000,000","818,500,000","857,700,000","878,800,000","847,500,000","1,016,800,000","1,066,200,000","1,177,800,000","1,123,100,000","1,179,400,000","1,204,500,000","1,393,200,000","1,243,000,000","1,207,400,000","1,206,000,000","1,376,011,000","1,254,648,000","1,230,700,000","1,009,981,000","668,307,000","624,669,000","592,354,000","615,303,000","708,285,000","621,828,000","477,164,000","468,940,000","505,397,000","435,410,000","396,751,000","407,553,000","451,022,000","408,879,000","407,224,000","396,421,000","406,260,000","390,024,000","362,939,000","368,849,000","371,736,000","342,900,000","328,952,000","298,676,000","301,506,000","289,767,000","284,553,000","275,495,000","311,070,000","293,253,000","290,229,000","281,748,000","287,608,000","206,356,000","195,551,000","200,144,000","219,702,000","191,208,000","178,189,000","128,283,000","145,622,000","133,616,000","140,833,000","124,814,000","138,682,000","129,609,000","137,889,000"
ReconciledDepreciation,"213,500,000","53,100,000","53,200,000","53,400,000","53,800,000","53,500,000","52,700,000","51,100,000","49,600,000","49,800,000","53,300,000","41,200,000","54,200,000","61,900,000","64,600,000","64,800,000","61,900,000","67,000,000","74,400,000","74,200,000","66,600,000","72,400,000","80,105,000","75,307,000","73,361,000","59,465,000","30,135,000","30,165,000","31,034,000","30,733,000","32,990,000","30,268,000","25,651,000","27,006,000","28,444,000","25,060,000","28,254,000","26,884,000","31,392,000","23,872,000","22,230,000","20,721,000","21,338,000","21,333,000","28,560,000","11,787,000","19,136,000","18,145,000","18,380,000","14,117,000","12,411,000","11,955,000","11,529,000","11,448,000","10,348,000","11,494,000","12,039,000","11,973,000","10,734,000","8,479,000","8,117,000","7,817,000","6,686,000","7,252,000","6,251,000","4,515,000","4,253,000","4,432,000","4,125,000","4,131,000","2,481,000","4,135,000","336,000"
NetIncomeFromContinuingOperationNetMinorityInterest,"-30,300,000","-2,800,000","-29,000,000","6,700,000","-5,200,000","400,000","73,200,000","11,400,000","-2,600,000","-32,800,000","15,300,000","-61,000,000","-171,800,000","-27,300,000","-12,600,000","5,400,000","-20,100,000","-34,100,000","-309,000,000","28,800,000","-34,200,000","28,200,000","-278,070,000","37,174,000","15,648,000","-3,346,000","37,255,000","28,441,000","31,362,000","17,852,000","33,917,000","19,882,000","21,759,000","14,322,000","22,784,000","22,665,000","18,565,000","22,974,000","25,224,000","21,554,000","19,511,000","22,074,000","29,864,000","30,390,000","14,345,000","19,808,000","28,081,000","24,867,000","21,652,000","16,319,000","22,093,000","28,064,000","18,425,000","12,732,000","7,127,000","11,080,000","8,292,000","2,061,000","14,278,000","10,568,000","9,383,000","7,423,000","22,427,000","8,268,000","6,600,000","7,406,000","-5,607,000","4,953,000","1,537,000","11,382,000","8,696,000","10,237,000","13,253,000"
TotalUnusualItemsExcludingGoodwill,"-93,700,000","2,800,000","-96,200,000","-1,600,000","1,300,000","-13,100,000","-65,600,000","2,600,000","6,500,000","-14,400,000","-53,800,000","-112,100,000","-164,600,000","400,000","-47,000,000","-23,600,000","-48,300,000","-31,400,000","-563,300,000","-8,400,000","-93,600,000","-6,900,000","-357,115,000","-3,815,000","-1,698,000","4,124,000","-9,139,000","-9,380,000","2,251,000","-11,601,000","-7,546,000","-8,249,000","-1,531,000","-20,503,000","-6,087,000","-988,000","-705,000","-1,057,000","-3,998,000","377,000","-1,520,000","-395,000","-689,000","5,073,000","1,100,000","938,000","378,000","1,884,000","3,163,000","113,000","8,234,000","151,000","5,017,000","-1,948,000","-4,135,000","-2,504,000","-108,000","-1,566,000","3,611,000","-2,000","365,000",,"21,087,000","712,000",,,"9,902,000","317,000","5,000","325,000","-195,000","-20,000","110,000"
TotalUnusualItems,"-93,700,000","2,800,000","-96,200,000","-1,600,000","1,300,000","-13,100,000","-65,600,000","2,600,000","6,500,000","-14,400,000","-53,800,000","-112,100,000","-164,600,000","400,000","-47,000,000","-23,600,000","-48,300,000","-31,400,000","-563,300,000","-8,400,000","-93,600,000","-6,900,000","-357,115,000","-3,815,000","-1,698,000","4,124,000","-9,139,000","-9,380,000","2,251,000","-11,601,000","-7,546,000","-8,249,000","-1,531,000","-20,503,000","-6,087,000","-988,000","-705,000","-1,057,000","-3,998,000","377,000","-1,520,000","-395,000","-689,000","5,073,000","1,100,000","938,000","378,000","1,884,000","3,163,000","113,000","8,234,000","151,000","5,017,000","-1,948,000","-4,135,000","-2,504,000","-108,000","-1,566,000","3,611,000","-2,000","365,000",,"21,087,000","712,000",,,"9,902,000","317,000","5,000","325,000","-195,000","-20,000","110,000"
NormalizedEBITDA,"349,200,000","67,900,000","134,900,000","82,000,000","64,400,000","91,900,000","201,700,000","97,800,000","80,500,000","16,000,000","150,900,000","83,200,000","46,300,000","48,800,000","123,700,000","116,400,000","115,300,000","83,000,000","133,200,000","144,100,000","136,000,000","148,700,000","203,054,000","162,479,000","128,772,000","76,229,000","108,171,000","90,734,000","87,942,000","79,827,000","104,588,000","79,414,000","69,923,000","78,425,000","80,530,000","68,018,000","69,072,000","74,073,000","84,636,000","65,217,000","63,684,000","66,032,000","83,859,000","68,912,000","61,073,000","55,573,000","80,865,000","64,054,000","56,090,000","45,435,000","38,763,000","60,018,000","39,507,000","38,105,000","25,925,000","38,086,000","31,612,000","25,613,000","35,002,000","30,420,000","26,901,000","23,794,000","26,528,000","23,824,000","20,285,000","16,622,000","-13,674,000","13,487,000","13,228,000","21,940,000","16,602,000","20,502,000","21,583,000"
TaxRateForCalcs,"0.09","0.4","0.129","0.183","0.212","0.27","0.27","0.27","0.27","0.27","0.231","0.374","0.143","0.311","0.154","0.27","0.233","0.223","0.4","0.043","0.389","0.29","0.4","0.293","0.294","0.3","0.351","0.294","0.344","0.308","0.348","0.354","0.355","0.285","0.336","0.228","0.334","0.311","0.3","0.256","0.29","0.304","0.314","0.326","0.325","0.338","0.343","0.324","0.329","0.337","0.271","0.353","0.346","0.37","0.205","0.299","0.302","0.263","0.358","0.376","0.382","0.389","0.385","0.355","0.388","0.38","0.338","0.4","0.4","0.368","0.366","0.368","0.371"
TaxEffectOfUnusualItems,"-8,441,441.441","1,120,000","-12,422,222.222","-292,800","275,600","-3,537,000","-17,712,000","702,000","1,755,000","-3,888,000","-12,436,180.905","-41,925,400","-23,537,800","124,400","-7,255,033.557","-6,372,000","-11,253,900","-7,002,200","-225,320,000","-361,200","-36,410,400","-2,001,000","-142,846,000","-1,117,795","-499,212","1,237,200","-3,207,510.218","-2,757,720","774,344","-3,573,108","-2,623,364.171","-2,920,146","-543,505","-5,843,355","-2,043,788.199","-225,264","-235,470","-328,727","-1,200,387.106","96,430.357","-441,416.933","-119,980.129","-216,036.065","1,655,766.929","357,190.604","317,325.071","129,582.813","611,263.57","1,039,886.381","38,050.927","2,230,245.479","53,373.719","1,733,926.232","-720,849.636","-846,655.322","-749,473.977","-32,637.213","-412,075.795","1,294,001.168","-752.891","139,268.719","0","8,124,656.26","252,881.61","0","0","3,349,360.557","126,800","2,000","119,514.498","-71,441.271","-7,351.578","40,780.59"