name,ttm,03/31/2022,12/31/2021,09/30/2021,06/30/2021,03/31/2021,12/31/2020,09/30/2020,06/30/2020,03/31/2020,12/31/2019,09/30/2019,06/30/2019,03/31/2019,12/31/2018,09/30/2018,06/30/2018,03/31/2018,12/31/2017,09/30/2017,06/30/2017,03/31/2017,12/31/2016,09/30/2016,06/30/2016,03/31/2016,12/31/2015,09/30/2015,06/30/2015,03/31/2015,12/31/2014,09/30/2014,06/30/2014,03/31/2014,12/31/2013,09/30/2013,06/30/2013,03/31/2013,12/31/2012,09/30/2012,06/30/2012,03/31/2012,12/31/2011,09/30/2011,06/30/2011,03/31/2011,12/31/2010,09/30/2010,06/30/2010,03/31/2010,12/31/2009,09/30/2009,06/30/2009,03/31/2009,12/31/2008,09/30/2008,06/30/2008,03/31/2008,12/31/2007,09/30/2007,06/30/2007,03/31/2007,12/31/2006,09/30/2006,06/30/2006,03/31/2006,12/31/2005,09/30/2005,06/30/2005,03/31/2005,12/31/2004,09/30/2004,06/30/2004,03/31/2004,12/31/2003,09/30/2003,06/30/2003,03/31/2003,12/31/2002,09/30/2002,06/30/2002,03/31/2002,12/31/2001,09/30/2001,06/30/2001,03/31/2001,12/31/2000,09/30/2000,06/30/2000,03/31/2000,12/31/1999,09/30/1999,06/30/1999,03/31/1999,12/31/1998,09/30/1998,06/30/1998,03/31/1998,12/31/1997,09/30/1997,06/30/1997,03/31/1997,12/31/1996,09/30/1996,06/30/1996,03/31/1996,12/31/1995,09/30/1995,06/30/1995,03/31/1995,12/31/1994,09/30/1994,06/30/1994,03/31/1994,12/31/1993,09/30/1993,06/30/1993,03/31/1993,12/31/1992,09/30/1992,06/30/1992,03/31/1992,12/31/1991,09/30/1991,06/30/1991,03/31/1991,12/31/1990,09/30/1990,06/30/1990,03/31/1990,12/31/1989,09/30/1989,06/30/1989,03/31/1989,12/31/1988,09/30/1988,06/30/1988,03/31/1988,12/31/1987,09/30/1987,06/30/1987,03/31/1987,12/31/1986,09/30/1986,06/30/1986,03/31/1986,12/31/1985,09/30/1985
TotalRevenue,"1,235,140,000","288,002,000","339,646,000","312,707,000","294,785,000","253,260,000","276,947,000","278,642,000","259,504,000","288,169,000","339,482,000","348,352,000","357,507,000","297,688,000","337,059,000","318,325,000","283,626,000","240,563,000","266,210,000","257,431,000","251,700,000","221,102,000","239,507,000","248,349,000","248,207,000","222,554,000","246,636,000","254,686,000","263,637,000","236,904,000","272,096,000","252,191,000","260,624,000","218,992,000","251,689,000","254,448,000","243,483,000","210,369,000","249,595,000","242,863,000","254,607,000","232,760,000","270,903,000","273,106,000","267,640,000","245,402,000","265,325,000","252,724,000","226,587,000","217,191,000","230,919,000","218,364,000","211,297,000","199,308,000","247,180,000","278,423,000","295,005,000","261,736,000","293,348,000","279,471,000","264,962,000","279,283,000","295,918,000","270,612,000","258,678,000","250,634,000","260,608,000","243,898,000","246,545,000","234,715,000","232,590,000","222,822,000","254,137,000","249,244,000","242,241,000","237,094,000","233,964,000","210,210,000","213,709,000","235,357,000","240,593,000","234,425,000","247,001,000","263,108,000","287,285,000","306,511,000","330,342,000","336,663,000","323,725,000","293,218,000","310,639,000","304,200,000","305,500,000","307,900,000","317,000,000","328,300,000","316,900,000","319,000,000","308,900,000","297,400,000","271,700,000","257,300,000","284,600,000","275,000,000","237,500,000","205,000,000","204,700,000","203,300,000","202,800,000","191,400,000","198,000,000","185,000,000","181,700,000","160,700,000","172,400,000","167,600,000","150,000,000","135,000,000","146,600,000","143,700,000","149,300,000","154,500,000","148,200,000","137,200,000","145,000,000","151,500,000","167,000,000","150,800,000","151,200,000","154,500,000","151,900,000","141,100,000","141,500,000","147,400,000","150,300,000","90,800,000","77,700,000","77,900,000","75,200,000","68,300,000","60,700,000","62,900,000","39,000,000","31,300,000","33,300,000","33,800,000","34,800,000","31,200,000"
	OperatingRevenue,"1,235,140,000","288,002,000","339,646,000","312,707,000","294,785,000","253,260,000","276,947,000","278,642,000","259,504,000","288,169,000","339,482,000","348,352,000","357,507,000","297,688,000","337,059,000","318,325,000","283,626,000","240,563,000","266,210,000","257,431,000","251,700,000","221,102,000","239,507,000","248,349,000","248,207,000","222,554,000","246,636,000","254,686,000","263,637,000","236,904,000","272,096,000","252,191,000","260,624,000","218,992,000","251,689,000","254,448,000","243,483,000","210,369,000","249,595,000","242,863,000","254,607,000","232,760,000","270,903,000","273,106,000","267,640,000","245,402,000","265,325,000","252,724,000","226,587,000","217,191,000","230,919,000","218,364,000","211,297,000","199,308,000","247,180,000","278,423,000","295,005,000","261,736,000","293,348,000","279,471,000","264,962,000","279,283,000","295,918,000","270,612,000","258,678,000","250,634,000","260,608,000","243,898,000","246,545,000","234,715,000","232,590,000","222,822,000","254,137,000","249,244,000","242,241,000","237,094,000","233,964,000","210,210,000","213,709,000","235,357,000","240,593,000","234,425,000","247,001,000","263,108,000","287,285,000","306,511,000","330,342,000","336,663,000","323,725,000","293,218,000","310,639,000","304,200,000","305,500,000","307,900,000","317,000,000","328,300,000","316,900,000","319,000,000","308,900,000","297,400,000","271,700,000","257,300,000","284,600,000","275,000,000","237,500,000","205,000,000","204,700,000","203,300,000","202,800,000","191,400,000","198,000,000","185,000,000","181,700,000","160,700,000","172,400,000","167,600,000","150,000,000","135,000,000","146,600,000","143,700,000","149,300,000","154,500,000","148,200,000","137,200,000","145,000,000","151,500,000","167,000,000","150,800,000","151,200,000","154,500,000","151,900,000","141,100,000","141,500,000","147,400,000","150,300,000","90,800,000","77,700,000","77,900,000","75,200,000","68,300,000","60,700,000","62,900,000","39,000,000","31,300,000","33,300,000","33,800,000","34,800,000","31,200,000"
CostOfRevenue,"791,646,000","181,203,000","218,268,000","206,382,000","185,793,000","157,222,000","180,140,000","176,480,000","162,210,000","173,858,000","203,778,000","212,590,000","218,917,000","182,290,000","215,377,000","218,380,000","174,478,000","146,981,000","164,432,000","158,887,000","153,803,000","133,300,000","149,539,000","155,431,000","149,081,000","135,922,000","148,397,000","156,720,000","162,385,000","151,472,000","180,735,000","168,596,000","170,239,000","144,306,000","159,818,000","162,695,000","157,250,000","139,117,000","164,497,000","160,002,000","170,012,000","156,557,000","184,979,000","178,681,000","172,865,000","158,474,000","171,552,000","163,244,000","146,453,000","143,817,000","152,589,000","145,952,000","142,191,000","136,139,000","169,611,000","183,506,000","189,712,000","167,470,000","189,208,000","181,542,000","172,737,000","191,108,000","201,806,000","185,278,000","177,511,000","171,652,000","180,819,000","167,357,000","169,317,000","163,576,000","164,432,000","157,298,000","180,466,000","176,968,000","175,066,000","171,862,000","169,093,000","154,511,000","149,186,000","171,565,000","171,075,000","168,084,000","177,311,000","188,583,000","204,387,000","217,593,000","179,624,000","234,963,000","226,180,000","204,552,000","169,335,000","209,900,000","209,800,000","211,300,000","167,700,000","215,000,000","211,200,000","211,100,000","189,900,000","187,200,000","175,500,000","164,400,000","181,700,000","179,400,000","154,200,000","133,900,000","131,400,000","132,600,000","133,200,000","125,600,000","130,300,000","125,500,000","118,900,000","105,500,000","113,900,000","106,200,000","96,600,000","88,100,000","96,400,000","92,000,000","94,700,000","98,600,000","98,200,000","85,700,000","91,600,000","98,400,000","104,200,000","92,800,000","94,600,000","97,500,000",,,,,,,,,,,,,,,,,,
GrossProfit,"443,494,000","106,799,000","121,378,000","106,325,000","108,992,000","96,038,000","96,807,000","102,162,000","97,294,000","114,311,000","135,704,000","135,762,000","138,590,000","115,398,000","121,682,000","99,945,000","109,148,000","93,582,000","101,778,000","98,544,000","97,897,000","87,802,000","89,968,000","92,918,000","99,126,000","86,632,000","98,239,000","97,966,000","101,252,000","85,432,000","91,361,000","83,595,000","90,385,000","74,686,000","91,871,000","91,753,000","86,233,000","71,252,000","85,098,000","82,861,000","84,595,000","76,203,000","85,924,000","94,425,000","94,775,000","86,928,000","93,773,000","89,480,000","80,134,000","73,374,000","78,330,000","72,412,000","69,106,000","63,169,000","77,569,000","94,917,000","105,293,000","94,266,000","104,140,000","97,929,000","92,225,000","88,175,000","94,112,000","85,334,000","81,167,000","78,982,000","79,789,000","76,541,000","77,228,000","71,139,000","68,158,000","65,524,000","73,671,000","72,276,000","67,175,000","65,232,000","64,871,000","55,699,000","64,523,000","63,792,000","69,518,000","66,341,000","69,690,000","74,525,000","82,898,000","88,918,000","150,718,000","101,700,000","97,545,000","88,666,000","141,304,000","94,300,000","95,700,000","96,600,000","149,300,000","113,300,000","105,700,000","107,900,000","119,000,000","110,200,000","96,200,000","92,900,000","102,900,000","95,600,000","83,300,000","71,100,000","73,300,000","70,700,000","69,600,000","65,800,000","67,700,000","59,500,000","62,800,000","55,200,000","58,500,000","61,400,000","53,400,000","46,900,000","50,200,000","51,700,000","54,600,000","55,900,000","50,000,000","51,500,000","53,400,000","53,100,000","62,800,000","58,000,000","56,600,000","57,000,000",,,,,,,,,,,,,,,,,,
OperatingExpense,"323,505,000","78,492,000","87,448,000","77,735,000","79,830,000","79,302,000","77,327,000","88,161,000","80,058,000","87,683,000","95,481,000","91,414,000","95,698,000","99,011,000","97,250,000","84,160,000","75,445,000","70,594,000","71,218,000","67,633,000","64,852,000","65,175,000","63,811,000","67,175,000","67,328,000","65,605,000","70,567,000","66,664,000","68,033,000","64,032,000","64,687,000","63,958,000","66,042,000","62,659,000","66,827,000","63,918,000","64,430,000","57,258,000","63,224,000","58,014,000","62,562,000","59,368,000","65,487,000","69,087,000","68,638,000","65,400,000","64,304,000","61,441,000","58,668,000","56,488,000","58,200,000","53,487,000","46,337,000","54,371,000","59,151,000","63,895,000","71,857,000","63,295,000","62,827,000","63,179,000","61,332,000","114,224,000","62,801,000","60,331,000","60,104,000","79,014,000","56,693,000","56,029,000","56,005,000","53,969,000","52,854,000","49,645,000","61,835,000","62,763,000","58,395,000","57,201,000","58,670,000","57,040,000","54,633,000","57,788,000","57,283,000","55,865,000","59,852,000","63,847,000","71,476,000","71,813,000","125,469,000","76,517,000","76,144,000","70,443,000","122,642,000","75,600,000","75,400,000","76,700,000","122,200,000","80,700,000","77,600,000","80,600,000","90,200,000","83,600,000","73,700,000","73,000,000","78,300,000","74,100,000","64,200,000","57,500,000","56,900,000","54,400,000","54,200,000","52,400,000","53,000,000","45,800,000","50,600,000","44,800,000","44,700,000","48,500,000","42,700,000","38,200,000","41,600,000","43,800,000","43,000,000","43,500,000","39,700,000","42,600,000","43,400,000","44,100,000","47,500,000","44,600,000","41,800,000","41,000,000",,,,,,,,,,,,,,,,,,
	SellingGeneralAndAdministration,"323,505,000","78,492,000","87,448,000","77,735,000","79,830,000","79,302,000","77,327,000","88,161,000","80,058,000","87,683,000","95,481,000","91,414,000","95,698,000","99,011,000","97,250,000","84,160,000","75,445,000","70,594,000","71,218,000","67,633,000","64,852,000","65,175,000","63,811,000","67,175,000","67,328,000","65,605,000","70,567,000","66,664,000","68,033,000","64,032,000","64,687,000","63,958,000","66,042,000","62,659,000","66,827,000","63,918,000","64,430,000","57,258,000","63,224,000","58,014,000","62,562,000","59,368,000","65,487,000","69,087,000","68,638,000","65,400,000","64,304,000","61,441,000","58,668,000","56,488,000","58,200,000","53,487,000","52,263,000","54,371,000","59,151,000","63,895,000","71,857,000","63,295,000","64,700,000","63,179,000","61,332,000","64,029,000","64,524,000","60,331,000","58,381,000","58,302,000","56,693,000","56,029,000","56,005,000","53,969,000","52,854,000","49,645,000","61,835,000","62,763,000","58,395,000","57,201,000","58,670,000","57,040,000","54,633,000","57,788,000","57,283,000","55,865,000","59,852,000","63,847,000","71,476,000","71,813,000","74,844,000","76,517,000","76,144,000","70,443,000","76,853,000","75,600,000","75,400,000","76,700,000","79,600,000","80,700,000","77,600,000","80,600,000","77,900,000","74,100,000","66,900,000","63,000,000","68,000,000","65,900,000","55,600,000","49,300,000","49,300,000","47,400,000","47,300,000","45,000,000","46,800,000","42,200,000","43,400,000","37,900,000","40,700,000","41,700,000","36,700,000","32,500,000","36,300,000","38,100,000","37,300,000","37,800,000","37,400,000","36,800,000","37,600,000","38,200,000","41,500,000","39,300,000","36,300,000","36,200,000",,,,,,,,,,,,,,,,,,
	DepreciationAmortizationDepletionIncomeStatement,,,,,,,,,,,,,,,,,,,,,,,,,,,,,,,,,,,,,,,,,,,,,,,,,,,,,,,,,,,,,,,,,,,,,,,,,,,,,,,,,,,,,,,,,,,,,,,,,,,"12,300,000","9,500,000","6,800,000","10,000,000","10,300,000","8,200,000","8,600,000","8,200,000","7,600,000","7,000,000","6,900,000","7,400,000","6,200,000","3,600,000","7,200,000","6,900,000","4,000,000","6,800,000","6,000,000","5,700,000","5,300,000","5,700,000","5,700,000","5,700,000","2,300,000","5,800,000","5,800,000","5,900,000","6,000,000","5,300,000","5,500,000","4,800,000",,,,,,,,,,,,,,,,,,
		DepreciationAndAmortizationInIncomeStatement,,,,,,,,,,,,,,,,,,,,,,,,,,,,,,,,,,,,,,,,,,,,,,,,,,,,,,,,,,,,,,,,,,,,,,,,,,,,,,,,,,,,,,,,,,,,,,,,,,,"12,300,000","9,500,000","6,800,000","10,000,000","10,300,000","8,200,000","8,600,000","8,200,000","7,600,000","7,000,000","6,900,000","7,400,000","6,200,000","3,600,000","7,200,000","6,900,000","4,000,000","6,800,000","6,000,000","5,700,000","5,300,000","5,700,000","5,700,000","5,700,000","2,300,000","5,800,000","5,800,000","5,900,000","6,000,000","5,300,000","5,500,000","4,800,000",,,,,,,,,,,,,,,,,,
	OtherOperatingExpenses,,,,,,,,,,,,,,,,,,,,,,,,,,,,,,,,,,,,,,,,"980,000",,,,,,,,,,,"0",,"-5,926,000",,,,,,,,,"50,195,000","-1,723,000",,"1,723,000","20,712,000",,,,,,,,,,,,,,,,,,,,,,,,,,,,,,,,,,,,,,,,,,,,,,,,,,,,,,,,,,,,,,,,,,,,,,,,,,,,,,,,,,
OperatingIncome,"119,989,000","28,307,000","33,930,000","28,590,000","29,162,000","16,736,000","19,480,000","14,001,000","17,236,000","26,628,000","40,223,000","44,348,000","42,892,000","16,387,000","24,432,000","15,785,000","33,703,000","22,988,000","30,560,000","30,911,000","33,045,000","22,627,000","26,157,000","25,743,000","31,798,000","21,027,000","27,672,000","31,302,000","33,219,000","21,400,000","26,674,000","19,637,000","24,343,000","12,027,000","25,044,000","27,835,000","21,803,000","13,994,000","21,874,000","24,847,000","22,033,000","16,835,000","20,437,000","25,338,000","26,137,000","21,528,000","29,469,000","28,039,000","21,466,000","16,886,000","20,130,000","18,925,000","22,769,000","8,798,000","18,418,000","31,022,000","33,436,000","30,971,000","41,313,000","34,750,000","30,893,000","-26,049,000","31,311,000","25,003,000","21,063,000","-32,000","23,096,000","20,512,000","21,223,000","17,170,000","15,304,000","15,879,000","11,836,000","9,513,000","8,780,000","8,031,000","6,201,000","-1,341,000","9,890,000","6,004,000","12,235,000","10,476,000","9,838,000","10,678,000","11,422,000","17,105,000","25,249,000","25,183,000","21,401,000","18,223,000","18,662,000","18,700,000","20,300,000","19,900,000","27,100,000","32,600,000","28,100,000","27,300,000","28,800,000","26,600,000","22,500,000","19,900,000","24,600,000","21,500,000","19,100,000","13,600,000","16,400,000","16,300,000","15,400,000","13,400,000","14,700,000","13,700,000","12,200,000","10,400,000","13,800,000","12,900,000","10,700,000","8,700,000","8,600,000","7,900,000","11,600,000","12,400,000","10,300,000","8,900,000","10,000,000","9,000,000","15,300,000","13,400,000","14,800,000","16,000,000","-366,000,000","141,100,000","141,500,000","147,400,000","-200,600,000","90,800,000","77,700,000","77,900,000","-158,500,000","68,300,000","60,700,000","62,900,000","-85,000,000","31,300,000","33,300,000","33,800,000","-77,300,000","31,200,000"
NetNonOperatingInterestIncomeExpense,"-29,275,000","-6,850,000","-7,409,000","-7,727,000","-7,289,000","-7,256,000","-13,223,000","-5,426,000","-4,965,000","-5,630,000","-5,476,000","-6,577,000","-6,810,000","-6,793,000","-6,229,000","-4,852,000","-2,261,000","-2,094,000","-1,978,000","-1,851,000","-1,682,000","-1,617,000","-1,367,000","-1,654,000","-1,590,000","-1,519,000","-1,375,000","-1,348,000","-1,790,000","-1,888,000","-4,253,000","-5,614,000","-5,420,000","-5,498,000","-5,442,000","-6,303,000","-5,907,000","-6,158,000","-5,892,000","-6,330,000","-6,139,000","-6,653,000","-6,349,000","-6,428,000","-6,783,000","-6,656,000","-7,783,000","-8,409,000","-8,115,000","-8,822,000","-9,361,000","-9,537,000","-7,726,000","-7,673,000",,,,,,,,,,,,,,,,,,,,,,,,,,,,,,,,,,,,,,,,,,,,,,,,,,,,,,,,,,,,,,,,,,,,,,,,,,,,,,,,,,,,,,,,,,,,,,
	InterestExpenseNonOperating,"29,275,000","6,850,000","7,409,000","7,727,000","7,289,000","7,256,000","13,223,000","5,426,000","4,965,000","5,630,000","5,476,000","6,577,000","6,810,000","6,793,000","6,229,000","4,852,000","2,261,000","2,094,000","1,978,000","1,851,000","1,682,000","1,617,000","1,367,000","1,654,000","1,590,000","1,519,000","1,375,000","1,348,000","1,790,000","1,888,000","4,253,000","5,614,000","5,420,000","5,498,000","5,442,000","6,303,000","5,907,000","6,158,000","5,892,000","6,330,000","6,139,000","6,653,000","6,349,000","6,428,000","6,783,000","6,656,000","7,783,000","8,409,000","8,115,000","8,822,000","9,361,000","9,537,000","7,726,000","7,673,000",,,,,,,,,,,,,,,,,,,,,,,,,,,,,,,,,,,,,,,,,,,,,,,,,,,,,,,,,,,,,,,,,,,,,,,,,,,,,,,,,,,,,,,,,,,,,,
OtherIncomeExpense,"-6,576,000","-1,057,000","-264,000","-4,700,000","-555,000","-585,000","132,000","-1,040,000","-4,982,000","-121,631,000","-13,373,000","-1,687,000","-304,000","-1,014,000","-21,131,000","-1,570,000","-3,261,000","-519,000","-361,000","-651,000","-232,000","-8,232,000","-18,387,000","-739,000","116,000","-449,000","57,000","-657,000","446,000","-1,272,000","-12,991,000","-13,317,000","128,000","26,000","4,657,000","-114,000","2,000","-407,000","-3,804,000","-1,886,000","-274,000","-16,753,000","-6,737,000","175,000","-171,000","122,000","-42,943,000","-463,000","-447,000","-4,314,000","-520,000","-156,000","-8,649,000","-4,974,000","-70,773,000","-804,000","-248,000","-363,000","465,000","-1,281,000","-612,000","-50,631,000","43,000","-381,000","-2,176,000","-24,500,000","106,000","-171,000","-268,000","-600,000","-756,000","-288,000","-523,000","-2,653,000","-2,329,000","-155,000","-2,813,000","-2,179,000","-23,748,000",,"240,000","-309,000","-2,895,000","-62,432,000","-2,000","-273,000","-1,161,000","306,000","-22,000","-30,124,000","30,483,000","-10,000,000","-10,000,000","-10,700,000","400,000","-10,100,000","-9,100,000","-10,400,000","26,900,000","-9,200,000","-9,600,000","-9,500,000","23,200,000","-9,100,000","-9,000,000","-7,600,000",,,,,,,,,,,,"-5,300,000",,"-5,200,000","-6,100,000","-6,200,000","17,900,000","-6,000,000",,,,,"100,000",,,,,,,,,,,,,,,,,,,
	SpecialIncomeCharges,"-4,638,000","-887,000","0","-3,813,000","62,000","130,000","1,470,000","1,881,000","157,000","-120,140,000","-12,275,000","-672,000",,,"-20,529,000","0","0","0","0","0","0","-7,299,000","-19,788,000",,,,"0","0",,,"-11,989,000","-12,386,000",,,"5,287,000","0","0","0","-2,283,000","-1,886,000","-274,000","-16,753,000","-6,737,000","175,000","-171,000","122,000","-42,943,000","-463,000","-447,000","-4,314,000","-520,000","-156,000","-8,649,000","-4,974,000","-70,773,000","-804,000","-248,000","-363,000","465,000","-1,281,000","-612,000","-50,631,000","43,000","-381,000","-2,176,000","-24,500,000","106,000","-171,000","-268,000","-600,000","-756,000","-288,000","-523,000","-2,653,000","-2,329,000","-155,000","-2,813,000","-2,179,000","-23,748,000",,"240,000","-309,000","-2,895,000","-62,432,000","-2,000","-273,000","-1,161,000","306,000","-22,000","-30,124,000","30,483,000","-10,000,000","-10,000,000","-10,700,000","400,000","-10,100,000","-9,100,000","-10,400,000","26,900,000","-9,200,000","-9,600,000","-9,500,000","23,200,000","-9,100,000","-9,000,000","-7,600,000",,,,,,,,,,,,"-5,300,000",,"-5,200,000","-6,100,000","-6,200,000","17,900,000","-6,000,000",,,,,,,,,,,,,,,,,,,,,,,,
		RestructuringAndMergernAcquisition,"4,638,000","887,000","0","3,813,000","-62,000","-130,000","-1,470,000","-1,881,000","-157,000","-1,118,000","12,275,000","672,000",,,"20,529,000","0","0","0","0","0","0","7,299,000","19,788,000",,,,"0","0",,,"0","12,386,000",,,"0","0","0","0","2,339,000","770,000","0","16,316,000","6,177,000","0","0","0","0","0","0","3,131,000","0","0","1,903,000","5,724,000",,,,,,,,,"1,723,000",,,"3,260,000",,,,,,,,,"1,641,000",,"2,469,000","2,086,000",,,,,"2,934,000","62,151,000",,,,,,,,,,,,,,,,,,,,,,,,,,,,,,,,,,,,,,,,,,,,,,,,,,,,,,,,,,,,,,,,
		ImpairmentOfCapitalAssets,,,"0","0","0","0","0","0","0","121,258,000",,,,,,,,,,,,,,,,,,,,,,,,,,,,,,,,,,,,,,,,,,,,,,,,,,,,,,,,,,,,,,,,,,,,,,,,,,,,,,,,,,,,,,,,,,,,,,,,,,,,,,,,,,,,,,,,,,,,,,,,,,,,,,,,,,,,,,,,,,
		OtherSpecialCharges,,,,,,,,,,,,,,,,,,,,"651,000",,,,,,,,,,,"11,989,000",,,,"-5,287,000",,,,"-56,000","1,116,000","274,000","437,000","560,000","-175,000","171,000","-122,000","42,943,000","463,000","447,000","1,183,000","520,000","156,000","6,746,000","-750,000",,,,,,,,,"-1,766,000",,,"21,240,000",,,,,,,,,"688,000",,"344,000","93,000",,,,,"-39,000","281,000",,,,,,,,,,,,,,,,,,,,,,,,,,,,,,,,,,,,,,,,,,,,,,,,,,,,,,,,,,,,,,,,
	OtherNonOperatingIncomeExpenses,"-1,938,000","-170,000","-264,000","-887,000","-617,000","-715,000","-1,338,000","-2,921,000","-5,139,000","-1,491,000","-1,098,000","-1,015,000","-304,000","-1,014,000","-602,000","-1,570,000","-3,261,000","-519,000","-361,000","-651,000","-232,000","-933,000","1,401,000","-739,000","116,000","-449,000","57,000","-657,000","446,000","-1,272,000","-1,002,000","-931,000","128,000","26,000","-630,000","-114,000","2,000","-407,000","-697,000",,,,,,,,,,,,,,,,,,,,,,,,,,,,,,,,,,,,,,,,,,,,,,,,,,,,,,,,,,,,,,,,,,,,,,,,,,,,,,,,,,,,,,,,,,,,,,,,,,,,,,,,,,,,,
PretaxIncome,"84,138,000","20,400,000","26,257,000","16,163,000","21,318,000","8,895,000","6,389,000","7,535,000","7,289,000","-100,633,000","21,374,000","36,084,000","35,778,000","8,580,000","-2,928,000","9,363,000","28,181,000","20,375,000","28,221,000","28,409,000","31,131,000","12,778,000","6,403,000","23,350,000","30,324,000","19,059,000","26,354,000","29,297,000","31,875,000","18,240,000","9,430,000","706,000","19,051,000","6,555,000","24,259,000","21,418,000","15,898,000","7,429,000","12,178,000","16,631,000","15,620,000","-6,571,000","7,351,000","19,085,000","19,183,000","14,994,000","-21,257,000","19,167,000","12,904,000","3,750,000","10,249,000","9,232,000","6,394,000","-3,849,000","-62,584,000","22,045,000","25,080,000","22,780,000","32,719,000","24,826,000","21,120,000","-35,605,000","20,099,000","14,118,000","9,674,000","15,052,000","12,147,000","8,939,000","9,449,000","4,992,000","3,277,000","4,196,000","-239,000","-4,945,000","-4,943,000","-3,157,000","-6,825,000","-13,700,000","-23,992,000","-4,661,000","1,197,000","-208,000","-2,185,000","-60,996,000","2,122,000","7,268,000","14,403,000","15,792,000","11,545,000","-11,901,000","9,773,000","8,700,000","10,300,000","9,200,000","-9,000,000","22,500,000","19,000,000","16,700,000","20,600,000","17,400,000","13,000,000","10,500,000","14,900,000","12,500,000","10,000,000","5,900,000","8,400,000","8,600,000","8,200,000","6,500,000","8,900,000","6,600,000","5,800,000","4,400,000","7,600,000","6,000,000","4,300,000","3,400,000","4,200,000","2,700,000","5,500,000","6,200,000","4,900,000","2,900,000","3,700,000","2,900,000","9,200,000","8,900,000","9,800,000","9,900,000",,,,,,,,,,,,,,,,,,
TaxProvision,"22,549,000","7,107,000","4,431,000","5,204,000","5,807,000","1,957,000","-13,227,000","1,622,000","2,580,000","1,534,000","4,942,000","9,874,000","6,279,000","1,521,000","-9,323,000","1,191,000","7,579,000","5,291,000","23,899,000","8,970,000","10,193,000","4,231,000","1,696,000","7,446,000","9,667,000","6,165,000","8,107,000","9,170,000","10,153,000","5,918,000","1,342,000","1,082,000","5,980,000","2,530,000","8,923,000","6,461,000","4,933,000","432,000","4,786,000","5,564,000","5,362,000","-637,000","2,781,000","6,917,000","6,369,000","5,170,000","-8,871,000","6,825,000","4,896,000","1,644,000","3,691,000","3,542,000","2,595,000","-476,000","16,717,000","8,461,000","9,204,000","8,658,000","12,469,000","9,620,000","7,797,000","5,011,000","8,006,000","5,012,000","3,768,000","2,030,000","6,381,000","3,602,000","5,509,000","2,069,000","1,425,000","1,826,000","-80,000","-1,916,000","-1,661,000","-1,011,000","-2,885,000","-4,658,000","-8,311,000","-1,912,000","850,000","-102,000","-1,498,000","-19,695,000","850,000","2,838,000","5,080,000","6,033,000","4,503,000","-3,097,000","3,428,000","3,400,000","4,000,000","3,600,000","-2,500,000","8,100,000","7,300,000","6,400,000","7,900,000","6,900,000","5,000,000","4,100,000","5,800,000","4,900,000","4,000,000","2,200,000","2,500,000","3,300,000","3,100,000","2,500,000","3,200,000","2,400,000","2,100,000","1,600,000","2,700,000","2,100,000","1,500,000","1,200,000","1,000,000","800,000","2,100,000","2,400,000","1,400,000","1,200,000","1,600,000","1,200,000","3,500,000","3,200,000","3,600,000","3,800,000",,,,,,,,,,,,,,,,,,
NetIncomeCommonStockholders,"60,886,000","13,103,000","21,582,000","10,832,000","15,319,000","6,938,000","19,616,000","5,913,000","4,709,000","-102,167,000","16,432,000","26,210,000","29,499,000","7,059,000","6,395,000","8,172,000","20,602,000","15,084,000","4,322,000","19,439,000","20,938,000","8,547,000","4,707,000","15,904,000","20,657,000","12,894,000","18,247,000","20,127,000","21,722,000","12,322,000","8,088,000","-376,000","13,071,000","4,025,000","15,336,000","14,957,000","10,965,000","6,997,000","7,392,000","-5,773,000","10,258,000","-5,934,000","3,915,000","12,168,000","12,814,000","9,824,000","-13,297,000","12,078,000","7,632,000","1,870,000","5,948,000","5,457,000","3,666,000","-4,023,000","-79,301,000","8,430,000","15,876,000","14,122,000","20,250,000","8,556,000","998,000","-40,616,000","12,089,000","9,106,000","5,885,000","-17,088,000","5,716,000","5,121,000","-7,421,000","-2,176,000","-4,388,000","-47,826,000","-159,000","-3,029,000","-4,103,000","-13,388,000","-5,412,000","-10,354,000","-30,206,000","-2,749,000","777,000","-106,000","-687,000","-41,301,000","1,272,000","4,430,000","9,323,000","9,759,000","7,042,000","-8,804,000","6,345,000","5,300,000","6,300,000","5,600,000","-6,500,000","14,400,000","11,700,000","10,300,000","12,700,000","10,500,000","8,000,000","6,400,000","8,700,000","7,200,000","5,600,000","3,300,000","1,900,000","4,900,000","4,700,000","4,000,000","5,200,000","3,800,000","3,300,000","2,400,000","4,500,000","3,500,000","2,700,000","2,200,000","3,200,000","1,900,000","3,400,000","3,800,000","3,500,000","1,700,000","2,100,000","1,700,000","5,700,000","5,700,000","6,200,000","6,100,000",,,,,,,,,,,,,,,,,,
	NetIncome,"61,589,000","13,293,000","21,826,000","10,959,000","15,511,000","6,938,000","19,616,000","5,913,000","4,709,000","-102,167,000","16,432,000","26,210,000","29,499,000","7,059,000","6,395,000","8,172,000","20,602,000","15,084,000","4,322,000","19,439,000","20,938,000","8,547,000","4,707,000","15,904,000","20,657,000","12,894,000","18,247,000","20,127,000","21,722,000","12,322,000","8,088,000","-376,000","13,071,000","4,025,000","15,336,000","14,957,000","10,965,000","6,997,000","7,392,000","-5,773,000","10,258,000","-5,934,000","3,915,000","12,168,000","12,814,000","9,824,000","-13,297,000","12,078,000","7,632,000","1,870,000","5,948,000","5,457,000","3,666,000","-4,023,000","-79,301,000","8,430,000","15,876,000","14,122,000","20,250,000","8,556,000","998,000","-40,616,000","12,089,000","9,106,000","5,885,000","-17,088,000","5,716,000","5,121,000","-7,421,000","-2,176,000","-4,388,000","-47,826,000","-159,000","-3,029,000","-4,103,000","-13,388,000","-5,412,000","-10,354,000","-30,206,000","-2,749,000","777,000","-106,000","-687,000","-41,301,000","1,272,000","4,430,000","9,323,000","9,759,000","7,042,000","-8,804,000","6,345,000","5,300,000","6,300,000","5,600,000","-6,500,000","14,400,000","11,700,000","10,300,000","12,700,000","10,500,000","8,000,000","6,400,000","9,100,000","7,600,000","6,000,000","3,700,000","2,400,000","5,300,000","5,100,000","4,000,000","5,700,000","4,200,000","3,700,000","2,800,000","4,900,000","3,900,000","2,800,000","2,200,000","3,200,000","1,900,000","3,400,000","3,800,000","3,500,000","1,700,000","2,100,000","1,700,000","5,700,000","5,700,000","6,200,000","6,100,000",,,,,,,,,,,,,,,,,,
		NetIncomeIncludingNoncontrollingInterests,"61,589,000","13,293,000","21,826,000","10,959,000","15,511,000","6,938,000","19,616,000","5,913,000","4,709,000","-102,167,000","16,432,000","26,210,000","29,499,000","7,059,000","6,395,000","8,172,000","20,602,000","15,084,000","4,322,000","19,439,000","20,938,000","8,547,000","4,707,000","15,904,000","20,657,000","12,894,000","18,247,000","20,127,000","21,722,000","12,322,000","8,088,000","-376,000","13,071,000","4,025,000","15,336,000","14,957,000","10,965,000","6,997,000","7,392,000","-5,773,000","10,258,000","-5,934,000","3,915,000","12,168,000","12,814,000","9,824,000","-13,122,000","12,342,000","8,008,000","2,106,000","6,299,000","5,690,000","3,799,000","-3,894,000","-79,301,000","8,430,000","15,876,000","14,122,000","20,250,000","8,556,000","998,000","-40,616,000","12,089,000","9,106,000","5,885,000","-17,088,000","5,716,000","5,121,000","-7,421,000","-2,176,000","-4,388,000","-47,826,000","-159,000","-3,029,000","-4,103,000","-13,388,000","-5,412,000","-10,354,000","-30,206,000","-2,749,000","777,000","-106,000","-687,000","-41,301,000","1,272,000","4,430,000","9,323,000","9,759,000","7,042,000","-8,804,000","6,345,000","5,300,000","6,300,000","5,600,000","-6,500,000","14,400,000","11,700,000","10,300,000","12,700,000","10,500,000","8,000,000","6,400,000","9,100,000","7,600,000","6,000,000","3,700,000","2,400,000","5,300,000","5,100,000","4,000,000","5,700,000","4,200,000","3,700,000","2,800,000","4,900,000","3,900,000","2,800,000","2,200,000","3,200,000","1,900,000","3,400,000","3,800,000","3,500,000","1,700,000","2,100,000","1,700,000","5,700,000","5,700,000","6,200,000","6,100,000","7,600,000","5,800,000","5,500,000","5,600,000","6,000,000","4,800,000","4,700,000","4,700,000","4,300,000","3,700,000","3,200,000","2,600,000","3,000,000","1,800,000","1,900,000","1,900,000","1,900,000","3,400,000"
			NetIncomeContinuousOperations,"61,589,000","13,293,000","21,826,000","10,959,000","15,511,000","6,938,000","19,616,000","5,913,000","4,709,000","-102,167,000","16,432,000","26,210,000","29,499,000","7,059,000","6,395,000","8,172,000","20,602,000","15,084,000","4,322,000","19,439,000","20,938,000","8,547,000","4,707,000","15,904,000","20,657,000","12,894,000","18,247,000","20,127,000","21,722,000","12,322,000","8,088,000","-376,000","13,071,000","4,025,000","15,336,000","14,957,000","10,965,000","6,997,000","7,392,000","11,067,000","10,258,000","-5,934,000","4,570,000","12,168,000","12,814,000","9,824,000","-12,386,000","12,342,000","8,008,000","2,106,000","6,558,000","5,690,000","3,799,000","-3,373,000","-79,301,000","13,584,000","15,876,000","14,122,000","20,250,000","15,206,000","13,323,000","-40,616,000","12,093,000","9,106,000","5,906,000","-17,082,000","5,766,000","5,337,000","3,940,000","2,923,000","1,852,000","2,370,000","-159,000","-3,029,000","-3,282,000","-2,146,000","-3,940,000","-9,042,000","-15,681,000","-2,749,000","777,000","-106,000","-687,000","-41,301,000","1,272,000","4,430,000","9,323,000","9,759,000","7,042,000","-8,804,000","6,345,000","5,300,000","6,300,000","5,600,000","-6,500,000","14,400,000","11,700,000","10,300,000","12,700,000","10,500,000","8,000,000","6,400,000","9,100,000","7,600,000","6,000,000","3,700,000","5,900,000","5,300,000","5,100,000","4,000,000","5,700,000","4,200,000","3,700,000","2,800,000","4,900,000","3,900,000","2,800,000","2,200,000","3,200,000","1,900,000","3,400,000","3,800,000","3,500,000","1,700,000","2,100,000","1,700,000","5,700,000","5,700,000","6,200,000","6,100,000","7,600,000","5,800,000","5,500,000","5,600,000","6,000,000","4,800,000","4,700,000","4,700,000","4,300,000","3,700,000","3,200,000","2,600,000","3,000,000","1,800,000","1,900,000","1,900,000","1,900,000","3,400,000"
			NetIncomeDiscontinuousOperations,,,,,,,,,,,,,,,,,,,,,,,,,,,,,,,,,,,"0","0","0","0","0","-16,840,000",,,"-655,000",,,"0","-736,000","0","0","0","-259,000","0","0","-650,000","0","-5,154,000",,,"0","-6,650,000","-12,325,000",,"-4,000",,"-21,000","-6,000","-50,000","-216,000","-9,763,000","-4,762,000","-31,792,000","-21,617,000",,,"-9,646,000","-2,417,000","-1,472,000","-1,312,000",,,,,,,,,,,,,,,,,,,,,,,,,,,,,,,,,,,,,,,,,,,,,,,,,,,,,,,,,,,,,,,,,,,,,,
			NetIncomeExtraordinary,,,,,,,,,,,,,,,,,,,,,,,,,,,,,,,,,,,,,,,,,,,,,,,,,,,,,,,,,,,,,,,,,,,,,,,,,,,,,,,"0",,,,,,,,,,,,,,,,,,,,,,,,,,,,,,,,,,,,,,,,,,,,,,,,,,,,,,,,,,,,,,,,,,,,,
			NetIncomeFromTaxLossCarryforward,,,,,,,,,,,,,,,,,,,,,,,,,,,,,,,,,,,,,,,,,,,,,,,,,,,,,,,,,,,,,,,,,,,"0",,"-1,598,000","-337,000","25,552,000","-28,579,000",,,,"-8,825,000",,,,,,,,,,,,,,,,,,,,,,,,,,,,,,,,,,,,,,,,,,,,,,,,,,,,,,,,,,,,,,,,,,,,,,,,
		MinorityInterests,,,,,,,,,,,,,,,,,,,,,,,,,,,,,,,,,,,,,,,,,,,"0","0","0","0","-175,000","-264,000","-376,000","-236,000","-351,000","-233,000","-133,000","-129,000",,,,,,,,,,,,,,,,,,,,,,,,,,,,,,,,,,,,,,,,,,,,,,,,,,,,,,,,,,,,,,,,,,,,,,,,,,,,,,,,,,,,,,,,,,,,,,
	PreferredStockDividends,,,,,,,,,,,,,,,,,,,,,,,,,,,,,,,,,,,,,,,,,,,,,,,,,,,,,,,,,,,,,,,,,,,,,,,,,,,,,,,,,,,,,,,,,,,,,,,,,,,,,,,"400,000","400,000","400,000","400,000","500,000","400,000","400,000",,"500,000","400,000","400,000","400,000","400,000","400,000","100,000",,,,,,,,,,,,,,,,,,,,,,,,,,,,,,,
	OtherunderPreferredStockDividend,"703,000","190,000","244,000","127,000","192,000",,,,,,,,,,,,,,,,,,,,,,,,,,,,,,,,,,,,,,,,,,,,,,,,"133,000",,,,,,,,,,,,,,,,,,,,,,,,,,,,,,,,,,,,,,,,,,,,,,,,,,,,,,,,,,,,,,,,,,,,,,,,,,,,,,,,,,,,,,,,,,,,,,,
DilutedNIAvailtoComStockholders,"60,886,000","13,103,000","21,582,000","10,832,000","15,319,000","6,938,000","19,616,000","5,913,000","4,709,000","-102,167,000","16,432,000","26,210,000","29,499,000","7,059,000","6,395,000","8,172,000","20,602,000","15,084,000","4,322,000","19,439,000","20,938,000","8,547,000","4,707,000","15,904,000","20,657,000","12,894,000","18,247,000","20,127,000","21,722,000","12,322,000","8,088,000","-376,000","13,071,000","4,025,000","15,336,000","14,957,000","10,965,000","6,997,000","7,392,000","-5,773,000","10,258,000","-5,934,000","3,915,000","12,168,000","12,814,000","9,824,000","-13,297,000","12,078,000","7,632,000","1,870,000","5,948,000","5,457,000","3,666,000","-4,023,000","-79,301,000","8,430,000","15,876,000","14,122,000","20,250,000","8,556,000","998,000","-40,616,000","12,089,000","9,106,000","5,885,000","-17,088,000","5,716,000","5,121,000","-7,421,000","-2,176,000","-4,388,000","-47,826,000","-159,000","-3,029,000","-4,103,000","-13,388,000","-5,412,000","-10,354,000","-30,206,000","-2,749,000","777,000","-106,000","-687,000","-41,301,000","1,272,000","4,430,000","9,323,000","9,759,000","7,042,000","-8,804,000","6,345,000","5,300,000","6,300,000","5,600,000","-6,500,000","14,400,000","11,700,000","10,300,000","12,700,000","10,500,000","8,000,000","6,400,000","8,700,000","7,200,000","5,600,000","3,300,000","1,900,000","4,900,000","4,700,000","4,000,000","5,200,000","3,800,000","3,300,000","2,400,000","4,500,000","3,500,000","2,700,000","2,200,000","3,200,000","1,900,000","3,400,000","3,800,000","3,500,000","1,700,000","2,100,000","1,700,000","5,700,000","5,700,000","6,200,000","6,100,000",,,,,,,,,,,,,,,,,,
BasicEPS,,"0.22","0.37","0.19","0.26","0.12","0.33","0.1","0.08","-1.75","0.28","0.45","0.5","0.12","0.11","0.14","0.35","0.25","0.07","0.32","0.33","0.13","0.07","0.25","0.32","0.2","0.28","0.31","0.33","0.19","0.12","-0.01","0.2","0.06","0.23","0.23","0.17","0.11","0.11","-0.09","0.16","-0.09","0.06","0.19","0.2","0.15",,"0.19","0.12","0.03",,"0.09","0.06","-0.07",,"0.14","0.26","0.23",,"0.14","0.02","-0.68",,"0.17","0.11","-0.32",,"0.1","-0.14","-0.04",,"-0.95","0","-0.06",,"-0.27","-0.11","-0.21",,"-0.05","0.02","0",,"-0.83","0.03","0.09",,"0.19","0.14","-0.17",,"0.1","0.12","0.11",,"0.27","0.22","0.105",,"0.11","0.085","0.07",,"0.09","0.075","0.045",,"0.07","0.065","0.05",,"0.055","0.045","0.035",,"0.05","0.04","0.035",,"0.03","0.05","0.055",,"0.025","0.03","0.025",,"0.085","0.09","0.09",,"0.085","0.08","0.085",,"0.07","0.07","0.07",,"0.055","0.025","0.028",,"0.018","0.02","0.02",,"0.033"
DilutedEPS,,"0.22","0.37","0.19","0.26","0.12","0.33","0.1","0.08","-1.75","0.28","0.45","0.5","0.12","0.11","0.14","0.35","0.25","0.07","0.32","0.33","0.13","0.07","0.25","0.32","0.2","0.28","0.31","0.33","0.19","0.12","-0.01","0.2","0.06","0.23","0.23","0.17","0.11","0.11","-0.09","0.16","-0.09","0.06","0.19","0.2","0.15",,"0.19","0.12","0.03",,"0.09","0.06","-0.07",,"0.14","0.26","0.23",,"0.14","0.02","-0.68",,"0.17","0.11","-0.32",,"0.1","-0.14","-0.04",,"-0.95","0","-0.06",,"-0.27","-0.11","-0.21",,"-0.055","0.02","0",,"-0.83","0.03","0.09",,"0.19","0.14","-0.17",,"0.1","0.12","0.11",,"0.27","0.22","0.105",,"0.105","0.085","0.07",,"0.085","0.075","0.045",,"0.065","0.065","0.05",,"0.055","0.045","0.035",,"0.05","0.04","0.035",,"0.03","0.05","0.055",,"0.025","0.03","0.025",,"0.075","0.08","0.08",,"0.075","0.075","0.075",,"0.07","0.07","0.07",,"0.055","0.025","0.028",,"0.018","0.02","0.02",,"0.033"
BasicAverageShares,,"59,248,000","59,055,000","59,057,000","59,041,000","58,730,000","58,668,000","58,592,000","58,484,000","58,450,000","58,421,000","58,433,000","59,285,000","59,632,000","59,514,000","59,496,000","59,493,000","59,671,000","60,073,000","61,018,000","62,789,000","64,081,000","64,537,000","64,805,000","65,367,000","65,685,000","65,834,000","65,854,000","65,995,000","66,420,000","66,145,000","66,465,000","66,473,000","66,471,000","66,301,000","66,183,000","66,180,000","66,116,000","65,964,000","65,957,000","65,952,000","63,443,000","65,481,000","65,469,000","65,398,000","64,822,000",,"64,025,000","63,515,000","63,332,000",,"63,190,000","63,201,000","61,770,000",,"61,576,000","61,523,000","61,326,000",,"60,711,000","60,322,000","59,951,000",,"53,454,000","53,375,000","52,608,000",,"51,648,000","51,398,000","51,326,000",,"50,558,000","50,581,000","50,372,000",,"50,273,000","50,275,000","50,211,000",,"50,251,000","50,158,000","50,017,000",,"49,758,000","49,822,000","49,972,000",,"51,241,000","51,352,000","51,826,000",,"53,000,000","52,500,000","50,909,091",,"53,333,333","53,181,818","42,955,992",,"95,454,545","94,117,647","43,340,660",,"42,690,000","42,168,000","33,337,496",,"70,000,000","72,307,692","32,589,960",,"36,382,000","36,382,000","36,324,000",,"34,668,000","34,610,000","34,610,000",,"34,522,000","34,522,000","34,456,000",,"34,464,000","34,464,000","34,464,000",,"34,472,000","34,452,000","34,426,000",,"34,240,000","34,240,000","34,240,000",,"34,240,000","34,000,000","34,000,000",,"34,000,000","32,172,000","24,576,000",,"25,200,000","25,200,000","28,172,000",,"28,172,000"
DilutedAverageShares,,"59,248,000","59,055,000","59,057,000","59,041,000","58,730,000","58,668,000","58,592,000","58,484,000","58,452,000","58,427,000","58,434,000","59,291,000","59,642,000","59,531,000","59,536,000","59,538,000","59,717,000","60,122,000","61,060,000","62,832,000","64,123,000","64,575,000","64,842,000","65,405,000","65,723,000","65,881,000","65,907,000","66,044,000","66,471,000","66,194,000","66,465,000","66,550,000","66,572,000","66,412,000","66,317,000","66,329,000","66,274,000","66,119,000","66,192,000","66,128,000","63,443,000","65,644,000","65,676,000","65,677,000","65,190,000",,"64,578,000","64,118,000","63,874,000",,"63,487,000","63,299,000","61,770,000",,"62,070,000","62,065,000","62,082,000",,"61,860,000","61,571,000","59,951,000",,"55,070,000","54,996,000","52,608,000",,"53,444,000","52,481,000","53,079,000",,"52,099,000","50,581,000","50,372,000",,"50,274,000","50,275,000","50,211,000",,"50,251,000","51,404,000","50,017,000",,"49,758,000","50,471,000","50,945,000",,"51,620,000","51,355,000","51,826,000",,"53,000,000","52,500,000","50,909,091",,"53,333,333","53,181,818","42,955,992",,"100,000,000","94,117,647","43,340,660",,"42,690,000","42,168,000","33,337,496",,"75,384,615","72,307,692","32,589,960",,"36,382,000","36,382,000","36,324,000",,"34,668,000","34,610,000","34,610,000",,"34,522,000","34,522,000","34,456,000",,"34,464,000","34,464,000","34,464,000",,"34,472,000","34,452,000","34,426,000",,"34,240,000","34,240,000","34,240,000",,"34,240,000","34,000,000","34,000,000",,"34,000,000","32,172,000","24,576,000",,"25,200,000","25,200,000","28,172,000",,"28,172,000"
TotalOperatingIncomeAsReported,"115,351,000","27,420,000","33,930,000","24,777,000","29,224,000","16,866,000","20,950,000","15,882,000","17,393,000","-93,512,000","27,948,000","43,676,000","42,892,000","16,387,000","3,903,000","15,785,000","33,703,000","22,988,000","30,560,000","30,911,000","33,045,000","15,328,000","6,369,000","25,743,000","31,798,000","21,027,000","27,672,000","31,302,000","33,219,000","21,400,000","26,674,000","7,251,000","24,343,000","12,027,000","31,998,000","27,835,000","21,803,000","13,994,000","18,767,000","23,097,000","22,033,000","519,000","14,260,000","25,338,000","26,137,000","21,528,000","29,469,000","28,039,000","21,466,000","13,755,000","20,130,000","18,925,000","20,866,000","3,074,000","-53,770,000","31,022,000","33,436,000","30,971,000","39,440,000","34,750,000","30,893,000","-26,049,000","29,588,000","25,003,000","21,063,000","-3,292,000","23,096,000","20,512,000","21,223,000","17,170,000","15,304,000","15,879,000","11,836,000","9,513,000","7,139,000","8,031,000","3,732,000","-3,427,000","-13,559,000","6,004,000","12,235,000","10,476,000","6,904,000","-51,473,000","11,422,000","17,105,000","25,249,000","25,183,000","21,401,000","18,223,000","18,662,000","18,700,000","20,300,000","19,900,000","27,100,000","32,600,000","28,100,000","27,300,000","28,800,000","26,600,000","22,500,000","19,900,000","24,600,000","21,500,000","19,100,000","13,600,000","16,400,000","16,300,000","15,400,000","13,400,000","14,700,000","13,700,000","12,200,000","10,400,000","13,800,000","12,900,000","10,700,000","8,700,000","8,600,000","7,900,000","11,600,000","12,400,000","10,300,000","8,900,000","10,000,000","9,000,000","15,300,000","13,400,000","14,800,000","16,000,000",,,,,,,,,,,,,,,,,,
TotalExpenses,"1,115,151,000","259,695,000","305,716,000","284,117,000","265,623,000","236,524,000","257,467,000","264,641,000","242,268,000","261,541,000","299,259,000","304,004,000","314,615,000","281,301,000","312,627,000","302,540,000","249,923,000","217,575,000","235,650,000","226,520,000","218,655,000","198,475,000","213,350,000","222,606,000","216,409,000","201,527,000","218,964,000","223,384,000","230,418,000","215,504,000","245,422,000","232,554,000","236,281,000","206,965,000","226,645,000","226,613,000","221,680,000","196,375,000","227,721,000","218,016,000","232,574,000","215,925,000","250,466,000","247,768,000","241,503,000","223,874,000","235,856,000","224,685,000","205,121,000","200,305,000","210,789,000","199,439,000","188,528,000","190,510,000","228,762,000","247,401,000","261,569,000","230,765,000","252,035,000","244,721,000","234,069,000","305,332,000","264,607,000","245,609,000","237,615,000","250,666,000","237,512,000","223,386,000","225,322,000","217,545,000","217,286,000","206,943,000","242,301,000","239,731,000","233,461,000","229,063,000","227,763,000","211,551,000","203,819,000","229,353,000","228,358,000","223,949,000","237,163,000","252,430,000","275,863,000","289,406,000","305,093,000","311,480,000","302,324,000","274,995,000","291,977,000","285,500,000","285,200,000","288,000,000","289,900,000","295,700,000","288,800,000","291,700,000","280,100,000","270,800,000","249,200,000","237,400,000","260,000,000","253,500,000","218,400,000","191,400,000","188,300,000","187,000,000","187,400,000","178,000,000","183,300,000","171,300,000","169,500,000","150,300,000","158,600,000","154,700,000","139,300,000","126,300,000","138,000,000","135,800,000","137,700,000","142,100,000","137,900,000","128,300,000","135,000,000","142,500,000","151,700,000","137,400,000","136,400,000","138,500,000",,,,,,,,,,,,,,,,,,
NetIncomeFromContinuingAndDiscontinuedOperation,"61,589,000","13,293,000","21,826,000","10,959,000","15,511,000","6,938,000","19,616,000","5,913,000","4,709,000","-102,167,000","16,432,000","26,210,000","29,499,000","7,059,000","6,395,000","8,172,000","20,602,000","15,084,000","4,322,000","19,439,000","20,938,000","8,547,000","4,707,000","15,904,000","20,657,000","12,894,000","18,247,000","20,127,000","21,722,000","12,322,000","8,088,000","-376,000","13,071,000","4,025,000","15,336,000","14,957,000","10,965,000","6,997,000","7,392,000","-5,773,000","10,258,000","-5,934,000","3,915,000","12,168,000","12,814,000","9,824,000","-13,297,000","12,078,000","7,632,000","1,870,000","5,948,000","5,457,000","3,666,000","-4,023,000","-79,301,000","8,430,000","15,876,000","14,122,000","20,250,000","8,556,000","998,000","-40,616,000","12,089,000","9,106,000","5,885,000","-17,088,000","5,716,000","5,121,000","-5,823,000","-1,839,000","-29,940,000","-19,247,000","-159,000","-3,029,000","-12,928,000","-4,563,000","-5,412,000","-10,354,000","-30,206,000","-2,749,000","777,000","-106,000","-687,000","-41,301,000","1,272,000","4,430,000","9,323,000","9,759,000","7,042,000","-8,804,000","6,345,000","5,300,000","6,300,000","5,600,000","-6,500,000","14,400,000","11,700,000","10,300,000","12,700,000","10,500,000","8,000,000","6,400,000","9,100,000","7,600,000","6,000,000","3,700,000","5,900,000","5,300,000","5,100,000","4,000,000","5,700,000","4,200,000","3,700,000","2,800,000","4,900,000","3,900,000","2,800,000","2,200,000","3,200,000","1,900,000","3,400,000","3,800,000","3,500,000","1,700,000","2,100,000","1,700,000","5,700,000","5,700,000","6,200,000","6,100,000",,,,,,,,,,,,,,,,,,
NormalizedIncome,"64,984,015.118","13,871,324","21,826,000","13,544,328.652","15,465,888.733","6,836,600","18,542,900","4,436,908.029","4,607,571.409","-14,464,800","25,868,829.793","26,698,114.4","29,499,000","7,059,000","21,381,170","8,172,000","20,602,000","15,084,000","4,322,000","19,439,000","20,938,000","13,429,184.458","4,707,000","15,904,000","20,657,000","12,894,000","18,247,000","20,127,000","21,722,000","12,322,000","18,370,824.178","7,674,900","13,071,000","4,025,000","11,993,676.244","14,957,000","10,965,000","6,997,000","8,777,772.376","12,322,027.479","10,437,941.869","9,194,945.67","8,758,285.947","12,056,425.465","12,928,225.825","9,744,066.16","15,351,950","12,376,134.606","7,909,400.496","4,674,100","6,539,730.998","5,553,148.18","9,287,850","985,872.954","-33,298,550","14,079,420.095","16,032,987.56","14,347,034.504","19,962,208.503","15,990,616.37","13,709,064.205","-7,705,850","12,067,128.116","9,351,742.031","7,234,453.173","4,113,787.935","5,702,400","5,439,600","4,100,800","3,283,000","2,305,600","2,542,800","188,937.238","-1,403,936.906","-1,735,615.618","-2,040,637.314","-2,252,200","-7,603,860","-159,476.659","-2,749,000","633,000","79,400","1,050,000","972,329.923","1,273,200","4,596,399.285","10,074,510.31","9,569,900.836","7,055,419.142","13,480,824.469","-13,445,712.678","11,391,954.023","12,416,504.854","12,113,043.478","-6,788,888.889","20,864,000","17,303,684.211","16,714,371.257","-3,883,980.583","16,051,724.138","13,907,692.308","12,190,476.19","-5,069,127.517","13,132,800","11,400,000","8,466,101.695","5,900,000","5,300,000","5,100,000","4,000,000","5,700,000","4,200,000","3,700,000","2,800,000","4,900,000","3,900,000","2,800,000","5,629,411.765","3,200,000","5,559,259.259","7,170,909.091","7,600,000","-9,285,714.286","5,300,000","2,100,000","1,700,000","5,700,000","5,700,000","6,200,000","6,100,000",,,,,,,,,,,,,,,,,,
InterestExpense,"29,275,000","6,850,000","7,409,000","7,727,000","7,289,000","7,256,000","13,223,000","5,426,000","4,965,000","5,630,000","5,476,000","6,577,000","6,810,000","6,793,000","6,229,000","4,852,000","2,261,000","2,094,000","1,978,000","1,851,000","1,682,000","1,617,000","1,367,000","1,654,000","1,590,000","1,519,000","1,375,000","1,348,000","1,790,000","1,888,000","4,253,000","5,614,000","5,420,000","5,498,000","5,442,000","6,303,000","5,907,000","6,158,000","5,892,000","6,330,000","6,139,000","6,653,000","6,349,000","6,428,000","6,783,000","6,656,000","7,783,000","8,409,000","8,115,000","8,822,000","9,361,000","9,537,000","7,726,000","7,673,000",,"8,173,000",,,,,"9,161,000",,"9,532,000",,,,"11,055,000",,"11,506,000",,,,,"11,805,000","11,394,000","11,033,000",,,,,"10,848,000",,,,,,"9,685,000",,,,,,,,,,,,,,,,,,,,,,,,,,,,,,,,,,,,,,,,,,"5,100,000",,,,,,,,,,,,,,,,,,,
NetInterestIncome,"-29,275,000","-6,850,000","-7,409,000","-7,727,000","-7,289,000","-7,256,000","-13,223,000","-5,426,000","-4,965,000","-5,630,000","-5,476,000","-6,577,000","-6,810,000","-6,793,000","-6,229,000","-4,852,000","-2,261,000","-2,094,000","-1,978,000","-1,851,000","-1,682,000","-1,617,000","-1,367,000","-1,654,000","-1,590,000","-1,519,000","-1,375,000","-1,348,000","-1,790,000","-1,888,000","-4,253,000","-5,614,000","-5,420,000","-5,498,000","-5,442,000","-6,303,000","-5,907,000","-6,158,000","-5,892,000","-6,330,000","-6,139,000","-6,653,000","-6,349,000","-6,428,000","-6,783,000","-6,656,000","-7,783,000","-8,409,000","-8,115,000","-8,822,000","-9,361,000","-9,537,000","-7,726,000","-7,673,000",,,,,,,,,,,,,,,,,,,,,,,,,,,,,,,,,,,,,,,,,,,,,,,,,,,,,,,,,,,,,,,,,,,,,,,,,,,,,,,,,,,,,,,,,,,,,,
EBIT,"113,413,000","27,250,000","33,666,000","23,890,000","28,607,000","16,151,000","19,612,000","12,961,000","12,254,000","-95,003,000","26,850,000","42,661,000","42,588,000","15,373,000","3,301,000","14,215,000","30,442,000","22,469,000","30,199,000","30,260,000","32,813,000","14,395,000","7,770,000","25,004,000","31,914,000","20,578,000","27,729,000","30,645,000","33,665,000","20,128,000","13,683,000","6,320,000","24,471,000","12,053,000","29,701,000","27,721,000","21,805,000","13,587,000","18,070,000","22,961,000","21,759,000","82,000","13,700,000","25,513,000","25,966,000","21,650,000","-13,474,000","27,576,000","21,019,000","12,572,000","19,610,000","18,769,000","14,120,000","3,824,000","-56,628,000","31,022,000","33,436,000","30,971,000","41,313,000","34,750,000","30,893,000","-26,049,000","31,311,000","25,003,000","21,063,000","-32,000","23,096,000","20,512,000","21,223,000","17,170,000","15,304,000","15,879,000","11,836,000","9,513,000","8,780,000","8,031,000","6,201,000","-1,341,000","9,890,000","6,004,000","12,235,000","10,476,000","9,838,000","10,678,000","11,422,000","17,105,000","25,249,000","25,183,000","21,401,000","18,223,000","18,662,000","18,700,000","20,300,000","19,900,000","27,100,000","32,600,000","28,100,000","27,300,000","28,800,000","26,600,000","22,500,000","19,900,000","24,600,000","21,500,000","19,100,000","13,600,000","16,400,000","16,300,000","15,400,000","13,400,000","14,700,000","13,700,000","12,200,000","10,400,000","13,800,000","12,900,000","10,700,000","8,700,000","8,600,000","7,900,000","11,600,000","12,400,000","10,300,000","8,900,000","10,000,000","9,000,000","15,300,000","13,400,000","14,800,000","16,000,000","-366,000,000","141,100,000","141,500,000","147,400,000","-200,600,000","90,800,000","77,700,000","77,900,000","-158,500,000","68,300,000","60,700,000","62,900,000","-85,000,000","31,300,000","33,300,000","33,800,000","-77,300,000","31,200,000"
EBITDA,"164,051,000"
ReconciledCostOfRevenue,"791,646,000","181,203,000","218,268,000","206,382,000","185,793,000","157,222,000","180,140,000","176,480,000","162,210,000","173,858,000","203,778,000","212,590,000","218,917,000","182,290,000","215,377,000","218,380,000","174,478,000","146,981,000","164,432,000","158,887,000","153,803,000","133,300,000","149,539,000","155,431,000","149,081,000","135,922,000","148,397,000","156,720,000","162,385,000","151,472,000","180,735,000","168,596,000","170,239,000","144,306,000","159,818,000","162,695,000","157,250,000","139,117,000","164,497,000","160,002,000","170,012,000","156,557,000","184,979,000","178,681,000","172,865,000","158,474,000","171,552,000","163,244,000","146,453,000","143,817,000","152,589,000","145,952,000","142,191,000","136,139,000","169,611,000","183,506,000","189,712,000","167,470,000","189,208,000","181,542,000","172,737,000","191,108,000","201,806,000","185,278,000","177,511,000","171,652,000","180,819,000","167,357,000","169,317,000","163,576,000","164,432,000","157,298,000","180,466,000","176,968,000","175,066,000","171,862,000","169,093,000","154,511,000","149,186,000","171,565,000","171,075,000","168,084,000","177,311,000","188,583,000","204,387,000","217,593,000","179,624,000","234,963,000","226,180,000","204,552,000","169,335,000","209,900,000","209,800,000","211,300,000","167,700,000","215,000,000","211,200,000","211,100,000","189,900,000","187,200,000","175,500,000","164,400,000","181,700,000","179,400,000","154,200,000","133,900,000","131,400,000","132,600,000","133,200,000","125,600,000","130,300,000","121,500,000","118,600,000","105,500,000","113,900,000","104,500,000","96,300,000","88,100,000","96,400,000","92,000,000","94,800,000","98,600,000","98,200,000","85,800,000","91,600,000","98,400,000","104,200,000","92,800,000","94,600,000","97,500,000",,,,,,,,,,,,,,,,,,
ReconciledDepreciation,"50,638,000","12,012,000","12,625,000","12,824,000","13,177,000","13,355,000","13,867,000","13,131,000","12,124,000","12,255,000","12,676,000","12,209,000","12,697,000","13,253,000","14,990,000","12,291,000","8,459,000","8,731,000","8,058,000","7,781,000","6,178,000","8,244,000","8,158,000","7,514,000","7,443,000","7,517,000","7,615,000","7,649,000","7,750,000","7,789,000","10,553,000","6,812,000","6,650,000","6,662,000","6,045,000","5,604,000","6,862,000","6,159,000","6,709,000","6,523,000","6,404,000","6,246,000","5,279,000","6,788,000","530,000","12,582,000","8,674,000","6,350,000","6,779,000","6,124,000","6,333,000","6,811,000","5,797,000","6,248,000","6,008,000","5,672,000","5,489,000","6,495,000","5,398,000","5,129,000","3,356,000","8,604,000","8,271,000","6,961,000","7,694,000","8,237,000","8,164,000","7,097,000","8,087,000","8,107,000","7,100,000","7,436,000","9,045,000","9,755,000","9,807,000","9,077,000",,,,,,,,,,,,,,,,,,,,,,,"12,300,000","9,500,000","6,800,000","10,000,000","10,300,000","8,200,000","8,600,000","8,200,000","7,600,000","7,000,000","6,900,000","7,400,000","6,200,000","7,600,000","7,500,000","6,900,000","4,000,000","8,500,000","6,300,000","5,700,000","5,300,000","5,700,000","5,600,000","5,700,000","2,300,000","5,700,000","5,800,000","5,900,000","6,000,000","5,300,000","5,500,000","4,800,000",,,,,,,,,,,,,,,,,,
NetIncomeFromContinuingOperationNetMinorityInterest,"61,589,000","13,293,000","21,826,000","10,959,000","15,511,000","6,938,000","19,616,000","5,913,000","4,709,000","-102,167,000","16,432,000","26,210,000","29,499,000","7,059,000","6,395,000","8,172,000","20,602,000","15,084,000","4,322,000","19,439,000","20,938,000","8,547,000","4,707,000","15,904,000","20,657,000","12,894,000","18,247,000","20,127,000","21,722,000","12,322,000","8,088,000","-376,000","13,071,000","4,025,000","15,336,000","14,957,000","10,965,000","6,997,000","7,392,000","11,067,000","10,258,000","-5,934,000","4,570,000","12,168,000","12,814,000","9,824,000","-12,561,000","12,078,000","7,632,000","1,870,000","6,207,000","5,457,000","3,666,000","-3,373,000","-79,301,000","13,584,000","15,876,000","14,122,000","20,250,000","15,206,000","13,323,000","-40,616,000","12,093,000","9,106,000","5,906,000","-17,082,000","5,766,000","5,337,000","3,940,000","2,923,000","1,852,000","2,370,000","-159,000","-3,029,000","-3,282,000","-2,146,000","-3,940,000","-9,042,000","-15,681,000","-2,749,000","777,000","-106,000","-687,000","-41,301,000","1,272,000","4,430,000","9,323,000","9,759,000","7,042,000","-8,804,000","6,345,000","5,300,000","6,300,000","5,600,000","-6,500,000","14,400,000","11,700,000","10,300,000","12,700,000","10,500,000","8,000,000","6,400,000","9,100,000","7,600,000","6,000,000","3,700,000","5,900,000","5,300,000","5,100,000","4,000,000","5,700,000","4,200,000","3,700,000","2,800,000","4,900,000","3,900,000","2,800,000","2,200,000","3,200,000","1,900,000","3,400,000","3,800,000","3,500,000","1,700,000","2,100,000","1,700,000","5,700,000","5,700,000","6,200,000","6,100,000",,,,,,,,,,,,,,,,,,
TotalUnusualItemsExcludingGoodwill,"-4,638,000","-887,000","0","-3,813,000","62,000","130,000","1,470,000","1,881,000","157,000","-120,140,000","-12,275,000","-672,000",,,"-20,529,000","0","0","0","0","0","0","-7,299,000","-19,788,000",,,,"0","0",,,"-11,989,000","-12,386,000",,,"5,287,000","0","0","0","-2,283,000","-1,886,000","-274,000","-16,753,000","-6,737,000","175,000","-171,000","122,000","-42,943,000","-463,000","-447,000","-4,314,000","-520,000","-156,000","-8,649,000","-4,974,000","-70,773,000","-804,000","-248,000","-363,000","465,000","-1,281,000","-612,000","-50,631,000","43,000","-381,000","-2,176,000","-24,500,000","106,000","-171,000","-268,000","-600,000","-756,000","-288,000","-523,000","-2,653,000","-2,329,000","-155,000","-2,813,000","-2,179,000","-23,748,000",,"240,000","-309,000","-2,895,000","-62,432,000","-2,000","-273,000","-1,161,000","306,000","-22,000","-30,124,000","30,483,000","-10,000,000","-10,000,000","-10,700,000","400,000","-10,100,000","-9,100,000","-10,400,000","26,900,000","-9,200,000","-9,600,000","-9,500,000","23,200,000","-9,100,000","-9,000,000","-7,600,000",,,,,,,,,,,,"-5,300,000",,"-5,200,000","-6,100,000","-6,200,000","17,900,000","-6,000,000",,,,,,,,,,,,,,,,,,,,,,,,
TotalUnusualItems,"-4,638,000","-887,000","0","-3,813,000","62,000","130,000","1,470,000","1,881,000","157,000","-120,140,000","-12,275,000","-672,000",,,"-20,529,000","0","0","0","0","0","0","-7,299,000","-19,788,000",,,,"0","0",,,"-11,989,000","-12,386,000",,,"5,287,000","0","0","0","-2,283,000","-1,886,000","-274,000","-16,753,000","-6,737,000","175,000","-171,000","122,000","-42,943,000","-463,000","-447,000","-4,314,000","-520,000","-156,000","-8,649,000","-4,974,000","-70,773,000","-804,000","-248,000","-363,000","465,000","-1,281,000","-612,000","-50,631,000","43,000","-381,000","-2,176,000","-24,500,000","106,000","-171,000","-268,000","-600,000","-756,000","-288,000","-523,000","-2,653,000","-2,329,000","-155,000","-2,813,000","-2,179,000","-23,748,000",,"240,000","-309,000","-2,895,000","-62,432,000","-2,000","-273,000","-1,161,000","306,000","-22,000","-30,124,000","30,483,000","-10,000,000","-10,000,000","-10,700,000","400,000","-10,100,000","-9,100,000","-10,400,000","26,900,000","-9,200,000","-9,600,000","-9,500,000","23,200,000","-9,100,000","-9,000,000","-7,600,000",,,,,,,,,,,,"-5,300,000",,"-5,200,000","-6,100,000","-6,200,000","17,900,000","-6,000,000",,,,,,,,,,,,,,,,,,,,,,,,
NormalizedEBITDA,"168,689,000","40,149,000","46,291,000","40,527,000","41,722,000","29,376,000","32,009,000","24,211,000","24,221,000","37,392,000","51,801,000","55,542,000","55,285,000","28,626,000","38,820,000","26,506,000","38,901,000","31,200,000","38,257,000","38,041,000","38,991,000","29,938,000","15,928,000","32,518,000","39,357,000","28,095,000","35,344,000","38,294,000","41,415,000","27,917,000","36,225,000","25,518,000","31,121,000","18,715,000","30,459,000","33,325,000","28,667,000","19,746,000","27,062,000","31,370,000","28,437,000","23,081,000","25,716,000","32,126,000","26,667,000","34,110,000","38,143,000","34,389,000","28,245,000","23,010,000","26,463,000","25,736,000","28,566,000","15,046,000","20,153,000","37,498,000","39,173,000","37,829,000","46,246,000","41,160,000","34,861,000","33,186,000","39,539,000","32,345,000","30,933,000","32,705,000","31,154,000","27,780,000","29,578,000","25,877,000","23,160,000","23,603,000","21,404,000","21,921,000","20,916,000","17,263,000","9,014,000","838,000","33,638,000","6,004,000","11,995,000","10,785,000","12,733,000","73,110,000","11,424,000","17,378,000","26,410,000","24,877,000","21,423,000","48,347,000","-11,821,000","28,700,000","30,300,000","30,600,000","26,700,000","42,700,000","37,200,000","37,700,000","14,200,000","45,300,000","38,900,000","39,400,000","11,700,000","38,800,000","36,700,000","29,400,000","24,000,000","23,300,000","22,300,000","20,800,000","20,900,000","21,300,000","19,700,000","17,300,000","17,800,000","21,400,000","17,000,000","19,700,000","13,900,000","18,800,000","23,400,000","24,300,000","-5,300,000","20,700,000","15,800,000","14,900,000","21,300,000","18,700,000","20,300,000","20,800,000","-366,000,000","141,100,000","141,500,000","147,400,000","-200,600,000","90,800,000","77,700,000","77,900,000","-158,500,000","68,300,000","60,700,000","62,900,000","-85,000,000","31,300,000","33,300,000","33,800,000","-77,300,000","31,200,000"
TaxRateForCalcs,"0.268","0.348","0.169","0.322","0.272","0.22","0.27","0.215","0.354","0.27","0.231","0.274","0.175","0.177","0.27","0.127","0.269","0.26","0.4","0.316","0.327","0.331","0.265","0.319","0.319","0.323","0.308","0.313","0.319","0.324","0.142","0.35","0.314","0.386","0.368","0.302","0.31","0.058","0.393","0.335","0.343","0.097","0.378","0.362","0.332","0.345","0.35","0.356","0.379","0.35","0.36","0.384","0.35","0.124","0.35","0.384","0.367","0.38","0.381","0.387","0.369","0.35","0.398","0.355","0.389","0.135","0.4","0.4","0.4","0.4","0.4","0.4","0.335","0.387","0.336","0.32","0.4","0.34","0.346","0.4","0.4","0.4","0.4","0.323","0.4","0.39","0.353","0.382","0.39","0.26","0.351","0.391","0.388","0.391","0.278","0.36","0.384","0.383","0.383","0.397","0.385","0.39","0.389","0.392","0.4","0.373","0.298","0.384","0.378","0.385","0.36","0.364","0.362","0.364","0.355","0.35","0.349","0.353","0.238","0.296","0.382","0.387","0.286","0.4","0.4","0.4","0.38","0.36","0.367","0.384",,,,,,,,,,,,,,,,,,
TaxEffectOfUnusualItems,"-1,242,984.882","-308,676","0","-1,227,671.348","16,888.733","28,600","396,900","404,908.029","55,571.409","-32,437,800","-2,838,170.207","-183,885.6","0","0","-5,542,830","0","0","0","0","0","0","-2,416,815.542","0","0","0","0","0","0","0","0","-1,706,175.822","-4,335,100","0","0","1,944,676.244","0","0","0","-897,227.624","-630,972.521","-94,058.131","-1,624,054.33","-2,548,714.053","63,425.465","-56,774.175","42,066.16","-15,030,050","-164,865.394","-169,599.504","-1,509,900","-187,269.002","-59,851.82","-3,027,150","-615,127.046","-24,770,550","-308,579.905","-91,012.44","-137,965.496","177,208.503","-496,383.63","-225,935.795","-17,720,850","17,128.116","-135,257.969","-847,546.827","-3,304,212.065","42,400","-68,400","-107,200","-240,000","-302,400","-115,200","-175,062.762","-1,027,936.906","-782,615.618","-49,637.314","-1,125,200","-740,860","-8,226,476.659","0","96,000","-123,600","-1,158,000","-20,158,670.077","-800","-106,600.715","-409,489.69","116,900.836","-8,580.858","-7,839,175.531","10,692,287.322","-3,908,045.977","-3,883,495.146","-4,186,956.522","111,111.111","-3,636,000","-3,496,315.789","-3,985,628.743","10,316,019.417","-3,648,275.862","-3,692,307.692","-3,709,523.81","9,030,872.483","-3,567,200","-3,600,000","-2,833,898.305","0","0","0","0","0","0","0","0","0","0","0","-1,870,588.235","0","-1,540,740.741","-2,329,090.909","-2,400,000","5,114,285.714","-2,400,000","0","0","0","0","0","0",,,,,,,,,,,,,,,,,,