name,ttm,03/31/2022,12/31/2021,09/30/2021,06/30/2021,03/31/2021,12/31/2020,09/30/2020,06/30/2020,03/31/2020,12/31/2019,09/30/2019,06/30/2019,03/31/2019,12/31/2018,09/30/2018,06/30/2018,03/31/2018,12/31/2017,09/30/2017,06/30/2017,03/31/2017,12/31/2016,09/30/2016,06/30/2016,03/31/2016,12/31/2015,09/30/2015,06/30/2015,03/31/2015,12/31/2014,09/30/2014,06/30/2014,03/31/2014,12/31/2013,09/30/2013,06/30/2013,03/31/2013,12/31/2012,09/30/2012,06/30/2012,03/31/2012,12/31/2011,09/30/2011,06/30/2011,03/31/2011,12/31/2010,09/30/2010,06/30/2010,03/31/2010,12/31/2009,09/30/2009,06/30/2009,03/31/2009,12/31/2008,09/30/2008,06/30/2008,03/31/2008,12/31/2007,09/30/2007,06/30/2007,03/31/2007,12/31/2006,09/30/2006,06/30/2006,03/31/2006,12/31/2005,09/30/2005
TotalRevenue,"236,836,000","50,160,000","64,050,000","70,066,000","52,559,000","55,757,000","44,888,000","47,440,000","48,610,000","38,980,000","46,473,000","45,531,000","36,048,000","31,166,000","35,977,000","34,695,000","34,943,000","32,401,000","35,277,000","28,243,000","21,096,000","23,110,000","26,051,000","54,940,000","26,798,000","27,078,000","26,926,000","33,662,000","32,028,000","28,019,000","29,902,000","38,507,000","29,009,000","30,144,000","55,324,000","49,279,000","55,214,000","47,578,000","48,413,000","66,916,000","56,338,000","54,429,000","47,784,000","52,982,000","41,145,000","47,977,000","51,163,000","57,630,000","48,157,000","68,848,000","84,797,000","71,582,000","68,621,000","50,680,000","66,338,000","56,638,000","46,487,000","47,605,000","63,982,000","60,993,000","61,395,000","40,215,000","44,793,000","35,093,000","35,813,000","25,174,000","42,353,000","40,632,000"
	OperatingRevenue,"236,836,000","50,160,000","64,050,000","70,066,000","52,559,000","55,757,000","44,888,000","47,440,000","48,610,000","38,980,000","46,473,000","45,531,000","36,048,000","31,166,000","35,977,000","34,695,000","34,943,000","32,401,000","35,277,000","28,243,000","21,096,000","23,110,000","26,051,000","54,940,000","26,798,000","27,078,000","26,926,000","33,662,000","32,028,000","28,019,000","29,902,000","38,507,000","29,009,000","30,144,000","55,324,000","49,279,000","55,214,000","47,578,000","48,413,000","66,916,000","56,338,000","54,429,000","47,784,000","52,982,000","41,145,000","47,977,000","51,163,000","57,630,000","48,157,000","68,848,000","84,797,000","71,582,000","68,621,000","50,680,000","66,338,000","56,638,000","46,487,000","47,605,000","63,982,000","60,993,000","61,395,000","40,215,000","44,793,000","35,093,000","35,813,000","25,174,000","42,353,000","40,632,000"
CostOfRevenue,"146,405,000","31,289,000","39,004,000","43,998,000","32,002,000","41,400,000","28,845,000","30,878,000","31,037,000","26,738,000","29,433,000","29,218,000","26,033,000","22,190,000","21,512,000","18,408,000","22,865,000","22,169,000","19,808,000","18,981,000","13,705,000","14,667,000","17,178,000","40,402,000","17,346,000","16,496,000","18,875,000","24,988,000","24,858,000","21,241,000","24,292,000","31,003,000","23,613,000","23,702,000","42,425,000","40,480,000","46,330,000","39,560,000","37,167,000","52,013,000","41,735,000","40,375,000","35,158,000","41,285,000","29,824,000","36,079,000","38,777,000","42,372,000","37,759,000","59,589,000","73,140,000","57,844,000","56,496,000","42,627,000","54,422,000","43,879,000","37,477,000","36,863,000","55,671,000","52,008,000","49,980,000","27,347,000","37,987,000","31,506,000","28,853,000","20,679,000","37,762,000","33,435,000"
GrossProfit,"90,431,000","18,871,000","25,046,000","26,068,000","20,557,000","14,357,000","16,043,000","16,562,000","17,573,000","12,242,000","17,040,000","16,313,000","10,015,000","8,976,000","14,465,000","16,287,000","12,078,000","10,232,000","15,469,000","9,262,000","7,391,000","8,443,000","8,873,000","14,538,000","9,452,000","10,582,000","8,051,000","8,674,000","7,170,000","6,778,000","5,610,000","7,504,000","5,396,000","6,442,000","12,899,000","8,799,000","8,884,000","8,018,000","11,246,000","14,903,000","14,603,000","14,054,000","12,626,000","11,697,000","11,321,000","11,898,000","12,386,000","15,258,000","10,398,000","9,259,000","11,657,000","13,738,000","12,125,000","8,053,000","11,916,000","12,759,000","9,010,000","10,742,000","8,311,000","8,985,000","11,415,000","12,868,000","6,806,000","3,587,000","6,960,000","4,495,000","4,591,000","7,197,000"
OperatingExpense,"133,135,000","33,605,000","29,206,000","31,321,000","39,113,000","27,851,000","25,728,000","12,049,000","12,507,000","11,839,000","15,887,000","10,637,000","10,437,000","10,358,000","14,021,000","9,851,000","9,922,000","10,254,000","12,468,000","9,296,000","8,744,000","9,643,000","10,926,000","11,670,000","9,393,000","9,345,000","9,312,000","8,189,000","8,297,000","8,492,000","7,181,000","9,743,000","9,782,000","9,891,000","7,848,000","7,716,000","8,244,000","8,680,000","8,641,000","11,132,000","8,791,000","8,542,000","10,016,000","9,035,000","7,976,000","7,829,000","8,113,000","8,708,000","7,297,000","8,177,000","6,508,000","8,888,000","8,195,000","8,268,000","8,442,000","8,736,000","6,063,000","6,572,000","9,788,000","6,076,000","7,271,000","9,092,000","6,303,000","7,212,000","6,946,000","10,413,000","8,110,000","6,841,000"
	SellingGeneralAndAdministration,"112,670,000","28,175,000","24,893,000","25,925,000","33,786,000","23,790,000","11,485,000","12,049,000","12,507,000","11,839,000","15,887,000","10,637,000","10,437,000","10,358,000","14,021,000","9,851,000","9,922,000","10,254,000","12,468,000","9,296,000","8,744,000","9,643,000","10,926,000","11,670,000","9,393,000","9,345,000","9,312,000","8,189,000","8,297,000","8,492,000","7,181,000","9,743,000","9,782,000","9,891,000","7,848,000","7,716,000","8,244,000","8,680,000","8,641,000","11,132,000","8,791,000","8,542,000","10,016,000","9,035,000","7,976,000","7,829,000","8,113,000","8,708,000","7,297,000","8,177,000","6,508,000","8,888,000","8,195,000","8,268,000","8,442,000","8,736,000","6,063,000","6,572,000","9,788,000","6,076,000","7,271,000","9,092,000","6,303,000","7,212,000","6,946,000","10,413,000","8,110,000","6,841,000"
		GeneralAndAdministrativeExpense,"91,589,000","22,923,000","19,471,000","20,562,000","28,743,000","19,964,000",,,,,,,,,,,,,,,,,,,,,,,,,,,,,,,,,,,,,,,,,,,,,,,,,,,,,,,,,,,,,,
			OtherGandA,"91,589,000","22,923,000","19,471,000","20,562,000","28,743,000","19,964,000",,,,,,,,,,,,,,,,,,,,,,,,,,,,,,,,,,,,,,,,,,,,,,,,,,,,,,,,,,,,,,
		SellingAndMarketingExpense,"21,081,000","5,252,000","5,422,000","5,363,000","5,043,000","3,826,000",,,,,,,,,,,,,,,,,,,,,,,,,,,,,,,,,,,,,,,,,,,,,,,,,,,,,,,,,,,,,,
	ResearchAndDevelopment,"20,465,000","5,430,000","4,313,000","5,396,000","5,327,000","4,061,000",,,,,,,,,,,,,,,,,,,,,,,,,,,,,,,,,,,,,,,,,,,,,,,,,,,,,,,,,,,,,,
OperatingIncome,"-42,704,000","-14,734,000","-4,160,000","-5,253,000","-18,556,000","-13,494,000","-9,685,000","4,513,000","5,066,000","403,000","1,153,000","5,676,000","-422,000","-1,382,000","444,000","6,436,000","2,156,000","-22,000","3,001,000","-34,000","-1,353,000","-1,200,000","-2,053,000","2,868,000","59,000","1,237,000","-1,261,000","485,000","-1,127,000","-1,714,000","-1,571,000","-2,239,000","-4,386,000","-3,449,000","5,051,000","1,083,000","640,000","-662,000","2,605,000","3,771,000","5,812,000","5,512,000","2,610,000","2,662,000","3,345,000","4,069,000","4,273,000","6,550,000","3,101,000","1,082,000","5,149,000","4,850,000","3,930,000","-215,000","3,474,000","4,023,000","2,947,000","4,170,000","-1,477,000","2,909,000","4,144,000","3,776,000","503,000","-3,625,000","14,000","-5,918,000","-3,519,000","356,000"
NetNonOperatingInterestIncomeExpense,"-771,000","-190,000","-194,000","-195,000","-192,000","-196,000","-1,233,000","-2,013,000","-1,996,000","-2,017,000","-1,997,000","-1,970,000","-1,740,000","-1,760,000","-2,157,000","-1,717,000","-1,709,000","-1,675,000","-1,697,000","-1,722,000","-1,660,000","-1,611,000","-1,318,000","-1,366,000","-1,385,000","-1,396,000","-1,424,000","-1,444,000","-1,444,000","-1,327,000","-1,405,000","-1,373,000","-1,252,000","-1,340,000","-1,329,000","-1,381,000","-1,366,000","-1,407,000","-1,549,000","-1,603,000","-1,672,000","-1,807,000","-1,690,000","-1,655,000","-1,462,000","-1,459,000","-1,503,000","-1,505,000","-1,531,000","-1,688,000","-1,769,000","-1,830,000","-1,843,000","-1,783,000","-1,970,000","-1,902,000","-1,916,000","-1,913,000","-2,080,000","-2,146,000","-2,058,000","-2,066,000","-2,268,000","-2,270,000","-13,919,000","-2,120,000","-2,228,000","-2,241,000"
	InterestExpenseNonOperating,"771,000","190,000","194,000","195,000","192,000","196,000","1,233,000","2,013,000","1,996,000","2,017,000","1,997,000","1,970,000","1,740,000","1,760,000","2,157,000","1,717,000","1,709,000","1,675,000","1,697,000","1,722,000","1,660,000","1,611,000","1,318,000","1,366,000","1,385,000","1,396,000","1,424,000","1,444,000","1,444,000","1,327,000","1,405,000","1,373,000","1,252,000","1,340,000","1,329,000","1,381,000","1,366,000","1,407,000","1,549,000","1,603,000","1,672,000","1,807,000","1,690,000","1,655,000","1,462,000","1,459,000","1,503,000","1,505,000","1,531,000","1,688,000","1,769,000","1,830,000","1,843,000","1,783,000","1,970,000","1,902,000","1,916,000","1,913,000","2,080,000","2,146,000","2,058,000","2,066,000","2,268,000","2,270,000","13,919,000","2,120,000","2,228,000","2,241,000"
OtherIncomeExpense,"145,000","12,000","80,000","20,000","32,000","-1,054,000","13,743,000","2,000","4,000","8,000","6,000","2,000","188,000","5,000","2,000","3,000","3,000","4,000","4,000","1,000","2,000","4,000","5,000","1,000","3,000","10,000","1,000","0","7,000","11,000","156,000","1,000","254,000","3,000","6,000","7,000","224,000","2,000","5,164,000","236,000","238,000","19,000","-1,000","40,000","253,000","28,000","24,000","110,000","15,000","25,000","18,000","18,000","16,000","31,000","35,000","28,000","100,000","27,000","92,000","35,000","5,805,000","2,000","-4,000","14,000","5,000","-81,000","-474,000","5,000"
	SpecialIncomeCharges,,,,,,,,,,,,,,,,,,,,"1,000","2,000","4,000","5,000","1,000","3,000","10,000","1,000","0","7,000","11,000","156,000","1,000","254,000","3,000","6,000","7,000","224,000","2,000","5,164,000","236,000","238,000","19,000","-1,000","40,000","253,000","28,000","24,000","110,000","15,000","25,000","18,000","18,000","16,000","31,000","35,000","28,000","100,000","27,000","92,000","35,000","5,805,000","2,000","-4,000","14,000","5,000","-81,000","-474,000","5,000"
		OtherSpecialCharges,,,,,,,,,,,,,,,,,,,,"-1,000","-2,000","-4,000","-5,000","-1,000","-3,000","-10,000","-1,000",,"-7,000","-11,000","-156,000","-1,000","-254,000","-3,000",,,,,,,,,,,,,,,,,,,,,"-35,000","-28,000","-100,000",,"-92,000","-35,000","-2,000",,,,"-5,000",,,
		GainOnSaleOfBusiness,,,,,,,,,,,,,,,,,,,,,,,,,,,,,,,,,,,,,,,,,,,,,,,,,,,,,,,"0","0","0",,"0","0","5,803,000",,,,"0",,,
	OtherNonOperatingIncomeExpenses,"145,000","12,000","80,000","20,000","32,000","-1,054,000","13,743,000","2,000","4,000","8,000","6,000","2,000","188,000","5,000","2,000","3,000","3,000","4,000",,,,,,,,,,,,,,,,,,,,,,,,,,,,,,,,,,,,,,,,,,,,,,,,,,
PretaxIncome,"-43,330,000","-14,912,000","-4,274,000","-5,428,000","-18,716,000","-14,744,000","2,825,000","2,502,000","3,074,000","-1,606,000","-838,000","3,708,000","-1,974,000","-3,137,000","-1,711,000","4,722,000","450,000","-1,693,000","1,308,000","-1,755,000","-3,011,000","-2,807,000","-3,366,000","1,503,000","-1,323,000","-149,000","-2,684,000","-959,000","-2,564,000","-3,030,000","-2,820,000","-3,611,000","-5,384,000","-4,786,000","3,728,000","-291,000","-502,000","-2,067,000","6,220,000","2,404,000","4,378,000","3,724,000","919,000","1,047,000","2,136,000","2,638,000","2,794,000","5,155,000","1,585,000","-581,000","3,398,000","3,038,000","2,103,000","-1,967,000","881,000","879,000","1,060,000","2,137,000","-4,046,000","337,000","7,823,000","1,712,000","-1,769,000","-5,881,000","-13,900,000","-8,119,000","-6,221,000","-1,880,000"
TaxProvision,"9,000","71,000","-34,000","-41,000","13,000","34,000","90,000","8,000","2,000","-146,000","83,000","-10,000","20,000","-197,000","72,000","-106,000","6,000","59,000","-3,296,000","211,000","139,000","179,000","153,000","158,000","14,000","8,000","6,070,000","-618,000","-518,000","-669,000","-1,786,000","-3,337,000","-1,381,000","515,000","9,059,000","-4,397,000","-1,572,000","-1,411,000","2,643,000","1,136,000","1,729,000","1,723,000","1,068,000","-137,000","951,000","1,356,000","1,151,000","3,060,000","818,000","-321,000","2,663,000","1,952,000","1,041,000","-1,393,000","-5,969,000","83,000","83,000","72,000","280,000","0","0","0","12,000","0","0","0","9,000","0"
NetIncomeCommonStockholders,"-43,339,000","-14,983,000","-4,240,000","-5,387,000","-18,729,000","-14,778,000","3,865,000","-200,000","266,000","-2,244,000","7,149,000","2,233,000","-1,741,000","-3,413,000","-3,680,000","4,113,000","-87,000","-1,986,000","3,699,000","-3,044,000","-3,389,000","-3,099,000","-4,304,000","-91,000","-1,912,000","-867,000","-9,380,000","-1,406,000","-2,408,000","-2,746,000","-1,609,000","-774,000","-4,346,000","-5,559,000","-5,778,000","3,706,000","454,000","-1,000,000","3,116,000","543,000","1,973,000","1,803,000","-526,000","84,000","780,000","1,116,000","1,193,000","1,636,000","382,000","-164,000","414,000","880,000","594,000","-612,000","6,850,000","796,000","977,000","2,065,000","-4,326,000","337,000","7,823,000","1,712,000","-1,781,000","-5,881,000","-13,900,000","-8,119,000","-6,230,000","-1,880,000"
	NetIncome,"-43,339,000","-14,983,000","-4,240,000","-5,387,000","-18,729,000","-14,778,000","3,865,000","-200,000","266,000","-2,244,000","-3,480,000","2,233,000","-1,741,000","-3,413,000","-3,680,000","4,113,000","-87,000","-1,986,000","3,699,000","-3,044,000","-3,389,000","-3,099,000","-4,304,000","-91,000","-1,912,000","-867,000","-9,380,000","-1,406,000","-2,408,000","-2,746,000","-1,609,000","-774,000","-4,346,000","-5,559,000","-5,778,000","3,706,000","454,000","-1,000,000","3,116,000","543,000","1,973,000","1,803,000","-526,000","84,000","780,000","1,116,000","1,193,000","1,636,000","382,000","-164,000","414,000","880,000","594,000","-612,000","6,850,000","796,000","977,000","2,065,000","-4,326,000","337,000","7,823,000","1,712,000","-1,781,000","-5,881,000","-13,900,000","-8,119,000","-6,230,000","-1,880,000"
		NetIncomeIncludingNoncontrollingInterests,"-43,339,000","-14,983,000","-4,240,000","-5,387,000","-18,729,000","-14,778,000","2,735,000","2,494,000","3,072,000","-1,460,000","-921,000","3,718,000","-1,994,000","-2,940,000","-1,783,000","4,828,000","444,000","-1,752,000","4,604,000","-1,966,000","-3,150,000","-2,986,000","-3,519,000","1,345,000","-1,337,000","-157,000","-8,754,000","-341,000","-2,046,000","-2,361,000","-1,034,000","-274,000","-4,003,000","-5,301,000","-5,331,000","4,106,000","1,070,000","-656,000","3,577,000","1,268,000","2,649,000","2,001,000","-149,000","1,184,000","1,185,000","1,282,000","1,643,000","2,095,000","767,000","-260,000","735,000","1,086,000","1,062,000","-574,000","1,539,000","2,149,000","1,131,000","2,284,000","-3,465,000","798,000","7,891,000","1,712,000","-1,781,000","-5,881,000","-13,900,000","-8,119,000","-6,230,000","-1,880,000"
			NetIncomeContinuousOperations,"-43,339,000","-14,983,000","-4,240,000","-5,387,000","-18,729,000","-14,778,000","2,735,000","2,494,000","3,072,000","-1,460,000","-921,000","3,718,000","-1,994,000","-2,940,000","-1,783,000","4,828,000","444,000","-1,752,000","4,604,000","-1,966,000","-3,150,000","-2,986,000","-3,519,000","1,345,000","-1,337,000","-157,000","-8,754,000","-341,000","-2,046,000","-2,361,000","-1,034,000","-274,000","-4,003,000","-5,301,000","-5,331,000","4,106,000","1,070,000","-656,000","3,577,000","1,268,000","2,649,000","2,001,000","-149,000","1,184,000","1,185,000","1,282,000","1,643,000","2,095,000","767,000","-260,000","735,000","1,086,000","1,062,000","-574,000","1,539,000","2,149,000","1,131,000","2,284,000","-4,855,000","798,000","7,891,000","1,712,000","-1,781,000","-5,881,000","-13,900,000","-8,119,000","-6,230,000","-1,880,000"
			NetIncomeDiscontinuousOperations,,,,,,,,,,,,,,,,,,,,,,,,,,,,,,,,,,,,,,,,,,,,,,,,,,,,,,,,,,,,,,,"0","0",,,"0","0"
		MinorityInterests,,,"0","0","0","0","1,130,000","-2,694,000","-2,806,000","-784,000","-2,559,000","-1,485,000","253,000","-473,000","-1,897,000","-715,000","-531,000","-234,000","-905,000","-1,078,000","-239,000","-113,000","-785,000","-1,436,000","-575,000","-710,000","-626,000","-1,065,000","-362,000","-385,000","-575,000","-500,000","-343,000","-258,000","-447,000","-400,000","-616,000","-344,000","-461,000","-725,000","-676,000","-198,000","-377,000","-1,100,000","-405,000","-166,000","-450,000","-459,000","-385,000","96,000","-321,000","-206,000","-468,000","-38,000","-658,000","-1,270,000","-71,000","-147,000","-581,000","-461,000","-68,000",,,,"0",,,
DilutedNIAvailtoComStockholders,"-43,339,000","-14,983,000","-4,240,000","-5,387,000","-18,729,000","-14,778,000","3,865,000","-200,000","266,000","-2,244,000","7,149,000","2,233,000","-1,741,000","-3,413,000","-3,680,000","4,113,000","-87,000","-1,986,000","3,699,000","-3,044,000","-3,389,000","-3,099,000","-4,304,000","-91,000","-1,912,000","-867,000","-9,380,000","-1,406,000","-2,408,000","-2,746,000","-1,609,000","-774,000","-4,346,000","-5,559,000","-5,778,000","3,706,000","454,000","-1,000,000","3,116,000","543,000","1,973,000","1,803,000","-526,000","84,000","780,000","1,116,000","1,193,000","1,636,000","382,000","-164,000","414,000","880,000","594,000","-612,000","6,850,000","796,000","977,000","2,065,000","-4,326,000","337,000","7,823,000","1,712,000","-1,781,000","-5,881,000","-13,900,000","-8,119,000","-6,230,000","-1,880,000"
BasicEPS,,"-0.22",,"-0.08","-0.28","-0.23",,"-0.004","0.005","-0.046",,"0.045","-0.035","-0.069",,"0.084","-0.002","-0.04",,"-0.062","-0.077","-0.07",,"-0.002","-0.043","-0.02",,"-0.032","-0.054","-0.062",,"-0.017","-0.098","-0.126",,"0.084","0.01","-0.025",,"0.014","0.049","0.045",,"0.002","0.02","0.028",,"0.043","0.01","-0.004",,"0.023","0.016","-0.016",,"0.032","0.039","0.082",,"0.013","0.31","0.068",,"-0.233","-0.251","-0.147",,"-0.034"
DilutedEPS,,"-0.22",,"-0.08","-0.28","-0.23",,"-0.004","0.005","-0.046",,"0.045","-0.035","-0.069",,"0.084","-0.002","-0.04",,"-0.062","-0.077","-0.07",,"-0.002","-0.043","-0.02",,"-0.032","-0.054","-0.062",,"-0.017","-0.098","-0.126",,"0.084","0.01","-0.025",,"0.014","0.049","0.045",,"0.002","0.02","0.028",,"0.043","0.01","-0.004",,"0.023","0.016","-0.016",,"0.032","0.039","0.082",,"0.013","0.31","0.068",,"-0.233","-0.251","-0.147",,"-0.034"
BasicAverageShares,,"67,559,000",,"66,755,000","66,616,000","64,625,000",,"39,062,238","49,236,088","49,136,088",,"49,196,088","49,196,088","49,196,088",,"49,206,089","49,216,089","49,251,089",,"49,251,089","49,251,089","44,276,089",,"44,276,089","44,276,089","44,276,089",,"44,276,089","44,276,089","44,276,089",,"44,276,089","44,276,089","44,256,089",,"44,256,089","44,256,089","39,946,589",,"39,946,589","39,946,589","39,946,589",,"39,944,089","39,944,089","39,957,089",,"37,652,779","37,654,079","37,670,597",,"37,590,596","37,590,596","37,590,596",,"28,307,774","55,361,000","55,361,000",,"25,208,830","25,208,830","25,208,830",,"25,208,830","55,361,000","55,361,000",,"55,361,000"
DilutedAverageShares,,"67,559,000",,"66,755,000","66,616,000","64,625,000",,"39,062,238","49,236,088","49,136,088",,"49,196,088","49,196,088","49,196,088",,"49,206,089","49,216,089","49,251,089",,"49,251,089","49,251,089","44,276,089",,"44,276,089","44,276,089","44,276,089",,"44,276,089","44,276,089","44,276,089",,"44,276,089","44,276,089","44,256,089",,"44,256,089","44,256,089","39,946,589",,"39,946,589","39,946,589","39,946,589",,"39,944,089","39,944,089","39,957,089",,"37,652,779","37,654,079","37,670,597",,"37,590,596","37,590,596","37,590,596",,"28,307,774","57,208,000","57,208,000",,"25,208,830","25,208,830","25,208,830",,"25,208,830","57,208,000","57,208,000",,"57,208,000"
TotalOperatingIncomeAsReported,"-42,704,000","-14,734,000","-4,160,000","-5,253,000","-18,556,000","-13,494,000","-9,685,000","4,513,000","5,066,000","403,000","1,153,000","5,676,000","-422,000","-1,382,000","444,000","6,436,000","2,156,000","-22,000","3,001,000","-34,000","-1,353,000","-1,200,000","-2,053,000","2,868,000","59,000","1,237,000","-1,261,000","485,000","-1,127,000","-1,714,000","-1,571,000","-2,239,000","-4,386,000","-3,449,000","5,051,000","1,083,000","640,000","-662,000","2,605,000","3,771,000","5,812,000","5,512,000","2,610,000","2,662,000","3,345,000","4,069,000","4,273,000","6,550,000","3,101,000","1,082,000","5,149,000","4,850,000","3,930,000","-215,000","3,474,000","4,023,000","2,947,000","4,170,000","-1,477,000","2,909,000","4,144,000","3,776,000","503,000","-3,625,000","14,000","-5,918,000","-3,519,000","356,000"
TotalExpenses,"279,540,000","64,894,000","68,210,000","75,319,000","71,115,000","69,251,000","54,573,000","42,927,000","43,544,000","38,577,000","45,320,000","39,855,000","36,470,000","32,548,000","35,533,000","28,259,000","32,787,000","32,423,000","32,276,000","28,277,000","22,449,000","24,310,000","28,104,000","52,072,000","26,739,000","25,841,000","28,187,000","33,177,000","33,155,000","29,733,000","31,473,000","40,746,000","33,395,000","33,593,000","50,273,000","48,196,000","54,574,000","48,240,000","45,808,000","63,145,000","50,526,000","48,917,000","45,174,000","50,320,000","37,800,000","43,908,000","46,890,000","51,080,000","45,056,000","67,766,000","79,648,000","66,732,000","64,691,000","50,895,000","62,864,000","52,615,000","43,540,000","43,435,000","65,459,000","58,084,000","57,251,000","36,439,000","44,290,000","38,718,000","35,799,000","31,092,000","45,872,000","40,276,000"
NetIncomeFromContinuingAndDiscontinuedOperation,"-43,339,000","-14,983,000","-4,240,000","-5,387,000","-18,729,000","-14,778,000","3,865,000","-200,000","266,000","-2,244,000","-3,480,000","2,233,000","-1,741,000","-3,413,000","-3,680,000","4,113,000","-87,000","-1,986,000","3,699,000","-3,044,000","-3,389,000","-3,099,000","-4,304,000","-91,000","-1,912,000","-867,000","-9,380,000","-1,406,000","-2,408,000","-2,746,000","-1,609,000","-774,000","-4,346,000","-5,559,000","-5,778,000","3,706,000","454,000","-1,000,000","3,116,000","543,000","1,973,000","1,803,000","-526,000","84,000","780,000","1,116,000","1,193,000","1,636,000","382,000","-164,000","414,000","880,000","594,000","-612,000","6,850,000","796,000","977,000","2,065,000","-5,716,000","337,000","7,823,000","1,712,000","-1,781,000","-5,881,000","-13,900,000","-8,119,000","-6,230,000","-1,880,000"
NormalizedIncome,"-43,339,000","-14,983,000","-4,240,000","-5,387,000","-18,729,000","-14,778,000","3,865,000","-200,000","266,000","-2,244,000","-3,480,000","2,233,000","-1,741,000","-3,413,000","-3,680,000","4,113,000","-87,000","-1,986,000","3,699,000","-3,044,600","-3,390,200","-3,101,400","-4,307,000","-91,894.877","-1,913,800","-873,000","-9,380,600","-1,406,000","-2,413,585.803","-2,754,571.287","-1,710,400","-774,650","-4,534,848.811","-5,560,950","-5,781,900","3,701,450","308,400","-1,001,300","-240,600","389,600","1,828,993.148","1,790,650","-525,350","58,000","615,550","1,097,800","1,177,400","1,564,500","372,250","-180,250","402,300","868,300","583,600","-632,150","6,827,250","770,643.914","884,830.189","2,038,909.686","-5,775,800","302,000","2,018,000","1,710,000","-1,778,600","-5,895,000","-13,905,000","-8,038,000","-5,945,600","-1,885,000"
InterestExpense,"771,000","190,000","194,000","195,000","192,000","196,000","1,233,000","2,013,000","1,996,000","2,017,000","1,997,000","1,970,000","1,740,000","1,760,000","2,157,000","1,717,000","1,709,000","1,675,000","1,697,000","1,722,000","1,660,000","1,611,000","1,318,000","1,366,000","1,385,000","1,396,000","1,424,000","1,444,000","1,444,000","1,327,000","1,405,000","1,373,000","1,252,000","1,340,000","1,329,000","1,381,000","1,366,000","1,407,000","1,549,000","1,603,000","1,672,000","1,807,000","1,690,000","1,655,000","1,462,000","1,459,000","1,503,000","1,505,000","1,531,000","1,688,000","1,769,000","1,830,000","1,843,000","1,783,000","1,970,000","1,902,000","1,916,000","1,913,000","2,080,000","2,146,000","2,058,000","2,066,000","2,268,000","2,270,000","13,919,000","2,120,000","2,228,000","2,241,000"
NetInterestIncome,"-771,000","-190,000","-194,000","-195,000","-192,000","-196,000","-1,233,000","-2,013,000","-1,996,000","-2,017,000","-1,997,000","-1,970,000","-1,740,000","-1,760,000","-2,157,000","-1,717,000","-1,709,000","-1,675,000","-1,697,000","-1,722,000","-1,660,000","-1,611,000","-1,318,000","-1,366,000","-1,385,000","-1,396,000","-1,424,000","-1,444,000","-1,444,000","-1,327,000","-1,405,000","-1,373,000","-1,252,000","-1,340,000","-1,329,000","-1,381,000","-1,366,000","-1,407,000","-1,549,000","-1,603,000","-1,672,000","-1,807,000","-1,690,000","-1,655,000","-1,462,000","-1,459,000","-1,503,000","-1,505,000","-1,531,000","-1,688,000","-1,769,000","-1,830,000","-1,843,000","-1,783,000","-1,970,000","-1,902,000","-1,916,000","-1,913,000","-2,080,000","-2,146,000","-2,058,000","-2,066,000","-2,268,000","-2,270,000","-13,919,000","-2,120,000","-2,228,000","-2,241,000"
EBIT,"-42,559,000","-14,722,000","-4,080,000","-5,233,000","-18,524,000","-14,548,000","4,058,000","4,515,000","5,070,000","411,000","1,159,000","5,678,000","-234,000","-1,377,000","446,000","6,439,000","2,159,000","-18,000","3,005,000","-33,000","-1,351,000","-1,196,000","-2,048,000","2,869,000","62,000","1,247,000","-1,260,000","485,000","-1,120,000","-1,703,000","-1,415,000","-2,238,000","-4,132,000","-3,446,000","5,057,000","1,090,000","864,000","-660,000","7,769,000","4,007,000","6,050,000","5,531,000","2,609,000","2,702,000","3,598,000","4,097,000","4,297,000","6,660,000","3,116,000","1,107,000","5,167,000","4,868,000","3,946,000","-184,000","2,851,000","2,781,000","2,976,000","4,050,000","-1,966,000","2,483,000","9,881,000","3,778,000","499,000","-3,611,000","19,000","-5,999,000","-3,993,000","361,000"
EBITDA,"-36,890,000"
ReconciledCostOfRevenue,"146,405,000","31,289,000","39,004,000","43,998,000","32,002,000","41,400,000","28,845,000","30,878,000","31,037,000","26,738,000","29,433,000","29,218,000","26,033,000","22,190,000","21,512,000","18,408,000","22,865,000","22,169,000","19,808,000","18,981,000","13,705,000","14,667,000","17,178,000","40,402,000","17,346,000","16,496,000","18,875,000","24,988,000","24,858,000","21,241,000","24,292,000","31,003,000","23,613,000","23,702,000","42,425,000","40,480,000","46,330,000","39,560,000","37,167,000","52,013,000","41,735,000","40,375,000","35,158,000","41,285,000","29,824,000","36,079,000","38,777,000","42,372,000","37,759,000","59,589,000","73,140,000","57,844,000","56,496,000","42,627,000","54,422,000","43,879,000","37,477,000","36,863,000","55,671,000","52,008,000","49,980,000","27,347,000","37,987,000","31,506,000","28,853,000","20,679,000","37,762,000","33,435,000"
ReconciledDepreciation,"5,669,000","1,405,000","1,401,000","1,459,000","1,404,000","1,360,000","1,335,000","1,284,000","1,345,000","1,389,000","1,363,000","1,268,000","1,407,000","934,000","880,000","779,000","712,000","657,000","585,000","535,000","439,000","440,000","438,000","427,000","981,000","1,052,000","1,073,000","1,071,000","1,072,000","1,075,000","1,082,000","1,089,000","1,050,000","1,030,000","993,000","939,000","942,000","943,000","941,000","945,000","954,000","972,000","997,000","959,000","378,000","394,000","392,000","437,000","391,000","405,000","378,000","376,000","365,000","353,000","355,000","355,000","358,000","363,000","139,000","542,000","535,000","535,000","262,000","724,000","441,000","428,000","548,000",
NetIncomeFromContinuingOperationNetMinorityInterest,"-43,339,000","-14,983,000","-4,240,000","-5,387,000","-18,729,000","-14,778,000","3,865,000","-200,000","266,000","-2,244,000","-3,480,000","2,233,000","-1,741,000","-3,413,000","-3,680,000","4,113,000","-87,000","-1,986,000","3,699,000","-3,044,000","-3,389,000","-3,099,000","-4,304,000","-91,000","-1,912,000","-867,000","-9,380,000","-1,406,000","-2,408,000","-2,746,000","-1,609,000","-774,000","-4,346,000","-5,559,000","-5,778,000","3,706,000","454,000","-1,000,000","3,116,000","543,000","1,973,000","1,803,000","-526,000","84,000","780,000","1,116,000","1,193,000","1,636,000","382,000","-164,000","414,000","880,000","594,000","-612,000","6,850,000","796,000","977,000","2,065,000","-5,716,000","337,000","7,823,000","1,712,000","-1,781,000","-5,881,000","-13,900,000","-8,119,000","-6,230,000","-1,880,000"
TotalUnusualItemsExcludingGoodwill,,,,,,,,,,,,,,,,,,,,"1,000","2,000","4,000","5,000","1,000","3,000","10,000","1,000","0","7,000","11,000","156,000","1,000","254,000","3,000","6,000","7,000","224,000","2,000","5,164,000","236,000","238,000","19,000","-1,000","40,000","253,000","28,000","24,000","110,000","15,000","25,000","18,000","18,000","16,000","31,000","35,000","28,000","100,000","27,000","92,000","35,000","5,805,000","2,000","-4,000","14,000","5,000","-81,000","-474,000","5,000"
TotalUnusualItems,,,,,,,,,,,,,,,,,,,,"1,000","2,000","4,000","5,000","1,000","3,000","10,000","1,000","0","7,000","11,000","156,000","1,000","254,000","3,000","6,000","7,000","224,000","2,000","5,164,000","236,000","238,000","19,000","-1,000","40,000","253,000","28,000","24,000","110,000","15,000","25,000","18,000","18,000","16,000","31,000","35,000","28,000","100,000","27,000","92,000","35,000","5,805,000","2,000","-4,000","14,000","5,000","-81,000","-474,000","5,000"
NormalizedEBITDA,"-36,890,000","-13,317,000","-2,679,000","-3,774,000","-17,120,000","-13,188,000","5,393,000","5,799,000","6,415,000","1,800,000","2,522,000","6,946,000","1,173,000","-443,000","1,326,000","7,218,000","2,871,000","639,000","3,590,000","501,000","-914,000","-760,000","-1,615,000","3,295,000","1,040,000","2,289,000","-188,000","1,556,000","-55,000","-639,000","-489,000","-1,150,000","-3,336,000","-2,419,000","6,044,000","2,022,000","1,582,000","281,000","3,546,000","4,716,000","6,766,000","6,484,000","3,607,000","3,621,000","3,723,000","4,463,000","4,665,000","6,987,000","3,492,000","1,487,000","5,527,000","5,226,000","4,295,000","138,000","3,171,000","3,108,000","3,234,000","4,386,000","-1,919,000","2,990,000","4,611,000","4,311,000","765,000","-2,901,000","455,000","-5,490,000","-2,971,000","356,000"
TaxRateForCalcs,"0.4","0.4","0.008","0.008","0.27","0.27","0.032","0.003","0.001","0.091","0.27","0.27","0.27","0.063","0.27","0.27","0.013","0.27","0.4","0.4","0.4","0.4","0.4","0.105","0.4","0.4","0.4","0.4","0.202","0.221","0.35","0.35","0.257","0.35","0.35","0.35","0.35","0.35","0.35","0.35","0.395","0.35","0.35","0.35","0.35","0.35","0.35","0.35","0.35","0.35","0.35","0.35","0.35","0.35","0.35","0.094","0.078","0.034","0.35","0","0","0","0.4","0","0","0","0.4","0"
TaxEffectOfUnusualItems,"0","0","0","0","0","0","0","0","0","0","0","0","0","0","0","0","0","0","0","400","800","1,600","2,000","105.123","1,200","4,000","400","0","1,414.197","2,428.713","54,600","350","65,151.189","1,050","2,100","2,450","78,400","700","1,807,400","82,600","93,993.148","6,650","-350","14,000","88,550","9,800","8,400","38,500","5,250","8,750","6,300","6,300","5,600","10,850","12,250","2,643.914","7,830.189","909.686","32,200","0","0","0","-1,600","0","0","0","-189,600","0"