name,ttm,04/30/2022,01/31/2022,10/31/2021,07/31/2021,04/30/2021,01/31/2021,10/31/2020,07/31/2020,04/30/2020,01/31/2020,10/31/2019,07/31/2019,04/30/2019,01/31/2019,10/31/2018,07/31/2018,04/30/2018,01/31/2018,10/31/2017,07/31/2017,04/30/2017,01/31/2017,10/31/2016,07/31/2016,04/30/2016,01/31/2016,10/31/2015,07/31/2015,04/30/2015,01/31/2015,10/31/2014,07/31/2014,04/30/2014,01/31/2014,10/31/2013,07/31/2013,04/30/2013,01/31/2013,10/31/2012,07/31/2012,04/30/2012,01/31/2012,10/31/2011,07/31/2011,04/30/2011,01/31/2011,10/31/2010,07/31/2010,04/30/2010,01/31/2010,10/31/2009,07/31/2009,04/30/2009,01/31/2009,10/31/2008,07/31/2008,04/30/2008,01/31/2008,10/31/2007,07/31/2007,04/30/2007,01/31/2007,10/31/2006,07/31/2006,04/30/2006,01/31/2006,10/31/2005,07/31/2005,04/30/2005,01/31/2005,10/31/2004,07/31/2004,04/30/2004,01/31/2004,10/31/2003,07/31/2003,04/30/2003,01/31/2003,10/31/2002,07/31/2002,04/30/2002,01/31/2002,10/31/2001,07/31/2001,04/30/2001,01/31/2001,10/31/2000,07/31/2000,04/30/2000,01/31/2000,10/31/1999,07/31/1999,04/30/1999,01/31/1999,10/31/1998,07/31/1998,04/30/1998,01/31/1998,10/31/1997,07/31/1997,04/30/1997,01/31/1997,10/31/1996,07/31/1996,04/30/1996,01/31/1996,10/31/1995,07/31/1995,04/30/1995,01/31/1995,10/31/1994,07/31/1994,04/30/1994,01/31/1994,10/31/1993,07/31/1993,04/30/1993,01/31/1993,10/31/1992,07/31/1992,04/30/1992,01/31/1992,10/31/1991,07/31/1991,04/30/1991,01/31/1991,10/31/1990,07/31/1990,04/30/1990,01/31/1990,10/31/1989,07/31/1989,04/30/1989,01/31/1989,10/31/1988,07/31/1988,04/30/1988,01/31/1988,10/31/1987,07/31/1987,04/30/1987,01/31/1987,10/31/1986,07/31/1986,04/30/1986,01/31/1986,10/31/1985
TotalRevenue,"9,365,483,000","2,277,541,000","1,791,081,000","3,041,380,000","2,255,481,000","1,930,124,000","1,563,376,000","2,545,667,000","1,651,489,000","1,549,072,000","1,331,431,000","2,379,000,000","1,765,691,000","1,716,094,000","1,363,181,000","2,455,238,000","1,913,353,000","1,599,199,000","1,175,468,000","2,027,907,000","1,502,909,000","1,363,512,000","920,730,000","1,855,451,000","1,269,934,000","1,115,557,000","928,566,000","1,437,202,000","1,028,011,000","852,583,000","853,452,000","1,350,690,000","1,056,857,000","860,374,000","643,681,000","1,044,534,000","689,160,000","516,004,000","424,601,000","632,826,000","554,319,000","373,681,000","321,955,000","427,785,000","394,305,000","319,675,000","334,116,000","402,600,000","454,202,000","311,271,000","326,698,000","486,585,000","461,375,000","398,327,000","409,023,000","698,901,000","797,670,000","818,790,000","842,852,000","1,169,340,000","1,212,351,000","1,174,677,000","1,090,611,000","1,808,751,000","1,531,213,000","1,442,533,000","1,340,956,000","1,984,109,000","1,561,896,000","1,248,280,000","999,140,000","1,462,577,000","1,013,119,000","819,485,000","597,912,000","903,364,000","693,685,000","607,932,000","567,320,000","705,590,000","580,707,000","550,496,000","492,179,000","675,045,000","576,228,000","509,056,000","469,276,000","614,470,000","461,718,000","385,477,000","343,200,000","441,600,000","403,200,000","340,000,000","270,700,000","373,700,000","341,200,000","248,200,000","243,200,000","320,600,000","241,200,000","208,500,000","201,400,000","261,500,000","212,600,000","145,200,000","141,400,000","201,300,000","186,600,000","137,100,000","121,300,000","174,100,000","119,000,000","91,000,000","117,700,000","142,900,000","101,200,000","73,100,000","75,500,000","99,500,000","80,000,000","49,900,000","50,400,000","60,200,000","47,900,000","32,600,000","35,200,000","55,600,000","53,900,000","43,900,000","44,900,000","54,600,000","47,000,000","38,000,000","38,000,000","56,700,000","58,300,000","44,600,000","40,600,000","47,600,000","32,900,000","28,300,000","28,400,000","41,000,000","39,300,000","23,200,000","23,200,000","22,100,000"
	OperatingRevenue,"9,365,483,000","2,277,541,000","1,791,081,000","3,041,380,000","2,255,481,000","1,930,124,000","1,563,376,000","2,545,667,000","1,651,489,000","1,549,072,000","1,331,431,000","2,379,000,000","1,765,691,000","1,716,094,000","1,363,181,000","2,455,238,000","1,913,353,000","1,599,199,000","1,175,468,000","2,027,907,000","1,502,909,000","1,363,512,000","920,730,000","1,855,451,000","1,269,934,000","1,115,557,000","928,566,000","1,437,202,000","1,028,011,000","852,583,000","853,452,000","1,350,690,000","1,056,857,000","860,374,000","643,681,000","1,044,534,000","689,160,000","516,004,000","424,601,000","632,826,000","554,319,000","373,681,000","321,955,000","427,785,000","394,305,000","319,675,000","334,116,000","402,600,000","454,202,000","311,271,000","326,698,000","486,585,000","461,375,000","398,327,000","409,023,000","698,901,000","797,670,000","818,790,000","842,852,000","1,169,340,000","1,212,351,000","1,174,677,000","1,090,611,000","1,808,751,000","1,531,213,000","1,442,533,000","1,340,956,000","2,020,223,000","1,547,082,000","1,235,798,000","990,322,000","1,445,854,000","1,004,204,000","816,320,000","595,564,000","900,030,000","686,163,000","604,930,000","567,320,000","701,757,000","577,833,000","546,729,000","489,125,000","653,439,000","576,228,000","509,056,000","469,276,000","614,470,000","461,718,000","385,477,000","343,200,000","441,600,000","403,200,000","340,000,000","270,700,000","373,700,000","341,200,000","248,200,000","243,200,000","320,600,000","241,200,000","208,500,000","201,400,000","261,500,000","212,600,000","145,200,000","141,400,000","201,300,000","186,600,000","137,100,000","121,300,000","174,100,000","119,000,000","91,000,000","117,700,000","142,900,000","101,200,000","73,100,000","75,500,000","99,500,000","80,000,000","49,900,000","50,400,000","60,200,000","47,900,000","32,600,000","35,200,000","55,600,000","53,900,000","43,900,000","44,900,000","54,600,000","47,000,000","38,000,000","38,000,000","56,700,000","58,300,000","44,600,000","40,600,000","47,600,000","32,900,000","28,300,000","28,400,000","41,000,000","39,300,000","23,200,000","23,200,000","22,100,000"
CostOfRevenue,"7,228,740,000","1,752,246,000","1,389,144,000","2,342,517,000","1,744,833,000","1,526,584,000","1,233,527,000","1,949,473,000","1,341,195,000","1,277,107,000","1,092,182,000","1,946,865,000","1,407,987,000","1,377,268,000","1,076,498,000","1,930,751,000","1,509,619,000","1,298,157,000","934,480,000","1,575,832,000","1,176,028,000","1,077,441,000","733,002,000","1,569,767,000","991,416,000","870,571,000","712,311,000","1,116,332,000","824,394,000","678,512,000","650,032,000","1,062,575,000","817,232,000","687,998,000","514,032,000","822,261,000","545,089,000","420,013,000","345,937,000","505,738,000","447,928,000","306,821,000","271,608,000","362,504,000","339,947,000","276,354,000","281,965,000","367,152,000","392,416,000","305,739,000","317,768,000","506,024,000","511,548,000","447,760,000","485,980,000","652,612,000","716,660,000","819,967,000","847,518,000","1,041,292,000","1,078,308,000","1,007,350,000","873,337,000","1,283,909,000","1,114,830,000","1,009,824,000","935,273,000","1,371,521,000","1,033,355,000","835,965,000","686,272,000","1,032,199,000","716,993,000","586,126,000","427,731,000","647,207,000","494,984,000","440,337,000","412,786,000","513,157,000","418,604,000","393,599,000","355,642,000","472,993,000","419,829,000","377,565,000","353,353,000","453,887,000","347,499,000","294,222,000","262,700,000","339,200,000","311,200,000","264,500,000","209,800,000","288,900,000","261,300,000","190,900,000","187,300,000","242,900,000","185,200,000","161,600,000","154,500,000","196,800,000","162,600,000","109,900,000","108,400,000","148,300,000","139,900,000","102,400,000","91,400,000","130,700,000","89,800,000","67,900,000","89,100,000","105,500,000","75,500,000","53,400,000","53,800,000","71,500,000","57,400,000","35,700,000","36,400,000","45,100,000","36,800,000","24,000,000","26,500,000","45,000,000","39,200,000","30,400,000","31,300,000","38,400,000","31,400,000","25,900,000",,,,,,,,,,,,,,
GrossProfit,"2,136,743,000","525,295,000","401,937,000","698,863,000","510,648,000","403,540,000","329,849,000","596,194,000","310,294,000","271,965,000","239,249,000","432,135,000","357,704,000","338,826,000","286,683,000","524,487,000","403,734,000","301,042,000","240,988,000","452,075,000","326,881,000","286,071,000","187,728,000","285,684,000","278,518,000","244,986,000","216,255,000","320,870,000","203,617,000","174,071,000","203,420,000","288,115,000","239,625,000","172,376,000","129,649,000","222,273,000","144,071,000","95,991,000","78,664,000","127,088,000","106,391,000","66,860,000","50,347,000","65,281,000","54,358,000","43,321,000","52,151,000","35,448,000","61,786,000","5,532,000","8,930,000","-19,439,000","-50,173,000","-49,433,000","-76,957,000","46,289,000","81,010,000","-1,177,000","-4,666,000","128,048,000","134,043,000","167,327,000","217,274,000","524,842,000","416,383,000","432,709,000","405,683,000","612,588,000","528,541,000","412,315,000","312,868,000","430,378,000","296,126,000","233,359,000","170,181,000","256,157,000","198,701,000","167,595,000","154,534,000","192,433,000","162,103,000","156,897,000","136,537,000","202,052,000","156,399,000","131,491,000","115,923,000","160,583,000","114,219,000","91,255,000","80,500,000","102,400,000","92,000,000","75,500,000","60,900,000","84,800,000","79,900,000","57,300,000","55,900,000","77,700,000","56,000,000","46,900,000","46,900,000","64,700,000","50,000,000","35,300,000","33,000,000","53,000,000","46,700,000","34,700,000","29,900,000","43,400,000","29,200,000","23,100,000","28,600,000","37,400,000","25,700,000","19,700,000","21,700,000","28,000,000","22,600,000","14,200,000","14,000,000","15,100,000","11,100,000","8,600,000","8,700,000","10,600,000","14,700,000","13,500,000","13,600,000","16,200,000","15,600,000","12,100,000",,,,,,,,,,,,,,
OperatingExpense,"962,621,000","243,637,000","226,870,000","258,199,000","233,915,000","219,170,000","210,739,000","335,623,000","160,649,000","179,417,000","191,753,000","207,230,000","186,709,000","178,371,000","162,238,000","182,059,000","173,275,000","163,581,000","156,183,000","166,296,000","153,805,000","146,568,000","135,349,000","148,845,000","134,204,000","126,784,000","119,683,000","123,445,000","114,752,000","106,713,000","104,974,000","119,875,000","108,694,000","103,898,000","96,982,000","92,810,000","88,114,000","79,105,000","77,369,000","74,472,000","74,892,000","68,256,000","69,637,000","68,449,000","64,605,000","67,050,000","61,251,000","69,237,000","67,165,000","59,549,000","67,273,000","85,432,000","68,617,000","81,346,000","84,951,000","121,567,000","126,274,000","131,862,000","142,285,000","222,913,000","131,686,000","130,367,000","165,826,000","266,056,000","148,117,000","171,921,000","167,932,000","258,363,000","126,283,000","116,358,000","107,065,000","110,925,000","103,608,000","89,894,000","76,653,000","81,983,000","73,216,000","67,515,000","65,623,000","63,257,000","61,874,000","58,594,000","52,398,000","115,082,000","54,555,000","51,390,000","46,949,000","53,464,000","46,326,000","41,539,000","37,600,000","39,000,000","36,100,000","34,000,000","27,800,000","31,000,000","29,800,000","26,400,000","25,100,000","26,600,000","23,000,000","21,100,000","19,700,000","20,300,000","18,600,000","18,000,000","16,000,000","17,400,000","16,600,000","14,600,000","13,900,000","14,100,000","13,400,000","13,000,000","11,100,000","13,000,000","11,900,000","11,100,000","10,100,000","10,400,000","9,600,000","8,100,000","7,500,000","7,900,000","7,500,000","6,900,000","6,600,000","7,500,000","7,400,000","7,700,000","7,300,000","8,100,000","7,500,000","7,600,000",,,,,,,,,,,,,,
	SellingGeneralAndAdministration,"962,621,000","243,637,000","226,870,000","258,199,000","233,915,000","219,170,000","210,739,000","335,623,000","160,649,000","179,417,000","191,753,000","207,230,000","186,709,000","178,371,000","162,238,000","186,045,000","174,071,000","166,652,000","157,267,000","167,636,000","155,212,000","147,876,000","137,095,000","150,262,000","134,984,000","128,340,000","121,796,000","124,934,000","116,175,000","107,685,000","106,314,000","120,345,000","109,981,000","104,320,000","97,870,000","93,465,000","88,870,000","79,550,000","78,047,000","74,472,000","74,892,000","68,256,000","69,637,000","68,449,000","64,605,000","67,050,000","61,251,000","69,237,000","67,165,000","59,549,000","67,273,000","85,432,000","68,617,000","81,346,000","84,951,000","96,767,000","103,104,000","108,705,000","121,318,000","120,465,000","131,686,000","130,367,000","134,210,000","144,063,000","148,117,000","142,046,000","139,178,000","133,080,000","126,283,000","116,358,000","107,065,000","110,925,000","103,608,000","89,894,000","76,653,000","81,983,000","73,216,000","67,515,000","65,623,000","63,257,000","61,874,000","58,594,000","52,398,000","56,835,000","54,555,000","51,390,000","46,949,000","51,051,000","44,177,000","39,673,000","35,500,000","37,300,000","34,100,000","32,200,000","26,600,000","29,700,000","28,500,000","25,000,000","23,500,000","25,500,000","21,900,000","20,100,000","18,800,000","19,400,000","17,800,000","17,200,000","15,200,000","16,300,000","16,200,000","13,900,000","13,200,000","13,400,000","12,700,000","12,400,000","10,400,000","12,300,000","11,200,000","10,400,000","9,400,000","9,700,000","8,900,000","7,500,000","6,900,000","7,200,000","6,900,000","6,300,000","6,000,000","6,800,000","6,700,000","7,100,000","6,700,000","7,200,000","6,900,000","7,000,000",,,,,,,,,,,,,,
	DepreciationAmortizationDepletionIncomeStatement,,,,,,,,,,,,,,,,,,,,,,,,,,,,,,,,,,,,,,,,,,,,,,,,,,,,,,,,,,,,,,,,,,,,,,,,,,,,,,,,,,,,,,,,"2,413,000","2,149,000","1,866,000","2,100,000","1,700,000","2,000,000","1,800,000","1,200,000","1,300,000","1,300,000","1,400,000","1,600,000","1,100,000","1,100,000","1,000,000","900,000","900,000","800,000","800,000","800,000","1,100,000","400,000","700,000","700,000","700,000","700,000","600,000","700,000","700,000","700,000","700,000","700,000","700,000","700,000","600,000","600,000","700,000","600,000","600,000","600,000","700,000","700,000","600,000","600,000","900,000","600,000","600,000",,,,,,,,,,,,,,
		DepreciationAndAmortizationInIncomeStatement,,,,,,,,,,,,,,,,,,,,,,,,,,,,,,,,,,,,,,,,,,,,,,,,,,,,,,,,,,,,,,,,,,,,,,,,,,,,,,,,,,,,,,,,"2,413,000","2,149,000","1,866,000","2,100,000","1,700,000","2,000,000","1,800,000","1,200,000","1,300,000","1,300,000","1,400,000","1,600,000","1,100,000","1,100,000","1,000,000","900,000","900,000","800,000","800,000","800,000","1,100,000","400,000","700,000","700,000","700,000","700,000","600,000","700,000","700,000","700,000","700,000","700,000","700,000","700,000","600,000","600,000","700,000","600,000","600,000","600,000","700,000","700,000","600,000","600,000","900,000","600,000","600,000",,,,,,,,,,,,,,
	OtherOperatingExpenses,,,,,,,,,,"-14,582,000","-522,000","-31,946,000","-3,536,000","-4,242,000","-13,844,000","-3,986,000","-796,000","-3,071,000","-1,084,000","-1,340,000","-1,407,000","-1,308,000","-1,746,000","-1,417,000","-780,000","-1,556,000","-2,113,000","-1,489,000","-1,423,000","-972,000","-1,340,000","-470,000","-1,287,000","-422,000","-888,000","-655,000","-756,000","-445,000","-678,000",,,,,,,,,,,,,,,,,"24,800,000","23,170,000","23,157,000","20,967,000","102,448,000",,,"31,616,000",,,"29,875,000","28,754,000",,,,,,,,,,,,,,,,,,,,,,,,,,,,,,,,,,,,,,,,,,,,,,,,,,,,,,,,,,,,,,,,,,,,,,,,,,,,,,,,,
OperatingIncome,"1,174,122,000","281,658,000","175,067,000","440,664,000","276,733,000","184,370,000","119,110,000","260,571,000","149,645,000","92,548,000","47,496,000","224,905,000","170,995,000","160,455,000","124,445,000","342,428,000","230,459,000","137,461,000","84,805,000","285,779,000","173,076,000","139,503,000","52,379,000","136,839,000","144,314,000","118,202,000","96,572,000","197,425,000","88,865,000","67,358,000","98,446,000","168,240,000","130,931,000","68,478,000","32,667,000","129,463,000","55,957,000","16,886,000","1,295,000","52,616,000","31,499,000","-1,396,000","-19,290,000","-3,168,000","-10,247,000","-23,729,000","-9,100,000","-33,789,000","-5,379,000","-54,017,000","-58,343,000","-104,871,000","-118,790,000","-130,779,000","-161,908,000","-75,278,000","-45,264,000","-133,039,000","-146,951,000","-94,865,000","2,357,000","36,960,000","51,448,000","258,786,000","268,266,000","260,788,000","237,751,000","354,225,000","402,258,000","295,957,000","205,803,000","319,453,000","192,518,000","143,465,000","93,528,000","174,174,000","125,485,000","100,080,000","88,911,000","129,176,000","100,229,000","98,303,000","84,139,000","86,970,000","101,844,000","80,101,000","68,974,000","107,119,000","67,893,000","49,716,000","42,900,000","63,400,000","55,900,000","41,500,000","33,100,000","53,800,000","50,100,000","30,900,000","30,800,000","51,100,000","33,000,000","25,800,000","27,200,000","44,400,000","31,400,000","17,300,000","17,000,000","35,600,000","30,100,000","20,100,000","16,000,000","29,300,000","15,800,000","10,100,000","17,500,000","24,400,000","13,800,000","8,600,000","11,600,000","17,600,000","13,000,000","6,100,000","6,500,000","7,200,000","3,600,000","1,700,000","2,100,000","3,100,000","7,300,000","5,800,000","6,300,000","8,100,000","8,100,000","4,500,000","38,000,000","-97,200,000","58,300,000","44,600,000","40,600,000","-52,700,000","32,900,000","28,300,000","28,400,000","-57,700,000","39,300,000","23,200,000","23,200,000","-46,500,000"
NetNonOperatingInterestIncomeExpense,,,"1,558,000","2,010,000","748,000","107,000","1,455,000","2,342,000","869,000","-544,000","4,902,000","5,037,000","3,770,000","4,338,000","5,872,000","3,311,000","1,967,000","1,212,000","2,080,000","2,154,000","1,904,000","989,000","941,000","831,000","676,000","532,000","404,000","185,000","568,000","698,000","488,000","382,000","222,000","169,000","1,064,000","744,000","1,036,000","1,202,000","1,475,000","-3,301,000","1,117,000","0","6,195,000","9,822,000","2,080,000","3,115,000","3,055,000","5,669,000","3,031,000","948,000","1,223,000","-2,702,000","11,265,000","8,394,000","10,444,000",,,,,,,,,,,,,,,,,,,,,,,,,,,,,,,,,,,,,,,,,,,,,,,,,,,,,,,,,,,,,,,,,,,,,,,,,,,,,,,,,,,,,,,,,,,,,
	InterestIncomeNonOperating,,,"1,558,000","2,010,000","748,000","107,000","1,455,000","2,342,000","869,000","1,896,000","4,902,000","5,037,000","3,770,000","4,338,000","5,872,000","3,311,000","1,967,000","1,212,000","2,080,000","2,154,000","1,904,000","989,000","941,000","831,000","676,000","532,000","404,000","185,000","568,000","698,000","488,000","382,000","222,000","825,000","1,064,000","744,000","1,036,000","1,202,000","1,475,000",,"1,117,000","10,056,000","6,195,000","10,235,000","5,494,000","3,507,000","4,167,000","10,348,000","8,813,000","7,155,000","8,480,000","8,924,000","11,265,000","10,461,000","11,256,000",,,,,,,,,,,,,,,,,,,,,,,,,,,,,,,,,,,,,,,,,,,,,,,,,,,,,,,,,,,,,,,,,,,,,,,,,,,,,,,,,,,,,,,,,,,,,
	InterestExpenseNonOperating,,,,"0","0","0",,"0","0","2,440,000",,,,,,,,,,,,,,,,,,,,,,"0",,"656,000",,,,,,"0","0","0","0","0","0","392,000","1,112,000","4,163,000","5,124,000","6,207,000","7,257,000","11,626,000","0","2,067,000","812,000",,,,,,,,,,,,,,,,,,,,,,,,,,,,,,,,,,,,,,,,,,,,,,,,,,,,,,,,,,,,,,,,,,,,,,,,,,,,,,,,,,,,,,,,,,,,,
	TotalOtherFinanceCost,,,,,,,,,,,,,,,,,,,,,,,,,,,,,,,,,,,,,,,,,,,,"413,000","3,414,000",,,"516,000","658,000",,,,,,,,,,,,,,,,,,,,,,,,,,,,,,,,,,,,,,,,,,,,,,,,,,,,,,,,,,,,,,,,,,,,,,,,,,,,,,,,,,,,,,,,,,,,,,,,,,,
OtherIncomeExpense,"121,273,000","14,157,000","24,191,000","57,015,000","25,914,000","-14,651,000","6,840,000","4,078,000","1,351,000","10,109,000","13,534,000","42,707,000","12,151,000","11,366,000","21,129,000","50,734,000","20,671,000","14,075,000","44,713,000","13,814,000","28,594,000","58,717,000","56,461,000","30,490,000","18,663,000","21,663,000","19,841,000","19,933,000","18,031,000","18,476,000","25,089,000","19,916,000","20,172,000","24,837,000","37,504,000","19,943,000","11,260,000","22,880,000","5,556,000","11,434,000","10,336,000","17,045,000","6,687,000","8,623,000","12,055,000","-10,870,000","-11,002,000","18,653,000","3,171,000","1,280,000","366,000","837,000","-3,739,000","481,000","-5,097,000","-53,870,000","-30,113,000","-81,557,000","-24,086,000","-55,728,000","3,848,000","4,735,000","-2,181,000","11,699,000","7,269,000","12,824,000","16,569,000","18,205,000","175,000","3,373,000","1,935,000","8,786,000","5,070,000","-7,019,000","665,000","-3,021,000","555,000","-108,000","-3,637,000","127,000","246,000","1,497,000",,"-819,000","2,314,000","2,875,000","2,386,000",,,"3,069,000","1,300,000",,,"2,700,000","2,200,000","700,000","1,000,000","1,400,000","1,500,000",,"600,000","700,000","1,100,000",,"200,000","300,000","700,000",,"300,000","400,000","1,000,000","300,000","1,000,000","500,000","400,000","300,000","1,200,000","800,000","300,000","600,000","500,000","300,000","300,000","500,000","300,000","300,000","300,000","300,000","200,000","200,000","900,000","300,000","400,000","400,000",,,,,,,,,,,,,,
	EarningsFromEquityInterest,"87,328,000","2,933,000","22,037,000","45,722,000","16,636,000","10,483,000","1,194,000","-4,356,000","-2,566,000","-4,271,000","12,141,000","7,109,000","7,200,000","4,419,000","6,140,000","31,327,000","12,469,000","2,564,000","38,880,000","3,792,000","19,925,000","45,904,000","46,445,000","17,994,000","4,998,000","9,118,000","8,638,000","4,039,000","5,952,000","6,227,000","4,901,000","2,949,000","950,000","14,327,000","22,915,000","5,548,000","768,000","4,993,000","3,083,000","4,244,000","5,672,000","6,989,000","6,687,000","8,623,000","12,055,000","-10,870,000","-11,002,000","18,653,000","3,171,000","1,280,000","366,000","837,000","-3,739,000","481,000","-5,097,000","-50,637,000","-30,113,000","-81,557,000","-24,086,000","-55,728,000","3,848,000","4,735,000","6,792,000","11,699,000","7,269,000","12,824,000","16,569,000","18,205,000","4,231,000","3,373,000","1,935,000","8,786,000","5,551,000","729,000","665,000","281,000","555,000","-108,000","253,000","127,000","246,000","1,497,000",,"-819,000","2,314,000","2,875,000",,,,,,,,,,,,,,,,,,,,,,,,,,,,,,,,,,,,,,,,,,,,,,,,,,,,,,,,,,,,,,
	SpecialIncomeCharges,"0","0",,"0","0","-34,240,000",,,,,,,,,,"2,156,000","888,000","2,587,000","700,000","1,118,000","2,417,000","1,527,000","3,559,000","2,309,000","6,527,000","493,000","3,998,000","2,848,000","2,952,000","2,533,000","4,817,000","4,447,000","9,855,000","4,929,000","6,258,000","1,467,000","2,713,000","13,339,000","145,000","7,190,000","4,664,000","10,056,000",,,"-3,414,000",,,,"2,513,000",,,,,,"6,159,000",,,,,"0",,,"-8,973,000",,,,,"0","-4,056,000",,,"0","-481,000","-7,748,000",,"-3,302,000",,,"-3,890,000",,,,,,,,"2,386,000",,,"3,069,000","1,300,000",,,"2,700,000","2,200,000","700,000","1,000,000","1,400,000","1,500,000",,"600,000","700,000","1,100,000",,"200,000","300,000","700,000",,"300,000","400,000","1,000,000","300,000","1,000,000","500,000","400,000","300,000","1,200,000","800,000","300,000","600,000","500,000","300,000","300,000","500,000","300,000","300,000","300,000","300,000","200,000","200,000","900,000","300,000","400,000","400,000",,,,,,,,,,,,,,
		OtherSpecialCharges,,,,"0",,"34,240,000",,,,,,,,,,,,,,,,,,,,,,,,,,,,,,"0",,"-13,229,000",,,"-2,848,000",,,,,,,,,,,,,,,,,,,,,,,,,,,,,,,,,,,,,,,,,,,,,,,,,,,,,,,,,,,,,,,,,,,,,,,,,,,,,,,,,,,,,,,,,,,,,,,,,,,,,,,,,,,
		GainOnSaleOfBusiness,,,,,,,,,,,,,,,,,,,,,,,,,,,,,,,,,,,,,,,,,"1,805,000",,,,,,,,,,,,,,,,,,,,,,,,,,,,,,,,,,,,,,,,,,,,,,,,,,,,,,,,,,,,,,,,,,,,,,,,,,,,,,,,,,,,,,,,,,,,,,,,,,,,,,,,,,,
		GainOnSaleOfPPE,,,,,,,,,,,,,,,,"2,156,000","888,000","2,587,000","700,000","1,118,000","2,417,000","1,527,000","3,559,000","2,309,000","6,527,000","493,000","3,998,000","2,848,000","2,952,000","2,533,000","4,817,000","4,447,000","9,855,000","4,929,000","6,258,000","1,467,000","2,713,000","110,000","145,000",,"11,000",,,,,,,,,,,,,,,,,,,,,,,,,,,,,,,,,,,,,,,,,,,,,,,,,,,,,,,,,,,,,,,,,,,,,,,,,,,,,,,,,,,,,,,,,,,,,,,,,,,,,,,,,,,
	OtherNonOperatingIncomeExpenses,"33,945,000","11,224,000","2,154,000","11,293,000","9,278,000","9,106,000","5,646,000","8,434,000","3,917,000","14,380,000","1,393,000","35,598,000","4,951,000","6,947,000","14,989,000","17,251,000","7,314,000","8,924,000","5,133,000","8,904,000","6,252,000","11,286,000","6,457,000","10,187,000","7,138,000","12,052,000","7,205,000","13,046,000","9,127,000","9,716,000","15,371,000","12,520,000","9,367,000","5,581,000","8,331,000","12,928,000","7,779,000","4,548,000","2,328,000",,,,,,,,,,,,,,,,,,,,,,,,,,,,,,,,,,,,,,,,,,,,,,,,,,,,,,,,,,,,,,,,,,,,,,,,,,,,,,,,,,,,,,,,,,,,,,,,,,,,,,,,,,,,,
PretaxIncome,"1,299,715,000","295,815,000","200,816,000","499,689,000","303,395,000","169,826,000","127,405,000","266,991,000","151,865,000","102,113,000","65,932,000","272,649,000","186,916,000","176,159,000","151,446,000","396,473,000","253,097,000","152,748,000","131,598,000","301,747,000","203,574,000","199,209,000","109,781,000","168,160,000","163,653,000","140,397,000","116,817,000","217,543,000","107,464,000","86,532,000","124,023,000","188,538,000","151,325,000","93,484,000","71,235,000","150,150,000","68,253,000","40,968,000","8,326,000","60,749,000","42,952,000","15,649,000","-6,408,000","15,277,000","3,888,000","-31,484,000","-17,047,000","-9,467,000","823,000","-51,789,000","-56,754,000","-106,736,000","-111,264,000","-121,904,000","-156,561,000","-106,026,000","-54,795,000","-154,011,000","-151,955,000","-121,059,000","45,046,000","59,493,000","87,200,000","291,157,000","285,234,000","284,578,000","265,647,000","508,698,000","362,608,000","267,831,000","183,991,000","286,120,000","167,821,000","114,521,000","78,970,000","147,762,000","107,855,000","83,616,000","71,920,000","109,905,000","84,603,000","82,826,000","69,984,000","108,183,000","94,160,000","72,351,000","63,195,000","92,484,000","58,791,000","44,363,000","35,300,000","52,900,000","47,600,000","34,700,000","27,500,000","43,500,000","40,700,000","24,700,000","25,400,000","39,000,000","26,500,000","19,900,000","22,200,000","35,100,000","24,600,000","12,800,000","13,200,000","27,200,000","24,300,000","15,000,000","12,900,000","23,500,000","12,900,000","7,000,000","13,500,000","19,100,000","10,500,000","6,100,000","8,200,000","13,500,000","8,400,000","3,200,000","3,800,000","4,300,000","1,000,000","500,000","400,000","700,000","5,000,000","3,900,000","5,400,000","6,200,000","6,600,000","3,500,000",,,,,,,,,,,,,,
TaxProvision,"317,956,000","75,222,000","48,912,000","125,359,000","68,463,000","41,960,000","30,906,000","67,674,000","37,104,000","26,443,000","9,056,000","70,334,000","40,598,000","46,835,000","39,396,000","85,497,000","59,839,000","40,938,000","-509,000","109,869,000","55,011,000","74,571,000","39,365,000","53,782,000","58,170,000","51,343,000","43,637,000","70,380,000","40,715,000","18,602,000","42,698,000","57,014,000","53,618,000","28,262,000","25,655,000","55,245,000","21,658,000","16,294,000","3,894,000","-350,668,000","-18,691,000","-1,223,000","-3,622,000","234,000","-38,220,000","-10,711,000","-20,464,000","-59,946,000","-26,479,000","-11,388,000","-16,000,000","4,698,000","361,067,000","-38,739,000","-67,666,000","-27,205,000","-25,500,000","-60,274,000","-55,998,000","-39,218,000","18,560,000","22,803,000","32,884,000","117,363,000","110,602,000","109,641,000","101,797,000","198,446,000","147,076,000","97,698,000","73,798,000","105,546,000","61,806,000","42,083,000","28,886,000","54,380,000","39,696,000","30,751,000","26,506,000","40,522,000","31,103,000","30,316,000","25,490,000","39,657,000","34,716,000","26,573,000","23,270,000","34,118,000","21,557,000","16,413,000","12,900,000","19,500,000","17,500,000","12,600,000","10,100,000","15,700,000","15,000,000","9,000,000","8,800,000","14,500,000","9,900,000","7,300,000","8,100,000","13,100,000","9,200,000","4,800,000","4,900,000","10,200,000","9,100,000","5,600,000","4,600,000","8,100,000","4,900,000","2,600,000","5,000,000","6,600,000","4,200,000","2,400,000","3,300,000","5,400,000","3,400,000","1,200,000","1,500,000","1,700,000","400,000","200,000","200,000","400,000","2,000,000","1,600,000","2,100,000","2,100,000","2,700,000","1,400,000",,,,,,,,,,,,,,
NetIncomeCommonStockholders,"981,759,000","220,593,000","151,904,000","374,330,000","234,932,000","127,866,000","96,499,000","199,317,000","114,761,000","75,670,000","56,876,000","202,315,000","146,318,000","129,324,000","112,050,000","310,976,000","193,258,000","111,810,000","132,107,000","191,878,000","148,563,000","124,638,000","70,416,000","114,378,000","105,483,000","89,054,000","73,180,000","147,163,000","66,749,000","67,930,000","81,325,000","131,524,000","97,707,000","65,222,000","45,580,000","94,905,000","46,595,000","24,674,000","4,432,000","411,417,000","61,643,000","16,872,000","-2,786,000","15,043,000","42,108,000","-20,773,000","3,417,000","50,479,000","27,302,000","-40,401,000","-40,754,000","-111,434,000","-472,331,000","-83,165,000","-88,895,000","-78,821,000","-29,295,000","-93,737,000","-95,957,000","-81,841,000","26,486,000","36,690,000","54,316,000","173,794,000","174,632,000","174,937,000","163,850,000","310,252,000","215,532,000","170,133,000","110,193,000","180,574,000","106,015,000","72,438,000","50,084,000","93,382,000","68,159,000","52,865,000","45,414,000","69,383,000","53,500,000","52,510,000","44,494,000","68,526,000","59,444,000","45,778,000","39,925,000","58,366,000","37,234,000","27,950,000","22,400,000","33,400,000","30,100,000","22,100,000","15,900,000","27,800,000","25,700,000","14,600,000","16,600,000","24,500,000","16,600,000","12,600,000","14,100,000","22,000,000","15,400,000","8,000,000","8,300,000","17,000,000","15,200,000","9,400,000","8,300,000","15,400,000","8,000,000","4,400,000","8,500,000","13,100,000","6,300,000","3,700,000","4,900,000","7,300,000","5,000,000","2,000,000","2,300,000","2,600,000","600,000","700,000","1,100,000","900,000","3,000,000","2,800,000","3,300,000","4,100,000","3,900,000","2,100,000",,,,,,,,,,,,,,
	NetIncome,"981,759,000","220,593,000","151,904,000","374,330,000","234,932,000","127,866,000","96,499,000","199,317,000","114,761,000","75,670,000","56,876,000","202,315,000","146,318,000","129,324,000","112,050,000","310,976,000","193,258,000","111,810,000","132,107,000","191,878,000","148,563,000","124,638,000","70,416,000","114,378,000","105,483,000","89,054,000","73,180,000","147,163,000","66,749,000","67,930,000","81,325,000","131,524,000","97,707,000","65,222,000","45,580,000","94,905,000","46,595,000","24,674,000","4,432,000","411,417,000","61,643,000","16,872,000","-2,786,000","15,043,000","42,108,000","-20,773,000","3,417,000","50,479,000","27,302,000","-40,401,000","-40,754,000","-111,434,000","-472,331,000","-83,165,000","-88,895,000","-78,821,000","-29,295,000","-93,737,000","-95,957,000","-81,841,000","26,486,000","36,690,000","54,316,000","173,794,000","174,632,000","174,937,000","163,850,000","310,252,000","215,532,000","170,133,000","110,193,000","180,574,000","106,015,000","72,438,000","50,084,000","93,382,000","68,159,000","52,865,000","45,414,000","69,383,000","53,500,000","52,510,000","44,494,000","68,526,000","59,444,000","45,778,000","39,925,000","58,366,000","37,234,000","27,950,000","22,400,000","33,400,000","30,100,000","22,100,000","15,900,000","27,800,000","25,700,000","14,600,000","16,600,000","24,500,000","16,600,000","12,600,000","14,100,000","22,000,000","15,400,000","8,000,000","8,300,000","17,000,000","15,200,000","9,400,000","8,300,000","15,400,000","8,000,000","4,400,000","8,500,000","13,100,000","6,300,000","3,700,000","4,900,000","7,300,000","5,000,000","2,000,000","2,300,000","2,600,000","600,000","700,000","1,100,000","900,000","3,000,000","2,800,000","3,300,000","4,100,000","3,900,000","2,100,000",,,,,,,,,,,,,,
		NetIncomeIncludingNoncontrollingInterests,"981,759,000","220,593,000","151,904,000","374,330,000","234,932,000","127,866,000","96,499,000","199,317,000","114,761,000","75,670,000","56,876,000","202,315,000","146,318,000","129,324,000","112,050,000","310,976,000","193,258,000","111,810,000","132,107,000","191,878,000","148,563,000","124,638,000","70,416,000","114,378,000","105,483,000","89,054,000","73,180,000","147,163,000","66,749,000","67,930,000","81,325,000","131,524,000","97,707,000","65,222,000","45,580,000","94,905,000","46,595,000","24,674,000","4,432,000","411,417,000","61,643,000","16,872,000","-2,786,000","15,043,000","42,108,000","-20,773,000","3,417,000","50,479,000","27,302,000","-40,401,000","-40,754,000","-111,434,000","-472,331,000","-83,165,000","-88,895,000","-78,821,000","-29,295,000","-93,737,000","-95,957,000","-81,841,000","26,486,000","36,690,000","54,316,000","173,794,000","174,632,000","174,937,000","163,850,000","310,252,000","215,532,000","170,133,000","110,193,000","180,574,000","106,015,000","72,438,000","50,084,000","93,382,000","68,159,000","52,865,000","45,414,000","69,383,000","53,500,000","52,510,000","44,494,000","68,526,000","59,444,000","45,778,000","39,925,000","58,366,000","37,234,000","27,950,000","22,400,000","33,400,000","30,100,000","22,100,000","15,900,000","27,800,000","25,700,000","14,600,000","16,600,000","24,500,000","16,600,000","12,600,000","14,100,000","22,000,000","15,400,000","8,000,000","8,300,000","17,000,000","15,200,000","9,400,000","8,300,000","15,400,000","8,000,000","4,400,000","8,500,000","13,100,000","6,300,000","3,700,000","4,900,000","7,300,000","5,000,000","2,000,000","2,300,000","2,600,000","600,000","700,000","1,100,000","900,000","3,000,000","2,800,000","3,300,000","4,100,000","3,900,000","2,100,000","3,000,000","6,400,000","7,300,000","5,400,000","5,100,000","5,800,000","4,600,000","3,600,000","3,200,000","9,000,000","3,500,000","1,800,000","2,200,000","2,300,000"
			NetIncomeContinuousOperations,"981,759,000","220,593,000","151,904,000","374,330,000","234,932,000","127,866,000","96,499,000","199,317,000","114,761,000","75,670,000","56,876,000","202,315,000","146,318,000","129,324,000","112,050,000","310,976,000","193,258,000","111,810,000","132,107,000","191,878,000","148,563,000","124,638,000","70,416,000","114,378,000","105,483,000","89,054,000","73,180,000","147,163,000","66,749,000","67,930,000","81,325,000","131,524,000","97,707,000","65,222,000","45,580,000","94,905,000","46,595,000","24,674,000","4,432,000","411,417,000","61,643,000","16,872,000","-2,786,000","15,043,000","42,108,000","-20,773,000","3,417,000","50,479,000","27,302,000","-40,401,000","-40,754,000","-111,434,000","-472,331,000","-83,165,000","-88,895,000","-78,821,000","-29,295,000","-93,737,000","-95,957,000","-81,841,000","26,486,000","36,690,000","54,316,000","173,794,000","174,632,000","174,937,000","163,850,000","310,252,000","215,532,000","170,133,000","110,193,000","180,574,000","106,015,000","72,438,000","50,084,000","93,382,000","68,159,000","52,865,000","45,414,000","69,383,000","53,500,000","52,510,000","44,494,000","68,526,000","59,444,000","45,778,000","39,925,000","58,366,000","37,234,000","27,950,000","22,400,000","33,400,000","30,100,000","22,100,000","17,400,000","27,800,000","25,700,000","15,700,000","16,600,000","24,500,000","16,600,000","12,600,000","14,100,000","22,000,000","15,400,000","8,000,000","8,300,000","17,000,000","15,200,000","9,400,000","8,300,000","15,400,000","8,000,000","4,400,000","8,500,000","12,500,000","6,300,000","3,700,000","4,900,000","8,100,000","5,000,000","2,000,000","2,300,000","2,600,000","600,000","300,000","200,000","300,000","3,000,000","2,300,000","3,300,000","4,100,000","3,900,000","2,100,000","3,000,000","6,400,000","7,300,000","5,400,000","5,100,000","5,800,000","4,600,000","3,600,000","3,200,000","9,000,000","3,500,000","1,800,000","2,200,000","2,300,000"
			NetIncomeExtraordinary,,,,,,,,,,,,,,,,,,,,,,,,,,,,,,,,,,,,,,,,,,,,,,,,,,,,,,,,,,,,,,,,,,,,,,,,,,,,,,,,,,,,,,,,,,,,,,,,,,,,"0",,,,,,,,,,,,,,,,,,,,,,,,,,,,,,,,,,,,,,,,,,,,,,,,
			NetIncomeFromTaxLossCarryforward,,,,,,,,,,,,,,,,,,,,,,,,,,,,,,,,,,,,,,,,,,,,,,,,,,,,,,,,,,,,,,,,,,,,,,,,,,,,,,,,,,,,,,,,,,,,"0",,,"-1,500,000","0",,"-1,100,000",,,,,,,,,,,,,,,,,,,,,,,,,,"0",,"400,000","900,000","600,000",,"500,000",,,,,,,,,,,,,,,,,,
AverageDilutionEarnings,,,,,,,,,,,,,,,,,,,"0","287,000","378,000","385,000","384,000","373,000","388,000","388,000","389,000","382,000","393,000","392,000","394,000","372,000","396,000","392,000","397,000","396,000","404,000","401,000",,,,,,,,,,,,,,,,,,,,,,,,,,,,,,,,,,,,,,,,,,,,,,,,,,,,,,,,,,,,,,,,,,,,,,,,,,,,,,,,,,,,,,,,,,,,,,,,,,,,,,,,,,,,,,
DilutedNIAvailtoComStockholders,"981,759,000","220,593,000","151,904,000","374,330,000","234,932,000","127,866,000","96,499,000","199,317,000","114,761,000","75,670,000","56,876,000","202,315,000","146,318,000","129,324,000","112,050,000","310,976,000","193,258,000","111,810,000","132,107,000","192,165,000","148,941,000","125,023,000","70,800,000","114,751,000","105,871,000","89,442,000","73,569,000","147,545,000","67,142,000","68,322,000","81,719,000","131,896,000","98,103,000","65,614,000","45,977,000","95,301,000","46,999,000","25,075,000","4,432,000","411,417,000","61,643,000","16,872,000","-2,786,000","15,043,000","42,108,000","-20,773,000","3,417,000","50,479,000","27,302,000","-40,401,000","-40,754,000","-111,434,000","-472,331,000","-83,165,000","-88,895,000","-78,821,000","-29,295,000","-93,737,000","-95,957,000","-81,841,000","26,486,000","36,690,000","54,316,000","173,794,000","174,632,000","174,937,000","163,850,000","310,252,000","215,532,000","170,133,000","110,193,000","180,574,000","106,015,000","72,438,000","50,084,000","93,382,000","68,159,000","52,865,000","45,414,000","69,383,000","53,500,000","52,510,000","44,494,000","68,526,000","59,444,000","45,778,000","39,925,000","58,366,000","37,234,000","27,950,000","22,400,000","33,400,000","30,100,000","22,100,000","15,900,000","27,800,000","25,700,000","14,600,000","16,600,000","24,500,000","16,600,000","12,600,000","14,100,000","22,000,000","15,400,000","8,000,000","8,300,000","17,000,000","15,200,000","9,400,000","8,300,000","15,400,000","8,000,000","4,400,000","8,500,000","13,100,000","6,300,000","3,700,000","4,900,000","7,300,000","5,000,000","2,000,000","2,300,000","2,600,000","600,000","700,000","1,100,000","900,000","3,000,000","2,800,000","3,300,000","4,100,000","3,900,000","2,100,000",,,,,,,,,,,,,,
BasicEPS,,"1.87","1.26","3.06","1.9","1.03","0.77","1.57","0.91","0.59","0.41","1.43","1.01","0.88","0.76","2.1","1.28","0.73","0.85","1.2","0.91","0.76","0.43","0.7","0.64","0.53","0.42","0.83","0.38","0.38","0.46","0.74","0.55","0.37","0.26","0.56","0.28","0.15","0.03","2.44","0.37","0.1","-0.02",,"0.25","-0.12","0.02",,"0.16","-0.24","-0.25",,"-2.93","-0.52","-0.55",,"-0.18","-0.59","-0.61",,"0.17","0.24","0.35",,"1.14","1.13","1.06",,"1.39","1.1","0.725",,"0.715","0.485","0.34",,"0.49","0.38","0.325",,"0.38","0.37","0.318",,"0.415","0.315","0.275",,"0.258","0.193","0.153",,"0.205","0.15","0.108",,"0.175","0.098","0.118",,"0.12","0.093","0.083",,"0.113","0.058","0.06",,"0.113","0.07","0.063",,"0.06","0.033","0.063",,"0.048","0.028","0.038",,"0.038","0.015","0.018",,"0.005","0.005","0.01",,"0.025","0.025","0.028",,"0.033","0.018","0.025",,"0.06","0.045","0.043",,"0.038","0.03","0.028",,"0.033","0.018","0.018",
DilutedEPS,,"1.85","1.24","3.02","1.87","1.01","0.76","1.55","0.9","0.59","0.41","1.41","1","0.87","0.76","2.08","1.26","0.72","0.83","1.17","0.87","0.73","0.42","0.67","0.61","0.51","0.4","0.8","0.36","0.37","0.44","0.71","0.53","0.35","0.25","0.54","0.26","0.14","0.03","2.35","0.36","0.1","-0.02",,"0.25","-0.12","0.02",,"0.16","-0.24","-0.25",,"-2.93","-0.52","-0.55",,"-0.18","-0.59","-0.61",,"0.16","0.22","0.33",,"1.07","1.06","0.98",,"1.27","1.005","0.665",,"0.655","0.445","0.31",,"0.45","0.36","0.305",,"0.35","0.345","0.3",,"0.385","0.293","0.253",,"0.25","0.188","0.153",,"0.2","0.148","0.105",,"0.168","0.095","0.11",,"0.115","0.088","0.08",,"0.108","0.058","0.058",,"0.108","0.068","0.06",,"0.06","0.033","0.063",,"0.048","0.028","0.038",,"0.038","0.015","0.018",,"0.005","0.005","0.01",,"0.025","0.025","0.028",,"0.033","0.018","0.025",,"0.06","0.045","0.043",,"0.038","0.03","0.028",,"0.033","0.018","0.018",
BasicAverageShares,,"117,839,000","120,996,000","122,218,000","123,826,000","124,295,000","126,060,000","127,310,000","126,722,000","128,205,000","138,145,000","141,909,000","144,750,000","146,622,000","146,751,000","148,066,000","151,257,000","152,731,000","155,882,000","159,332,000","163,478,000","163,492,000","162,588,000","163,970,000","165,919,000","168,952,000","174,205,000","176,370,000","176,797,000","176,458,000","176,076,000","177,540,000","178,217,000","178,082,000","176,474,000","169,440,000","169,268,000","169,380,000","169,064,000","168,416,000","167,664,000","166,994,000","166,311,000",,"168,075,000","166,910,000","166,677,000",,"165,752,000","165,407,000","165,237,000",,"161,245,000","161,134,000","160,700,000",,"158,761,000","158,621,000","157,813,000",,"155,556,000","154,716,000","154,212,000",,"153,723,000","154,763,000","155,076,000",,"155,274,000","154,626,000","151,652,000",,"148,704,000","148,812,000","147,678,000",,"139,696,000","139,718,000","140,814,000",,"141,670,000","141,698,000","140,004,000",,"143,352,000","145,712,000","144,652,000",,"144,584,000","145,584,000","145,884,000",,"146,829,268","147,333,333","147,906,977",,"146,857,143","149,743,590","141,276,596",,"138,333,333","136,216,216","170,909,091",,"136,888,889","139,130,435","138,333,333",,"135,111,111","134,285,714","132,800,000",,"133,333,333","135,384,615","136,000,000",,"132,631,579","134,545,455","130,666,667",,"133,333,333","133,333,333","131,428,571",,"120,000,000","140,000,000","110,000,000",,"120,000,000","112,000,000","120,000,000",,"120,000,000","120,000,000","120,164,000",,"120,268,000","120,268,000","119,972,000",,"119,972,000","119,972,000","119,940,000",,"124,496,000","124,558,248","124,558,248",
DilutedAverageShares,,"118,925,000","122,858,000","124,057,000","125,610,000","125,999,000","127,562,000","128,892,000","127,399,000","128,809,000","139,889,000","143,567,000","146,275,000","148,129,000","148,032,000","149,603,000","153,173,000","155,129,000","158,897,000","164,565,000","171,562,000","171,403,000","170,417,000","171,683,000","173,405,000","176,414,000","182,391,000","184,736,000","185,133,000","184,838,000","184,107,000","185,669,000","186,501,000","186,442,000","184,888,000","177,952,000","178,001,000","178,136,000","177,761,000","174,775,000","170,229,000","168,535,000","166,311,000",,"169,338,000","166,910,000","168,121,000",,"167,658,000","165,407,000","165,237,000",,"161,245,000","161,134,000","160,700,000",,"158,761,000","158,621,000","157,813,000",,"164,375,000","164,294,000","164,048,000",,"163,514,000","165,727,000","167,027,000",,"169,843,000","169,352,000","166,084,000",,"161,840,000","162,852,000","161,638,000",,"151,068,000","147,202,000","148,616,000",,"153,370,000","152,474,000","148,488,000",,"154,824,000","157,128,000","157,660,000",,"148,876,000","148,144,000","147,636,000",,"150,500,000","149,830,508","151,428,571",,"153,432,836","153,684,211","150,909,091",,"144,347,826","144,000,000","176,250,000",,"143,255,814","139,130,435","144,347,826",,"141,395,349","139,259,259","138,333,333",,"133,333,333","135,384,615","136,000,000",,"132,631,579","134,545,455","130,666,667",,"133,333,333","133,333,333","131,428,571",,"120,000,000","140,000,000","110,000,000",,"120,000,000","112,000,000","120,000,000",,"120,000,000","120,000,000","120,164,000",,"120,268,000","120,268,000","119,972,000",,"119,972,000","119,972,000","119,940,000",,"124,496,000","124,558,248","124,558,248",
TotalOperatingIncomeAsReported,"1,174,122,000","281,658,000","175,067,000","440,664,000","276,733,000","184,370,000","119,110,000","260,571,000","149,645,000","92,548,000","47,496,000","224,905,000","170,995,000","160,455,000","124,445,000","338,442,000","229,663,000","134,390,000","83,721,000","284,439,000","171,669,000","138,195,000","50,633,000","135,422,000","143,534,000","116,646,000","94,459,000","195,936,000","87,442,000","66,386,000","97,106,000","167,770,000","129,644,000","68,056,000","31,779,000","128,808,000","55,201,000","16,441,000","617,000","52,616,000","31,499,000","-1,396,000","-19,290,000","-3,168,000","-10,247,000","-24,121,000","-10,212,000","-37,952,000","-10,503,000","-60,224,000","-65,600,000","-104,871,000","-118,790,000","-130,779,000","-162,720,000","-75,278,000","-45,264,000","-133,039,000","-146,951,000","-94,865,000","2,357,000","36,960,000","51,448,000","258,786,000","268,266,000","260,788,000","237,751,000","354,225,000","402,258,000","295,957,000","205,803,000","319,453,000","192,518,000","143,465,000","93,528,000","174,174,000","125,485,000","100,080,000","88,911,000","129,176,000","100,229,000","98,303,000","84,139,000","86,970,000","101,844,000","80,101,000","68,974,000","107,119,000","67,893,000","49,716,000","42,900,000","63,400,000","55,900,000","41,500,000","33,100,000","53,800,000","50,100,000","30,900,000","30,800,000","51,100,000","33,000,000","25,800,000","27,200,000","44,400,000","31,400,000","17,300,000","17,000,000","35,600,000","30,100,000","20,100,000","16,000,000","29,300,000","15,800,000","10,100,000","17,500,000","24,400,000","13,800,000","8,600,000","11,600,000","17,600,000","13,000,000","6,100,000","6,500,000","7,200,000","3,600,000","1,700,000","2,100,000","3,100,000","7,300,000","5,800,000","6,300,000","8,100,000","8,100,000","4,500,000",,,,,,,,,,,,,,
TotalExpenses,"8,191,361,000","1,995,883,000","1,616,014,000","2,600,716,000","1,978,748,000","1,745,754,000","1,444,266,000","2,285,096,000","1,501,844,000","1,456,524,000","1,283,935,000","2,154,095,000","1,594,696,000","1,555,639,000","1,238,736,000","2,112,810,000","1,682,894,000","1,461,738,000","1,090,663,000","1,742,128,000","1,329,833,000","1,224,009,000","868,351,000","1,718,612,000","1,125,620,000","997,355,000","831,994,000","1,239,777,000","939,146,000","785,225,000","755,006,000","1,182,450,000","925,926,000","791,896,000","611,014,000","915,071,000","633,203,000","499,118,000","423,306,000","580,210,000","522,820,000","375,077,000","341,245,000","430,953,000","404,552,000","343,404,000","343,216,000","436,389,000","459,581,000","365,288,000","385,041,000","591,456,000","580,165,000","529,106,000","570,931,000","774,179,000","842,934,000","951,829,000","989,803,000","1,264,205,000","1,209,994,000","1,137,717,000","1,039,163,000","1,549,965,000","1,262,947,000","1,181,745,000","1,103,205,000","1,629,884,000","1,159,638,000","952,323,000","793,337,000","1,143,124,000","820,601,000","676,020,000","504,384,000","729,190,000","568,200,000","507,852,000","478,409,000","576,414,000","480,478,000","452,193,000","408,040,000","588,075,000","474,384,000","428,955,000","400,302,000","507,351,000","393,825,000","335,761,000","300,300,000","378,200,000","347,300,000","298,500,000","237,600,000","319,900,000","291,100,000","217,300,000","212,400,000","269,500,000","208,200,000","182,700,000","174,200,000","217,100,000","181,200,000","127,900,000","124,400,000","165,700,000","156,500,000","117,000,000","105,300,000","144,800,000","103,200,000","80,900,000","100,200,000","118,500,000","87,400,000","64,500,000","63,900,000","81,900,000","67,000,000","43,800,000","43,900,000","53,000,000","44,300,000","30,900,000","33,100,000","52,500,000","46,600,000","38,100,000","38,600,000","46,500,000","38,900,000","33,500,000",,,,,,,,,,,,,,
NetIncomeFromContinuingAndDiscontinuedOperation,"981,759,000","220,593,000","151,904,000","374,330,000","234,932,000","127,866,000","96,499,000","199,317,000","114,761,000","75,670,000","56,876,000","202,315,000","146,318,000","129,324,000","112,050,000","310,976,000","193,258,000","111,810,000","132,107,000","191,878,000","148,563,000","124,638,000","70,416,000","114,378,000","105,483,000","89,054,000","73,180,000","147,163,000","66,749,000","67,930,000","81,325,000","131,524,000","97,707,000","65,222,000","45,580,000","94,905,000","46,595,000","24,674,000","4,432,000","411,417,000","61,643,000","16,872,000","-2,786,000","15,043,000","42,108,000","-20,773,000","3,417,000","50,479,000","27,302,000","-40,401,000","-40,754,000","-111,434,000","-472,331,000","-83,165,000","-88,895,000","-78,821,000","-29,295,000","-93,737,000","-95,957,000","-81,841,000","26,486,000","36,690,000","54,316,000","173,794,000","174,632,000","174,937,000","163,850,000","310,252,000","215,532,000","170,133,000","110,193,000","180,574,000","106,015,000","72,438,000","50,084,000","93,382,000","68,159,000","52,865,000","45,414,000","69,383,000","53,500,000","52,510,000","44,494,000","68,526,000","59,444,000","45,778,000","39,925,000","58,366,000","37,234,000","27,950,000","22,400,000","33,400,000","30,100,000","22,100,000","17,400,000","27,800,000","25,700,000","15,700,000","16,600,000","24,500,000","16,600,000","12,600,000","14,100,000","22,000,000","15,400,000","8,000,000","8,300,000","17,000,000","15,200,000","9,400,000","8,300,000","15,400,000","8,000,000","4,400,000","8,500,000","12,500,000","6,300,000","3,700,000","4,900,000","8,100,000","5,000,000","2,000,000","2,300,000","2,600,000","600,000","300,000","200,000","300,000","3,000,000","2,300,000","3,300,000","4,100,000","3,900,000","2,100,000",,,,,,,,,,,,,,
NormalizedIncome,"981,759,000","220,593,000","151,904,000","374,330,000","234,932,000","153,648,720","96,499,000","199,317,000","114,761,000","75,670,000","56,876,000","202,315,000","146,318,000","129,324,000","112,050,000","309,284,928.336","192,579,568","109,916,316","131,596,000","191,167,074.609","146,798,590","123,682,098","68,134,681","112,807,479.056","101,273,085","88,741,438","70,677,252","145,236,391.357","64,915,808","65,941,595","78,165,048","128,421,775.366","91,340,670","61,781,558","41,574,880","93,977,756.344","44,742,021","16,643,922","4,337,750","406,743,500","58,611,400","10,335,600","-2,786,000","15,043,000","42,108,000","-20,773,000","3,417,000","50,479,000","27,302,000","-40,401,000","-40,754,000","-111,434,000","-472,331,000","-83,165,000","-88,895,000","-78,821,000","-29,295,000","-93,737,000","-95,957,000","-81,841,000","26,486,000","36,690,000","59,905,191.147","173,794,000","174,632,000","174,937,000","163,850,000","310,252,000","217,965,600","170,133,000","110,193,000","180,574,000","106,318,854.792","77,338,844.596","50,084,000","95,468,783.909","68,159,000","52,865,000","47,870,346.774","69,383,000","53,500,000","52,510,000","44,494,000","68,526,000","59,444,000","45,778,000","38,417,585.648","58,366,000","37,234,000","26,016,439.375","21,575,070.822","33,400,000","30,100,000","20,380,403.458","16,008,000","27,352,643.678","25,068,550.369","14,810,121.457","15,619,685.039","24,500,000","16,224,150.943","12,156,783.92","13,401,351.351","22,000,000","15,274,796.748","7,812,500","7,859,848.485","17,000,000","15,012,345.679","9,149,333.333","7,656,589.147","15,203,404.255","7,379,844.961","4,085,714.286","8,248,148.148","12,303,664.921","5,580,000","3,214,754.098","4,720,000","7,740,000","4,700,000","1,812,500","2,118,421.053","2,297,674.419","420,000","120,000","20,000","120,000","2,880,000","2,180,000","2,750,000","3,901,612.903","3,660,000","1,860,000",,,,,,,,,,,,,,
InterestIncome,,,"1,558,000","2,010,000","748,000","107,000","1,455,000","2,342,000","869,000","1,896,000","4,902,000","5,037,000","3,770,000","4,338,000","5,872,000","3,311,000","1,967,000","1,212,000","2,080,000","2,154,000","1,904,000","989,000","941,000","831,000","676,000","532,000","404,000","185,000","568,000","698,000","488,000","382,000","222,000","825,000","1,064,000","744,000","1,036,000","1,202,000","1,475,000",,"1,117,000","10,056,000","6,195,000","10,235,000","5,494,000","3,507,000","4,167,000","10,348,000","8,813,000","7,155,000","8,480,000","8,924,000","11,265,000","10,461,000","11,256,000",,,,,,,,,,,,,,,,,,,,,,,,,,,,,,,,,,,,,,,,,,,,,,,,,,,,,,,,,,,,,,,,,,,,,,,,,,,,,,,,,,,,,,,,,,,,,
InterestExpense,,,,"0","0","0",,"0","0","2,440,000",,,,,,,,,,,,,,,,,,,,,,"0",,"656,000",,,,,,"0","0","0","0","0","0","392,000","1,112,000","4,163,000","5,124,000","6,207,000","7,257,000","11,626,000","0","2,067,000","812,000",,,,,,,,,,,,,,,,,,,,,,,,,,,,,,,,,,,,,,,,,,,,,,,,,,,,,,,,,,,,,,,,,,,,,,,,,,,,,,,,,,,,,,,,,,,,,
NetInterestIncome,,,"1,558,000","2,010,000","748,000","107,000","1,455,000","2,342,000","869,000","-544,000","4,902,000","5,037,000","3,770,000","4,338,000","5,872,000","3,311,000","1,967,000","1,212,000","2,080,000","2,154,000","1,904,000","989,000","941,000","831,000","676,000","532,000","404,000","185,000","568,000","698,000","488,000","382,000","222,000","169,000","1,064,000","744,000","1,036,000","1,202,000","1,475,000","-3,301,000","1,117,000","0","6,195,000","9,822,000","2,080,000","3,115,000","3,055,000","5,669,000","3,031,000","948,000","1,223,000","-2,702,000","11,265,000","8,394,000","10,444,000",,,,,,,,,,,,,,,,,,,,,,,,,,,,,,,,,,,,,,,,,,,,,,,,,,,,,,,,,,,,,,,,,,,,,,,,,,,,,,,,,,,,,,,,,,,,,
EBIT,"1,253,560,000","281,658,000","175,067,000","499,689,000","303,395,000","169,826,000","119,110,000","266,991,000","151,865,000","104,553,000","47,496,000","224,905,000","170,995,000","160,455,000","124,445,000","342,428,000","230,459,000","137,461,000","84,805,000","285,779,000","173,076,000","139,503,000","52,379,000","136,839,000","144,314,000","118,202,000","96,572,000","197,425,000","88,865,000","67,358,000","98,446,000","188,538,000","130,931,000","94,140,000","32,667,000","193,559,000","55,957,000","16,886,000","1,295,000","60,749,000","42,952,000","15,649,000","-6,408,000","15,277,000","3,888,000","-31,092,000","-15,935,000","-5,304,000","5,947,000","-45,582,000","-49,497,000","-95,110,000","-111,264,000","-119,837,000","-155,749,000","-75,278,000","-45,264,000","-133,039,000","-146,951,000","-94,865,000","2,357,000","36,960,000","51,448,000","258,786,000","268,266,000","260,788,000","237,751,000","354,225,000","402,258,000","295,957,000","205,803,000","319,453,000","192,518,000","143,465,000","93,528,000","174,174,000","125,485,000","100,080,000","88,911,000","129,176,000","100,229,000","98,303,000","84,139,000","86,970,000","101,844,000","80,101,000","68,974,000","107,119,000","67,893,000","49,716,000","42,900,000","63,400,000","55,900,000","41,500,000","33,100,000","53,800,000","50,100,000","30,900,000","30,800,000","51,100,000","33,000,000","25,800,000","27,200,000","44,400,000","31,400,000","17,300,000","17,000,000","35,600,000","30,100,000","20,100,000","16,000,000","29,300,000","15,800,000","10,100,000","17,500,000","24,400,000","13,800,000","8,600,000","11,600,000","17,600,000","13,000,000","6,100,000","6,500,000","7,200,000","3,600,000","1,700,000","2,100,000","3,100,000","7,300,000","5,800,000","6,300,000","8,100,000","8,100,000","4,500,000","38,000,000","-97,200,000","58,300,000","44,600,000","40,600,000","-52,700,000","32,900,000","28,300,000","28,400,000","-57,700,000","39,300,000","23,200,000","23,200,000","-46,500,000"
EBITDA,"1,330,165,000"
ReconciledCostOfRevenue,"7,228,740,000","1,752,246,000","1,389,144,000","2,342,517,000","1,744,833,000","1,526,584,000","1,233,527,000","1,949,473,000","1,341,195,000","1,277,107,000","1,092,182,000","1,946,865,000","1,407,987,000","1,377,268,000","1,076,498,000","1,930,751,000","1,509,619,000","1,298,157,000","934,480,000","1,575,832,000","1,176,028,000","1,077,441,000","733,002,000","1,569,767,000","991,416,000","870,571,000","712,311,000","1,116,332,000","824,394,000","678,512,000","650,032,000","1,062,575,000","817,232,000","687,998,000","514,032,000","822,261,000","545,089,000","420,013,000","345,937,000","505,738,000","447,928,000","306,821,000","271,608,000","362,504,000","339,947,000","276,354,000","281,965,000","367,152,000","392,416,000","305,739,000","317,768,000","506,024,000","511,548,000","447,760,000","485,980,000","652,612,000","716,660,000","819,967,000","847,518,000","1,041,292,000","1,078,308,000","1,007,350,000","873,337,000","1,283,909,000","1,114,830,000","1,009,824,000","935,273,000","1,371,521,000","1,033,355,000","835,965,000","686,272,000","1,032,199,000","716,993,000","586,126,000","427,731,000","647,207,000","494,984,000","440,337,000","412,786,000","513,157,000","418,604,000","393,599,000","355,642,000","472,993,000","419,829,000","377,565,000","353,353,000","453,887,000","347,499,000","294,222,000","262,700,000","339,200,000","311,200,000","264,600,000","209,800,000","288,900,000","261,300,000","190,900,000","187,300,000","242,900,000","185,200,000","161,600,000","154,500,000","196,800,000","162,600,000","109,900,000","108,400,000","148,300,000","139,900,000","102,400,000","91,400,000","130,700,000","89,800,000","67,900,000","89,100,000","105,500,000","75,500,000","53,500,000","53,800,000","71,500,000","57,400,000","35,700,000","36,400,000","45,100,000","36,800,000","24,000,000","26,500,000","45,000,000","39,200,000","30,400,000","31,300,000","38,400,000","31,400,000","25,900,000",,,,,,,,,,,,,,
ReconciledDepreciation,"76,605,000","18,857,000","14,679,000","22,312,000","20,757,000","16,305,000","16,876,000","22,173,000","16,415,000","15,618,000","14,667,000","20,726,000","18,109,000","17,645,000","15,669,000","6,535,000","6,204,000","6,349,000","6,171,000","6,938,000","6,300,000","6,093,000","6,030,000","6,283,000","5,809,000","5,496,000","5,533,000","5,890,000","5,895,000","5,963,000","5,809,000","6,309,000","5,595,000","5,806,000","5,289,000","6,073,000","6,369,000","6,243,000","6,525,000","6,063,000","5,825,000","5,469,000","5,229,000","6,019,000","6,786,000","5,950,000","4,387,000","6,089,000","4,930,000","4,539,000","4,486,000","5,572,000","6,269,000","6,230,000","5,854,000","7,271,000","6,980,000","7,121,000","6,961,000","7,319,000","7,264,000","8,366,000","8,291,000","8,904,000","8,231,000","7,822,000","7,357,000","7,141,000","6,327,000","5,678,000","5,201,000","10,536,000","3,895,000","3,773,000","3,563,000","3,234,000","2,913,000","2,883,000","3,045,000","2,391,000","2,741,000","2,460,000","2,903,000","2,123,000","2,360,000","2,608,000","2,265,000","2,413,000","2,149,000","1,866,000","2,100,000","1,700,000","2,000,000","1,700,000","1,200,000","1,300,000","1,300,000","1,400,000","1,600,000","1,100,000","1,100,000","1,000,000","900,000","900,000","800,000","800,000","800,000","1,100,000","400,000","700,000","700,000","700,000","700,000","600,000","700,000","700,000","700,000","600,000","700,000","700,000","700,000","600,000","600,000","700,000","600,000","600,000","600,000","700,000","700,000","600,000","600,000","900,000","600,000","600,000",,,,,,,,,,,,,,
NetIncomeFromContinuingOperationNetMinorityInterest,"981,759,000","220,593,000","151,904,000","374,330,000","234,932,000","127,866,000","96,499,000","199,317,000","114,761,000","75,670,000","56,876,000","202,315,000","146,318,000","129,324,000","112,050,000","310,976,000","193,258,000","111,810,000","132,107,000","191,878,000","148,563,000","124,638,000","70,416,000","114,378,000","105,483,000","89,054,000","73,180,000","147,163,000","66,749,000","67,930,000","81,325,000","131,524,000","97,707,000","65,222,000","45,580,000","94,905,000","46,595,000","24,674,000","4,432,000","411,417,000","61,643,000","16,872,000","-2,786,000","15,043,000","42,108,000","-20,773,000","3,417,000","50,479,000","27,302,000","-40,401,000","-40,754,000","-111,434,000","-472,331,000","-83,165,000","-88,895,000","-78,821,000","-29,295,000","-93,737,000","-95,957,000","-81,841,000","26,486,000","36,690,000","54,316,000","173,794,000","174,632,000","174,937,000","163,850,000","310,252,000","215,532,000","170,133,000","110,193,000","180,574,000","106,015,000","72,438,000","50,084,000","93,382,000","68,159,000","52,865,000","45,414,000","69,383,000","53,500,000","52,510,000","44,494,000","68,526,000","59,444,000","45,778,000","39,925,000","58,366,000","37,234,000","27,950,000","22,400,000","33,400,000","30,100,000","22,100,000","17,400,000","27,800,000","25,700,000","15,700,000","16,600,000","24,500,000","16,600,000","12,600,000","14,100,000","22,000,000","15,400,000","8,000,000","8,300,000","17,000,000","15,200,000","9,400,000","8,300,000","15,400,000","8,000,000","4,400,000","8,500,000","12,500,000","6,300,000","3,700,000","4,900,000","8,100,000","5,000,000","2,000,000","2,300,000","2,600,000","600,000","300,000","200,000","300,000","3,000,000","2,300,000","3,300,000","4,100,000","3,900,000","2,100,000",,,,,,,,,,,,,,
TotalUnusualItemsExcludingGoodwill,"0","0",,"0","0","-34,240,000",,,,,,,,,,"2,156,000","888,000","2,587,000","700,000","1,118,000","2,417,000","1,527,000","3,559,000","2,309,000","6,527,000","493,000","3,998,000","2,848,000","2,952,000","2,533,000","4,817,000","4,447,000","9,855,000","4,929,000","6,258,000","1,467,000","2,713,000","13,339,000","145,000","7,190,000","4,664,000","10,056,000",,,"-3,414,000",,,,"2,513,000",,,,,,"6,159,000",,,,,"0",,,"-8,973,000",,,,,"0","-4,056,000",,,"0","-481,000","-7,748,000",,"-3,302,000",,,"-3,890,000",,,,,,,,"2,386,000",,,"3,069,000","1,300,000",,,"2,700,000","2,200,000","700,000","1,000,000","1,400,000","1,500,000",,"600,000","700,000","1,100,000",,"200,000","300,000","700,000",,"300,000","400,000","1,000,000","300,000","1,000,000","500,000","400,000","300,000","1,200,000","800,000","300,000","600,000","500,000","300,000","300,000","500,000","300,000","300,000","300,000","300,000","200,000","200,000","900,000","300,000","400,000","400,000",,,,,,,,,,,,,,
TotalUnusualItems,"0","0",,"0","0","-34,240,000",,,,,,,,,,"2,156,000","888,000","2,587,000","700,000","1,118,000","2,417,000","1,527,000","3,559,000","2,309,000","6,527,000","493,000","3,998,000","2,848,000","2,952,000","2,533,000","4,817,000","4,447,000","9,855,000","4,929,000","6,258,000","1,467,000","2,713,000","13,339,000","145,000","7,190,000","4,664,000","10,056,000",,,"-3,414,000",,,,"2,513,000",,,,,,"6,159,000",,,,,"0",,,"-8,973,000",,,,,"0","-4,056,000",,,"0","-481,000","-7,748,000",,"-3,302,000",,,"-3,890,000",,,,,,,,"2,386,000",,,"3,069,000","1,300,000",,,"2,700,000","2,200,000","700,000","1,000,000","1,400,000","1,500,000",,"600,000","700,000","1,100,000",,"200,000","300,000","700,000",,"300,000","400,000","1,000,000","300,000","1,000,000","500,000","400,000","300,000","1,200,000","800,000","300,000","600,000","500,000","300,000","300,000","500,000","300,000","300,000","300,000","300,000","200,000","200,000","900,000","300,000","400,000","400,000",,,,,,,,,,,,,,
NormalizedEBITDA,"1,330,165,000","300,515,000","189,746,000","522,001,000","324,152,000","220,371,000","135,986,000","289,164,000","168,280,000","120,171,000","62,163,000","245,631,000","189,104,000","178,100,000","140,114,000","346,807,000","235,775,000","141,223,000","90,276,000","291,599,000","176,959,000","144,069,000","54,850,000","140,813,000","143,596,000","123,205,000","98,107,000","200,467,000","91,808,000","70,788,000","99,438,000","190,400,000","126,671,000","95,017,000","31,698,000","198,165,000","59,613,000","9,790,000","7,675,000","59,622,000","44,113,000","11,062,000","-1,179,000","21,296,000","10,674,000","-25,142,000","-11,548,000","785,000","10,877,000","-41,043,000","-45,011,000","-89,538,000","-104,995,000","-113,607,000","-149,895,000","-68,007,000","-38,284,000","-125,918,000","-139,990,000","-87,546,000","9,621,000","45,326,000","68,712,000","267,690,000","276,497,000","268,610,000","245,108,000","361,366,000","412,641,000","301,635,000","211,004,000","329,989,000","196,894,000","154,986,000","97,091,000","180,710,000","128,398,000","102,963,000","95,846,000","131,567,000","102,970,000","100,763,000","87,042,000","89,093,000","104,204,000","82,709,000","68,853,000","109,532,000","70,042,000","48,513,000","43,700,000","65,100,000","57,900,000","40,600,000","32,100,000","54,400,000","50,400,000","30,900,000","30,900,000","52,200,000","33,500,000","26,100,000","27,000,000","45,300,000","32,000,000","17,800,000","17,100,000","36,700,000","30,200,000","20,400,000","15,700,000","29,700,000","15,500,000","10,200,000","17,800,000","24,800,000","13,300,000","8,500,000","12,000,000","17,700,000","13,200,000","6,400,000","6,800,000","7,400,000","3,900,000","2,000,000","2,400,000","3,500,000","7,800,000","6,200,000","6,000,000","8,700,000","8,300,000","4,700,000","38,000,000","-97,200,000","58,300,000","44,600,000","40,600,000","-52,700,000","32,900,000","28,300,000","28,400,000","-57,700,000","39,300,000","23,200,000","23,200,000","-46,500,000"
TaxRateForCalcs,"0.245","0.254","0.243","0.251","0.226","0.247","0.243","0.253","0.244","0.259","0.137","0.258","0.217","0.266","0.26","0.216","0.236","0.268","0.27","0.364","0.27","0.374","0.359","0.32","0.355","0.366","0.374","0.324","0.379","0.215","0.344","0.302","0.354","0.302","0.36","0.368","0.317","0.398","0.35","0.35","0.35","0.35","0.35","0.015","0.35","0.34","0.35","0.35","0.35","0.22","0.282","0.35","0.35","0.318","0.35","0.257","0.35","0.391","0.369","0.324","0.35","0.383","0.377","0.4","0.388","0.385","0.383","0.39","0.4","0.365","0.4","0.369","0.368","0.367","0.366","0.368","0.368","0.368","0.369","0.369","0.368","0.366","0.364","0.367","0.369","0.367","0.368","0.369","0.367","0.37","0.365","0.369","0.368","0.363","0.367","0.361","0.369","0.364","0.346","0.372","0.374","0.367","0.365","0.373","0.374","0.375","0.371","0.375","0.374","0.373","0.357","0.345","0.38","0.371","0.37","0.346","0.4","0.393","0.4","0.4","0.4","0.375","0.395","0.395","0.4","0.4","0.4","0.4","0.4","0.4","0.389","0.339","0.4","0.4",,,,,,,,,,,,,,
TaxEffectOfUnusualItems,"0","0","0","0","0","-8,457,280","0","0","0","0","0","0","0","0","0","464,928.336","209,568","693,316","189,000","407,074.609","652,590","571,098","1,277,681","738,479.056","2,317,085","180,438","1,495,252","921,391.357","1,118,808","544,595","1,657,048","1,344,775.366","3,488,670","1,488,558","2,252,880","539,756.344","860,021","5,308,922","50,750","2,516,500","1,632,400","3,519,600","0","0","0","0","0","0","0","0","0","0","0","0","0","0","0","0","0","0","0","0","-3,383,808.853","0","0","0","0","0","-1,622,400","0","0","0","-177,145.208","-2,847,155.404","0","-1,215,216.091","0","0","-1,433,653.226","0","0","0","0","0","0","0","878,585.648","0","0","1,135,439.375","475,070.822","0","0","980,403.458","808,000","252,643.678","368,550.369","510,121.457","519,685.039","0","224,150.943","256,783.92","401,351.351","0","74,796.748","112,500","259,848.485","0","112,345.679","149,333.333","356,589.147","103,404.255","379,844.961","185,714.286","148,148.148","103,664.921","480,000","314,754.098","120,000","240,000","200,000","112,500","118,421.053","197,674.419","120,000","120,000","120,000","120,000","80,000","80,000","350,000","101,612.903","160,000","160,000",,,,,,,,,,,,,,