name,ttm,03/31/2022,12/31/2021,09/30/2021,06/30/2021,03/31/2021,12/31/2020,09/30/2020,06/30/2020,03/31/2020,12/31/2019,09/30/2019,06/30/2019,03/31/2019,12/31/2018,09/30/2018,06/30/2018,03/31/2018,12/31/2017,09/30/2017,06/30/2017,03/31/2017,12/31/2016,09/30/2016,06/30/2016,03/31/2016,12/31/2015,09/30/2015,06/30/2015,03/31/2015,12/31/2014,09/30/2014,06/30/2014,03/31/2014,12/31/2013,09/30/2013,06/30/2013,03/31/2013,12/31/2012,09/30/2012,06/30/2012,03/31/2012,12/31/2011,09/30/2011,06/30/2011,03/31/2011,12/31/2010,09/30/2010,06/30/2010,03/31/2010,12/31/2009,09/30/2009,06/30/2009,03/31/2009,12/31/2008,09/30/2008,06/30/2008,03/31/2008,12/31/2007,09/30/2007,06/30/2007,03/31/2007,12/31/2006,09/30/2006,06/30/2006,03/31/2006,12/31/2005,09/30/2005,06/30/2005,03/31/2005,12/31/2004,09/30/2004,06/30/2004,03/31/2004,12/31/2003,09/30/2003,06/30/2003,03/31/2003,12/31/2002,09/30/2002,06/30/2002,03/31/2002,09/30/2001,06/30/2001,03/31/2001,12/31/2000,09/30/2000,06/30/2000,03/31/2000,12/31/1999,09/30/1999,06/30/1999,03/31/1999,12/31/1998,09/30/1998,06/30/1998,03/31/1998,12/31/1997,09/30/1997,06/30/1997,03/31/1997,12/31/1996,09/30/1996,06/30/1996,03/31/1996,12/31/1995,09/30/1995,06/30/1995,03/31/1995,12/31/1994,09/30/1994,06/30/1994,03/31/1994,12/31/1993,09/30/1993,06/30/1993,03/31/1993,12/31/1992,09/30/1992,06/30/1992,03/31/1992,12/31/1991,09/30/1991,06/30/1991,03/31/1991,12/31/1990,09/30/1990,06/30/1990,03/31/1990,12/31/1989,09/30/1989,06/30/1989,03/31/1989,12/31/1988,09/30/1988,06/30/1988,03/31/1988,12/31/1987,09/30/1987,06/30/1987,03/31/1987,12/31/1986,09/30/1986,06/30/1986,03/31/1986,12/31/1985,09/30/1985
TotalRevenue,"1,658,000,000","472,700,000","242,200,000","503,500,000","371,500,000","398,800,000","415,600,000","459,400,000","509,200,000","615,200,000","850,700,000","813,600,000","736,000,000","604,800,000","-195,400,000","930,900,000","942,300,000","831,300,000","906,400,000","973,600,000","905,500,000","877,300,000","1,103,800,000","1,111,700,000","1,184,900,000","1,187,900,000","1,547,000,000","1,542,200,000","1,676,800,000","1,626,700,000","1,661,400,000","1,562,800,000","1,485,300,000","1,460,500,000","1,256,000,000","1,110,300,000","1,066,100,000","932,900,000","920,700,000","937,500,000","1,028,400,000","925,300,000","923,600,000","796,800,000","710,500,000","644,200,000","652,000,000","540,000,000","543,100,000","454,000,000","508,200,000","557,400,000","716,100,000","793,500,000","883,800,000","1,154,600,000","945,500,000","898,900,000","1,103,300,000","1,008,400,000","892,600,000","828,500,000","835,000,000","810,100,000","883,800,000","760,900,000","781,300,000","742,500,000","731,300,000","646,900,000","627,300,000","567,200,000","548,700,000","454,900,000","414,500,000","363,400,000","365,800,000","289,100,000","349,400,000","387,600,000","366,000,000","384,300,000","372,900,000","467,600,000","418,700,000","401,200,000","550,700,000","533,700,000","646,400,000","700,800,000","700,000,000","693,400,000","775,100,000","722,900,000","717,400,000","711,500,000","710,200,000","642,400,000","560,300,000","560,100,000","235,900,000","692,900,000","643,000,000","662,500,000","660,500,000","602,300,000","628,500,000","604,700,000","638,200,000","576,900,000","555,500,000","544,300,000","452,700,000","466,400,000","463,600,000","402,200,000","388,900,000","392,600,000","393,800,000","337,200,000","287,000,000","301,800,000","303,500,000","300,000,000","300,900,000","360,800,000","317,800,000","283,100,000","335,500,000","348,600,000","314,400,000","311,600,000","357,300,000","256,500,000","198,400,000","189,100,000","172,100,000","185,900,000","144,600,000","130,400,000","123,000,000","118,900,000","129,400,000","119,900,000","99,600,000","109,100,000","103,700,000"
	OperatingRevenue,"1,658,000,000","472,700,000","242,200,000","503,500,000","371,500,000","398,800,000","415,600,000","459,400,000","509,200,000","615,200,000","850,700,000","813,600,000","736,000,000","604,800,000","-195,400,000","930,900,000","942,300,000","831,300,000","906,400,000","973,600,000","905,500,000","877,300,000","1,103,800,000","1,111,700,000","1,184,900,000","1,187,900,000","1,547,000,000","1,542,200,000","1,676,800,000","1,626,700,000","1,661,400,000","1,562,800,000","1,485,300,000","1,460,500,000","1,256,000,000","1,110,300,000","1,066,100,000","932,900,000","920,700,000","937,500,000","1,028,400,000","925,300,000","923,600,000","796,800,000","710,500,000","644,200,000","652,000,000","540,000,000","543,100,000","454,000,000","508,200,000","557,400,000","716,100,000","793,500,000","883,800,000","1,154,600,000","945,500,000","898,900,000","1,103,300,000","1,008,400,000","892,600,000","828,500,000","835,000,000","810,100,000","883,800,000","760,900,000","781,300,000","742,500,000","731,300,000","646,900,000","627,300,000","567,200,000","548,700,000","454,900,000","414,500,000","363,400,000","365,800,000","289,100,000","349,400,000","387,600,000","366,000,000","384,300,000","372,900,000","467,600,000","418,700,000","401,200,000","550,700,000","533,700,000","646,400,000","700,800,000","700,000,000","693,400,000","775,100,000","722,900,000","717,400,000","711,500,000","710,200,000","642,400,000","560,300,000","560,100,000","235,900,000","692,900,000","643,000,000","662,500,000","660,500,000","602,300,000","628,500,000","604,700,000","638,200,000","576,900,000","555,500,000","544,300,000","452,700,000","466,400,000","463,600,000","402,200,000","388,900,000","392,600,000","393,800,000","337,200,000","287,000,000","301,800,000","303,500,000","300,000,000","300,900,000","360,800,000","317,800,000","283,100,000","335,500,000","348,600,000","314,400,000","311,600,000","357,300,000","256,500,000","198,400,000","189,100,000","172,100,000","185,900,000","144,600,000","130,400,000","123,000,000","118,900,000","129,400,000","119,900,000","99,600,000","109,100,000","103,700,000"
CostOfRevenue,"1,313,700,000","398,500,000","207,600,000","398,700,000","259,200,000","296,000,000","295,300,000","334,500,000","396,600,000","482,000,000","674,700,000","649,100,000","578,500,000","463,400,000","-161,400,000","752,000,000","718,100,000","630,100,000","681,700,000","722,200,000","681,900,000","659,700,000","841,200,000","827,300,000","897,700,000","889,900,000","1,116,100,000","1,109,400,000","1,219,600,000","1,211,100,000","1,275,300,000","1,172,200,000","1,098,300,000","1,074,000,000","962,700,000","836,300,000","812,200,000","711,100,000","718,000,000","755,600,000","821,400,000","756,500,000","768,400,000","638,500,000","567,600,000","508,400,000","526,800,000","409,600,000","418,700,000","353,600,000","402,300,000","449,900,000","586,100,000","661,300,000","715,000,000","928,800,000","730,500,000","716,500,000","896,600,000","804,900,000","723,900,000","665,700,000","678,600,000","660,000,000","725,700,000","634,000,000","681,400,000","632,600,000","639,300,000","582,700,000","579,800,000","519,500,000","491,400,000","425,100,000","368,300,000","311,500,000","315,100,000","261,000,000","309,100,000","334,800,000","322,100,000","348,000,000","314,300,000","402,300,000","402,400,000","350,500,000","490,100,000","424,600,000","522,100,000","567,600,000","555,700,000","552,500,000","643,400,000","595,500,000","583,000,000","578,900,000","586,000,000","512,800,000","436,800,000","440,200,000","171,100,000","562,700,000","514,600,000","541,400,000","549,400,000","495,500,000","524,700,000","498,100,000","548,200,000","485,100,000","466,200,000","461,600,000","381,000,000","388,700,000","385,800,000","334,300,000","317,100,000","323,100,000","330,100,000","284,800,000","237,200,000","256,500,000","254,800,000","253,500,000","257,000,000","304,400,000","263,500,000","237,800,000","291,400,000","302,100,000",,,,,,,,,,,,,,,,,
GrossProfit,"344,300,000","74,200,000","34,600,000","104,800,000","112,300,000","102,800,000","120,300,000","124,900,000","112,600,000","133,200,000","176,000,000","164,500,000","157,500,000","141,400,000","-34,000,000","178,900,000","224,200,000","201,200,000","224,700,000","251,400,000","223,600,000","217,600,000","262,600,000","284,400,000","287,200,000","298,000,000","430,900,000","432,800,000","457,200,000","415,600,000","386,100,000","390,600,000","387,000,000","386,500,000","293,300,000","274,000,000","253,900,000","221,800,000","202,700,000","181,900,000","207,000,000","168,800,000","155,200,000","158,300,000","142,900,000","135,800,000","125,200,000","130,400,000","124,400,000","100,400,000","105,900,000","107,500,000","130,000,000","132,200,000","168,800,000","225,800,000","215,000,000","182,400,000","206,700,000","203,500,000","168,700,000","162,800,000","156,400,000","150,100,000","158,100,000","126,900,000","99,900,000","109,900,000","92,000,000","64,200,000","47,500,000","47,700,000","57,300,000","29,800,000","46,200,000","51,900,000","50,700,000","28,100,000","40,300,000","52,800,000","43,900,000","36,300,000","58,600,000","65,300,000","16,300,000","50,700,000","60,600,000","109,100,000","124,300,000","133,200,000","144,300,000","140,900,000","131,700,000","127,400,000","134,400,000","132,600,000","124,200,000","129,600,000","123,500,000","119,900,000","64,800,000","130,200,000","128,400,000","121,100,000","111,100,000","106,800,000","103,800,000","106,600,000","90,000,000","91,800,000","89,300,000","82,700,000","71,700,000","77,700,000","77,800,000","67,900,000","71,800,000","69,500,000","63,700,000","52,400,000","49,800,000","45,300,000","48,700,000","46,500,000","43,900,000","56,400,000","54,300,000","45,300,000","44,100,000","46,500,000",,,,,,,,,,,,,,,,,
OperatingExpense,"179,000,000","44,700,000","12,600,000","54,300,000","57,700,000","54,400,000","207,600,000","51,200,000","56,800,000","64,300,000","71,300,000","62,100,000","69,800,000","59,600,000","-29,800,000","111,100,000","110,400,000","104,900,000","125,200,000","114,500,000","112,800,000","102,300,000","101,900,000","102,300,000","106,700,000","96,500,000","137,100,000","126,600,000","114,400,000","98,300,000","110,600,000","113,000,000","96,400,000","83,600,000","80,200,000","70,600,000","71,500,000","69,000,000","55,700,000","58,500,000","53,700,000","53,900,000","16,200,000","52,900,000","47,500,000","50,300,000","44,100,000","38,400,000","45,500,000","48,400,000","46,800,000","42,900,000","47,300,000","48,900,000","59,000,000","62,800,000","65,000,000","56,200,000","60,600,000","56,600,000","57,600,000","54,100,000","58,400,000","49,400,000","52,800,000","53,300,000","49,800,000","51,000,000","48,500,000","46,300,000","45,000,000","43,900,000","43,000,000","36,300,000","41,900,000","41,800,000","40,300,000","39,500,000","42,300,000","39,100,000","40,700,000","40,500,000","39,800,000","42,700,000","74,500,000","81,200,000","75,500,000","71,600,000","68,400,000","64,400,000","67,400,000","63,500,000","65,300,000","57,700,000","59,700,000","58,500,000","58,500,000","60,900,000","60,300,000","61,600,000","34,400,000","68,400,000","66,800,000","60,700,000","54,700,000","52,900,000","49,300,000","52,700,000","39,400,000","46,300,000","44,700,000","44,700,000","40,100,000","41,700,000","38,700,000","32,100,000","41,100,000","42,100,000","36,900,000","31,600,000","40,600,000","27,000,000","30,100,000","27,000,000","27,700,000","28,500,000","28,400,000","26,300,000","25,700,000","23,100,000",,,,,,,,,,,,,,,,,
	SellingGeneralAndAdministration,"179,000,000","44,700,000","12,600,000","54,300,000","57,700,000","54,400,000","207,600,000","51,200,000","56,800,000","64,300,000","71,300,000","62,100,000","69,800,000","59,600,000","-29,800,000","111,100,000","110,400,000","104,900,000","125,200,000","114,500,000","112,800,000","102,300,000","101,900,000","102,300,000","106,700,000","96,500,000","137,100,000","126,600,000","114,400,000","98,300,000","110,600,000","113,000,000","96,400,000","83,600,000","80,200,000","70,600,000","71,500,000","69,000,000","55,700,000","58,500,000","56,000,000","53,900,000","57,800,000","53,500,000","47,500,000","50,300,000","43,600,000","48,600,000","45,500,000","48,400,000","46,800,000","42,900,000","47,300,000","48,900,000","59,000,000","62,800,000","65,000,000","56,200,000","60,600,000","56,600,000","57,600,000","54,100,000","58,400,000","49,400,000","52,800,000","53,300,000","49,800,000","51,000,000","48,500,000","46,300,000","45,000,000","43,900,000","43,000,000","36,300,000","41,900,000","41,800,000","40,300,000","39,500,000","42,300,000","39,100,000","40,700,000","40,500,000","39,800,000","42,700,000","51,600,000","58,800,000","54,100,000","49,200,000","47,700,000","45,600,000","46,100,000","44,000,000","46,500,000","41,800,000","40,300,000","40,600,000","42,400,000","39,400,000","38,800,000","42,600,000","20,000,000","42,200,000","39,900,000","40,400,000","33,900,000","33,500,000","32,800,000","33,500,000","30,600,000","29,700,000","28,500,000","27,800,000","27,000,000","27,100,000","25,100,000","22,000,000","25,800,000","27,400,000","23,100,000","18,700,000","25,800,000","17,600,000","17,000,000","16,900,000","15,400,000","17,200,000","16,900,000","16,200,000","16,600,000","14,800,000",,,,,,,,,,,,,,,,,
		GeneralAndAdministrativeExpense,,,"40,100,000",,,,"207,600,000",,,,,,,,,"111,100,000","110,400,000","104,900,000",,,,,,,,,,,,,,,,,,,,,,,,,,,,,,,,,,,,,,,,,,,,,,,,,,,,,,,,,,,,,,,,,,,,,,,,,,,,,,,,,,,,,,,,,,,,,,,,,,,,,,,,,,,,,,,,,,,,,,,,,,,,,,,,,
			SalariesAndWages,,,"-2,800,000",,,,"151,500,000",,,,,,,,,,,,,,,,,,,,,,,,,,,,,,,,,,,,,,,,,,,,,,,,,,,,,,,,,,,,,,,,,,,,,,,,,,,,,,,,,,,,,,,,,,,,,,,,,,,,,,,,,,,,,,,,,,,,,,,,,,,,,,,,,,,,,,,,,,,,
			OtherGandA,,,"42,900,000",,,,"56,100,000",,,,,,,,,"111,100,000","110,400,000","104,900,000",,,,,,,,,,,,,,,,,,,,,,,,,,,,,,,,,,,,,,,,,,,,,,,,,,,,,,,,,,,,,,,,,,,,,,,,,,,,,,,,,,,,,,,,,,,,,,,,,,,,,,,,,,,,,,,,,,,,,,,,,,,,,,,,,
	DepreciationAmortizationDepletionIncomeStatement,,,,,,,,,,,,,,,,,,,,,,,,,,,,,,,,,,,,,,,,,,,,,,,,,,,,,,,,,,,,,,,,,,,,,,,,,,,,,,,,,,,,,"22,900,000","22,400,000","21,400,000","22,400,000","20,700,000","18,800,000","21,300,000","19,500,000","18,800,000","15,900,000","19,400,000","17,900,000","16,100,000","21,500,000","21,500,000","19,000,000","14,400,000","26,200,000","26,900,000","20,300,000","20,800,000","19,400,000","16,500,000","19,200,000","8,800,000","16,600,000","16,200,000","16,900,000","13,100,000","14,600,000","13,600,000","10,100,000","15,300,000","14,700,000","13,800,000","12,900,000","14,800,000","9,400,000","13,100,000","10,100,000","12,300,000","11,300,000","11,500,000","10,100,000","9,100,000","8,300,000",,,,,,,,,,,,,,,,,
		DepreciationAndAmortizationInIncomeStatement,,,,,,,,,,,,,,,,,,,,,,,,,,,,,,,,,,,,,,,,,,,,,,,,,,,,,,,,,,,,,,,,,,,,,,,,,,,,,,,,,,,,,"22,900,000","22,400,000","21,400,000","22,400,000","20,700,000","18,800,000","21,300,000","19,500,000","18,800,000","15,900,000","19,400,000","17,900,000","16,100,000","21,500,000","21,500,000","19,000,000","14,400,000","26,200,000","26,900,000","20,300,000","20,800,000","19,400,000","16,500,000","19,200,000","8,800,000","16,600,000","16,200,000","16,900,000","13,100,000","14,600,000","13,600,000","10,100,000","15,300,000","14,700,000","13,800,000","12,900,000","14,800,000","9,400,000","13,100,000","10,100,000","12,300,000","11,300,000","11,500,000","10,100,000","9,100,000","8,300,000",,,,,,,,,,,,,,,,,
	OtherOperatingExpenses,,,,,,,,,,,,,,,,,,,,,,,,,,,,,,,,,,,,,,,,,"-2,300,000",,"-41,600,000","-600,000",,,"500,000","-10,200,000",,,,,,,,,,,,,,,,,,,,,,,,,,,,,,,,,,,,,,,,,,,,,,,,,,,,,,,,,,,,,,,,,,,,,,,,,,,,,,,,,,,,,,,,,,,,,,,,,,,
OperatingIncome,"165,300,000","29,500,000","22,000,000","50,500,000","54,600,000","48,400,000","-87,300,000","73,700,000","55,800,000","68,900,000","104,700,000","102,400,000","87,700,000","81,800,000","-4,200,000","67,800,000","113,800,000","96,300,000","99,500,000","136,900,000","110,800,000","115,300,000","160,700,000","182,100,000","180,500,000","201,500,000","293,800,000","306,200,000","342,800,000","317,300,000","275,500,000","277,600,000","290,600,000","302,900,000","213,100,000","203,400,000","182,400,000","152,800,000","147,000,000","123,400,000","153,300,000","114,900,000","139,000,000","105,400,000","95,400,000","85,500,000","81,100,000","92,000,000","78,900,000","52,000,000","59,100,000","64,600,000","82,700,000","83,300,000","109,800,000","163,000,000","150,000,000","126,200,000","146,100,000","146,900,000","111,100,000","108,700,000","98,000,000","100,700,000","105,300,000","73,600,000","50,100,000","58,900,000","43,500,000","17,900,000","2,500,000","3,800,000","14,300,000","-6,500,000","4,300,000","10,100,000","10,400,000","-11,400,000","-2,000,000","13,700,000","3,200,000","-4,200,000","18,800,000","22,600,000","-58,200,000","-30,500,000","-14,900,000","37,500,000","55,900,000","68,800,000","76,900,000","77,400,000","66,400,000","69,700,000","74,700,000","74,100,000","65,700,000","68,700,000","63,200,000","58,300,000","30,400,000","61,800,000","61,600,000","60,400,000","56,400,000","53,900,000","54,500,000","53,900,000","50,600,000","45,500,000","44,600,000","38,000,000","31,600,000","36,000,000","39,100,000","35,800,000","30,700,000","27,400,000","26,800,000","20,800,000","9,200,000","18,300,000","18,600,000","19,500,000","16,200,000","27,900,000","25,900,000","19,000,000","18,400,000","23,400,000","314,400,000","311,600,000","-559,400,000","256,500,000","198,400,000","189,100,000","-443,500,000","185,900,000","144,600,000","130,400,000","-359,400,000","118,900,000","129,400,000","119,900,000","-363,100,000","109,100,000","103,700,000"
NetNonOperatingInterestIncomeExpense,"-183,600,000","-43,500,000","-43,900,000","-45,200,000","-51,000,000","-51,300,000","-52,400,000","-51,700,000","-53,000,000","-58,900,000","-53,700,000","-54,000,000","-55,400,000","-51,400,000","-44,500,000","-40,400,000","-40,100,000","-42,400,000","-43,000,000","-43,700,000","-43,400,000","-43,300,000","-43,700,000","-43,900,000","-44,300,000","-44,600,000","-45,300,000","-46,100,000","-50,100,000","-51,000,000","-51,600,000","-47,800,000","-46,200,000","-45,900,000","-45,100,000","-45,200,000","-46,100,000","-48,800,000","-50,700,000","-47,400,000","-47,600,000","-47,500,000","-48,800,000","-47,400,000","-43,400,000","-44,200,000","-52,200,000","-45,000,000","-45,000,000","-45,300,000","-33,000,000","-31,300,000","-28,500,000","-28,700,000",,,,,,,,,,,,,,,,,,,,,,,,,,,,,,,,,,,,,,,,,,,,,,,,,,,,,,,,,,,,,,,,,,,,,,,,,,,,,,,,,,,,,,,,,,,,,
	InterestIncomeNonOperating,,,,,,"100,000","200,000","600,000","0","2,400,000","2,600,000","1,800,000","1,600,000","1,300,000","1,900,000","2,400,000","3,700,000","3,900,000","3,500,000","3,100,000","2,300,000","1,700,000","1,500,000","1,400,000","1,300,000","1,200,000","600,000","600,000","500,000","500,000","400,000","400,000","700,000","400,000","700,000","600,000","400,000","400,000","400,000","400,000","300,000","400,000","300,000","500,000","400,000","300,000","400,000","300,000","300,000","400,000","800,000","300,000","300,000","300,000",,,,,,,,,,,,,,,,,,,,,,,,,,,,,,,,,,,,,,,,,,,,,,,,,,,,,,,,,,,,,,,,,,,,,,,,,,,,,,,,,,,,,,,,,,,,,
	InterestExpenseNonOperating,"183,600,000","43,500,000","43,900,000","45,200,000","51,000,000","51,400,000","52,600,000","52,300,000","53,000,000","61,300,000","56,300,000","55,800,000","57,000,000","52,700,000","46,400,000","42,800,000","43,800,000","46,300,000","46,500,000","46,800,000","45,700,000","45,000,000","45,200,000","45,300,000","45,600,000","45,800,000","45,900,000","46,700,000","50,600,000","51,500,000","52,000,000","48,200,000","46,900,000","46,300,000","45,800,000","45,800,000","46,500,000","49,200,000","51,100,000","47,800,000","47,900,000","47,900,000","49,100,000","47,900,000","43,800,000","44,500,000","52,600,000","45,300,000","45,300,000","45,700,000","33,800,000","31,600,000","28,800,000","29,000,000",,,,,,,,,,,,,,,,,,,,,,,,,,,,,,,,,,,,,,,,,,,,,,,,,,,,,,,,,,,,,,,,,,,,,,,,,,,,,,,,,,,,,,,,,,,,,
	TotalOtherFinanceCost,,,,"45,200,000","51,000,000","51,300,000",,"51,700,000",,,"53,700,000",,"55,400,000","51,400,000","44,500,000",,,"42,400,000","43,000,000",,,,"43,700,000",,,,"45,300,000",,"50,100,000",,"51,600,000",,,,,"45,200,000","46,100,000","48,800,000",,,,,,,,,,,,,,,,,,,,,,,,,,,,,,,,,,,,,,,,,,,,,,,,,,,,,,,,,,,,,,,,,,,,,,,,,,,,,,,,,,,,,,,,,,,,,,,,,,,,,,,,,,,,,
OtherIncomeExpense,"88,000,000","26,900,000","17,800,000","42,400,000","300,000","10,600,000","-29,300,000","-2,800,000","-362,400,000","4,900,000","-8,400,000","17,900,000","19,400,000","9,700,000","18,800,000","11,600,000","12,400,000","2,500,000","44,100,000","14,400,000","23,900,000","500,000","-1,400,000","1,300,000","16,000,000","2,600,000","65,800,000","59,700,000","40,800,000","18,100,000","2,800,000","4,600,000","12,800,000","88,800,000","11,800,000","2,700,000","100,000","9,400,000","8,500,000","19,900,000","1,600,000","-4,500,000","200,000","-5,300,000","600,000","500,000",,"-200,000","900,000","-1,800,000","400,000","4,400,000","-320,500,000","600,000","-5,300,000","1,100,000","12,200,000","1,100,000","-100,000","3,600,000","9,900,000","1,000,000","1,300,000","1,200,000","12,400,000","-900,000","600,000","7,600,000","2,300,000","1,600,000","1,800,000","200,000","1,600,000","-100,000","2,900,000","200,000","2,600,000","800,000",,"3,400,000","-900,000","-500,000","-100,000","-1,000,000","2,300,000","-29,500,000","-1,000,000",,"900,000",,"1,900,000","-500,000","4,800,000","2,600,000","1,600,000","22,900,000","1,600,000","-900,000","-69,100,000","-700,000","-14,900,000","800,000","1,000,000","1,600,000","-800,000","1,400,000","900,000","200,000","1,000,000","200,000","600,000","400,000","700,000","1,200,000","900,000","-1,800,000","800,000","400,000","-2,900,000","-2,400,000","7,100,000","-300,000","-1,500,000","-1,700,000","-800,000","-1,600,000","-2,200,000","-1,300,000","600,000","200,000",,,,,,,,,,,,,,,,,
	GainOnSaleOfSecurity,,,,,,,,,,,,,,,"1,600,000","-300,000","-1,300,000","-900,000","-1,500,000","600,000","300,000","-1,600,000","-4,400,000","-900,000","2,600,000","300,000","-200,000","500,000","600,000","1,200,000","1,100,000","200,000","300,000","-400,000","100,000","100,000","-800,000","300,000",,,,,,,,,,,,,,,,,,,,,,,,,,,,,,,,,,,,,,,,,,,,,,,,,,,,,,,,,,,,,,,,,,,,,,,,,,,,,,,,,,,,,,,,,,,,,,,,,,,,,,,,,,,,,
	EarningsFromEquityInterest,,,,,,,,,,,,,,,"-100,000","100,000","400,000","-100,000","0","200,000",,,"0","100,000","0","0","0",,"0","-100,000","100,000","100,000","400,000","200,000","100,000",,"100,000","100,000",,,,,,,,,,,,,,,,,,"100,000",,,"-200,000","-500,000",,,,,,,,,,,,,,,,,,,,,,,,,,,,,,,,,,,,,,,,,,,,,,,,,,,,,,,,,,,,,,,,,,,,,,,,,,,,,,,,,,,,,,,
	SpecialIncomeCharges,"84,300,000","25,300,000","15,600,000","41,700,000","1,100,000","11,800,000","-27,300,000","-800,000","-363,100,000","4,100,000","-7,500,000","17,900,000","19,300,000","10,000,000","16,300,000","11,100,000","11,700,000","2,300,000","44,800,000","16,100,000","24,400,000","1,300,000","2,900,000","1,500,000","11,100,000","1,900,000","64,200,000","58,700,000","40,100,000","15,800,000","1,000,000","3,600,000","11,400,000","88,400,000","11,300,000","2,200,000","1,000,000","6,700,000","4,200,000","19,900,000","1,600,000","-4,500,000","200,000","-5,300,000","600,000","500,000","1,100,000","-200,000","900,000","-1,800,000","400,000","4,400,000","-320,500,000","600,000","-4,800,000","1,000,000","12,200,000","1,100,000","100,000","4,100,000","9,900,000","1,000,000","1,200,000","1,200,000","12,400,000","-900,000","600,000","7,600,000","2,300,000","1,600,000","1,800,000","200,000","1,600,000","-100,000","2,900,000","200,000","2,600,000","800,000","-2,000,000","3,400,000","-900,000","-500,000","-100,000","-1,000,000","2,300,000","-29,500,000","-1,000,000",,"900,000",,"1,900,000","-500,000","4,800,000","2,600,000","1,600,000","22,900,000","1,600,000","-900,000","-69,100,000","-700,000","-14,900,000","800,000","1,000,000","1,600,000","-800,000","1,400,000","900,000","200,000","1,000,000","200,000","600,000","400,000","700,000","1,200,000","900,000","-1,800,000","800,000","400,000","-2,900,000","-2,400,000","7,100,000","-300,000","-1,500,000","-1,700,000","-800,000","-1,600,000","-2,200,000","-1,300,000","600,000","200,000",,,,,,,,,,,,,,,,,
		RestructuringAndMergernAcquisition,"-4,000,000","0","-2,600,000","-100,000","-700,000","-300,000","500,000","4,700,000","300,000","5,500,000","14,700,000",,,,,,,,,,,,,,,,,,,,,,,,,,,,,,,,,,,,,,,,,,,,,,,,,,,,,,,,,,,,,,,,,,,,,,,,,,,,,,,,,,,,,,,,,,,,,,,,,,,,,,,,,,,,,,,,,,,,,,,,,,,,,,,,,,,,,,,,
		ImpairmentOfCapitalAssets,,,"0","0","0",,"27,000,000","0","369,400,000",,,,,,,,,,,,,,,,,,,,,,,,,,,,,,,,,,,,,,"0","0","0",,"0","0","325,000,000",,,,,,,,,,,,,,,,,,,,,,,,,,,,,,,,,,,,,,,,,,,,,,,,,,,,,,,,,,,,,,,,,,,,,,,,,,,,,,,,,,,,,,,,,,,,,,
		OtherSpecialCharges,,,"0",,"11,700,000",,,,,,,,,,,,,,,,,,,,,,,,,,,,,,,,,,,"-2,900,000",,,,,,,,"200,000","-900,000",,"-400,000","-4,400,000","-4,500,000",,,,,,,,,,,,,,,,,,,,,,,,,,,,,,,,,,,,,,,,,,,,,,,,,,,,,,,,,,,,,,,,,,,,,,,,,,,,,,,,,,,,,,,,,,,,,,
		GainOnSaleOfPPE,"92,000,000","25,300,000","13,000,000","41,600,000","12,100,000","11,500,000","200,000","3,900,000","6,600,000","9,600,000","7,200,000","17,900,000","19,300,000","10,000,000","16,300,000","11,100,000","11,700,000","2,300,000","44,800,000","16,100,000","24,400,000","1,300,000","2,900,000","1,500,000","11,100,000","1,900,000","64,200,000","58,700,000","40,100,000","15,800,000","1,000,000","3,600,000","11,400,000","88,400,000","11,300,000","2,200,000","1,000,000","6,700,000","16,200,000","17,000,000",,,,,,,,,,,,,,,,,,,,,,,,,,,,,,,,,,,,,,,,,,,,,,,,,,,,,,,,,,,,,,,,,,,,,,,,,,,,,,,,,,,,,,,,,,,,,,,,,,,,,,,,,,,
	OtherNonOperatingIncomeExpenses,"3,700,000","1,600,000","2,200,000","700,000","-800,000","-1,200,000","-2,000,000","-2,000,000","700,000","800,000","-900,000",,"100,000","-300,000","1,000,000","700,000","1,600,000","1,200,000","800,000","-2,500,000","-800,000","800,000","100,000","600,000","2,300,000","400,000","1,800,000","500,000","100,000","1,200,000","600,000","700,000","700,000","600,000","300,000","400,000","-200,000","2,300,000",,,,,,,,,,,,,,,,,,,,,,,,,,,,,,,,,,,,,,,,,,,,,,,,,,,,,,,,,,,,,,,,,,,,,,,,,,,,,,,,,,,,,,,,,,,,,,,,,,,,,,,,,,,,,
PretaxIncome,"69,100,000","12,900,000","-4,100,000","47,700,000","3,900,000","7,700,000","-169,000,000","19,200,000","-359,600,000","14,900,000","42,600,000","66,300,000","51,700,000","40,100,000","-29,900,000","39,000,000","86,100,000","56,400,000","100,600,000","107,600,000","91,300,000","72,500,000","115,600,000","139,500,000","152,200,000","159,500,000","314,300,000","319,800,000","333,500,000","284,400,000","226,700,000","234,400,000","257,200,000","345,800,000","179,800,000","160,900,000","136,400,000","113,400,000","104,800,000","95,900,000","107,300,000","77,900,000","90,400,000","52,700,000","52,600,000","41,800,000","30,000,000","46,800,000","34,800,000","4,900,000","26,500,000","37,700,000","-266,300,000","55,200,000","76,000,000","139,800,000","138,400,000","108,600,000","129,000,000","133,500,000","104,800,000","95,900,000","87,200,000","89,500,000","103,900,000","61,300,000","41,700,000","56,500,000","35,800,000","9,600,000","-5,800,000","1,700,000","5,500,000","-16,500,000","-1,100,000","2,000,000","4,800,000","-20,000,000","-13,600,000","8,300,000","-7,700,000","-11,400,000","12,400,000","15,700,000","-62,100,000","-66,200,000","-20,600,000","32,600,000","53,300,000","63,500,000","74,000,000","72,100,000","65,400,000","66,900,000","71,600,000","92,500,000","62,300,000","62,100,000","-11,100,000","52,600,000","14,000,000","56,800,000","55,800,000","54,700,000","48,600,000","46,300,000","46,000,000","45,400,000","42,600,000","37,600,000","36,700,000","30,600,000","24,700,000","29,900,000","32,500,000","27,100,000","23,500,000","19,700,000","15,600,000","10,200,000","8,100,000","9,800,000","9,000,000","9,400,000","7,100,000","17,100,000","14,700,000","9,400,000","9,000,000","12,300,000",,,,,,,,,,,,,,,,,
TaxProvision,"14,900,000","3,000,000","-600,000","11,400,000","-900,000","6,000,000","-42,300,000","-6,700,000","-71,800,000","-147,600,000","20,300,000","18,200,000","14,100,000","8,900,000","-3,500,000","10,700,000","20,600,000","14,800,000","-439,400,000","39,700,000","37,300,000","20,800,000","41,400,000","49,900,000","53,400,000","57,400,000","110,300,000","107,600,000","112,700,000","95,400,000","80,300,000","78,100,000","83,900,000","112,500,000","60,900,000","55,100,000","47,200,000","41,200,000","35,800,000","32,800,000","39,800,000","25,600,000","33,500,000","21,100,000","21,000,000","16,200,000","11,400,000","15,200,000","13,700,000","600,000","11,800,000","14,500,000","-56,900,000","21,200,000","31,400,000","48,300,000","52,800,000","43,000,000","50,500,000","46,300,000","35,800,000","36,800,000","29,800,000","34,100,000","41,300,000","24,300,000","16,300,000","23,400,000","14,000,000","3,600,000","-2,800,000","800,000","1,900,000","-5,700,000","-300,000","200,000","1,300,000","-5,500,000","-2,100,000","2,100,000","-2,000,000","-2,800,000","4,500,000","6,100,000","-22,400,000","-23,800,000","-7,400,000","11,700,000","19,400,000","23,200,000","27,700,000","27,100,000","24,500,000","25,100,000","26,800,000","34,700,000","23,300,000","23,300,000","-3,800,000","19,400,000","3,400,000","21,900,000","21,400,000","20,900,000","18,300,000","18,200,000","18,100,000","17,900,000","16,900,000","14,900,000","14,500,000","12,100,000","9,500,000","11,400,000","14,700,000","10,300,000","8,800,000","7,400,000","5,900,000","3,800,000","3,200,000","3,800,000","3,700,000","3,500,000","2,700,000","6,600,000","5,400,000","3,500,000","3,500,000","4,700,000",,,,,,,,,,,,,,,,,
NetIncomeCommonStockholders,"178,000,000","-700,000","134,000,000","32,000,000","12,700,000","3,300,000","-127,200,000","24,900,000","-206,900,000","160,000,000","21,400,000","48,400,000","36,100,000","30,100,000","26,900,000","27,100,000","63,000,000","39,500,000","526,700,000","65,600,000","50,000,000","44,800,000","65,900,000","82,000,000","91,700,000","94,300,000","194,100,000","198,300,000","205,500,000","174,500,000","133,900,000","144,700,000","158,700,000","218,600,000","109,000,000","96,300,000","81,300,000","76,600,000","63,500,000","63,200,000","67,800,000","52,900,000","56,100,000","31,900,000","30,000,000","24,200,000","17,300,000","29,700,000","18,400,000","2,000,000","14,600,000","23,200,000","-209,400,000","33,900,000","60,100,000","90,100,000","85,600,000","65,300,000","78,300,000","87,000,000","68,700,000","59,100,000","56,500,000","50,800,000","85,800,000","37,000,000","24,600,000","32,300,000","21,000,000","6,000,000","-3,800,000","100,000","2,900,000","-10,800,000","-1,600,000","1,000,000","3,500,000","-14,500,000","-11,500,000","6,200,000","-5,700,000","-8,600,000","7,900,000","9,600,000","-39,700,000","-42,400,000","-13,200,000","20,900,000","33,900,000","40,300,000","46,300,000","45,000,000","40,900,000","41,800,000","44,800,000","57,800,000","39,000,000","38,800,000","-7,300,000","33,200,000","34,400,000","34,900,000","34,400,000","33,800,000","30,300,000","28,100,000","27,900,000","27,500,000","25,700,000","22,700,000","22,200,000","18,500,000","15,200,000","18,500,000","17,800,000","24,700,000","14,700,000","12,300,000","9,700,000","6,400,000","4,900,000","6,000,000","5,300,000","5,900,000","4,400,000","10,500,000","9,300,000","5,900,000","5,500,000","7,600,000",,,,,,,,,,,,,,,,,
	NetIncome,"178,000,000","-700,000","134,000,000","32,000,000","12,700,000","3,300,000","-127,200,000","25,100,000","-206,900,000","161,700,000","21,600,000","49,000,000","36,400,000","30,600,000","27,300,000","27,700,000","64,100,000","40,200,000","538,500,000","66,900,000","51,100,000","46,000,000","67,600,000","84,200,000","94,600,000","97,200,000","200,000,000","204,300,000","212,000,000","180,200,000","138,200,000","149,400,000","164,200,000","226,400,000","112,800,000","99,600,000","84,000,000","79,100,000","71,300,000","63,200,000","67,800,000","52,900,000","56,100,000","31,900,000","30,000,000","24,200,000","17,300,000","29,700,000","18,400,000","2,000,000","14,600,000","23,200,000","-209,400,000","33,900,000","60,100,000","90,100,000","85,600,000","65,300,000","78,300,000","87,000,000","68,700,000","59,100,000","56,500,000","50,800,000","85,800,000","37,000,000","25,400,000","33,100,000","21,800,000","6,000,000","-3,000,000","900,000","3,600,000","-10,800,000","-800,000","1,800,000","3,500,000","-14,500,000","-11,500,000","6,200,000","-5,700,000","-8,600,000","7,900,000","9,600,000","-39,700,000","-42,400,000","-13,200,000","20,900,000","33,900,000","40,300,000","46,300,000","45,000,000","40,900,000","41,800,000","44,800,000","57,800,000","39,000,000","38,800,000","-7,300,000","33,200,000","34,400,000","34,900,000","34,400,000","33,800,000","30,300,000","28,100,000","27,900,000","27,500,000","25,700,000","22,700,000","22,200,000","18,500,000","15,200,000","18,500,000","17,800,000","24,700,000","14,700,000","12,300,000","9,700,000","6,400,000","4,900,000","6,000,000","5,300,000","5,900,000","4,400,000","10,500,000","9,300,000","5,900,000","5,500,000","7,600,000",,,,,,,,,,,,,,,,,
		NetIncomeIncludingNoncontrollingInterests,"182,400,000","1,900,000","139,800,000","35,900,000","4,800,000","1,300,000","-126,600,000","25,900,000","-287,800,000","162,300,000","21,500,000","47,700,000","36,800,000","30,100,000","27,700,000","28,300,000","65,500,000","41,600,000","540,000,000","67,900,000","54,000,000","51,700,000","74,200,000","89,600,000","98,800,000","102,100,000","204,000,000","212,200,000","220,800,000","189,000,000","146,300,000","156,900,000","173,100,000","233,000,000","119,300,000","106,100,000","88,200,000","78,800,000","70,800,000","63,100,000","67,500,000","52,300,000","56,900,000","31,600,000","31,600,000","25,600,000","18,500,000","31,500,000","21,100,000","4,300,000","14,600,000","23,200,000","-209,400,000","33,900,000","60,100,000","90,100,000","85,600,000","65,300,000","78,300,000","87,000,000","68,700,000","59,100,000","56,500,000","50,800,000","85,800,000","37,000,000","25,400,000","33,100,000","21,800,000","6,000,000","-3,000,000","900,000","3,600,000","-10,800,000","-800,000","1,800,000","3,500,000","-14,500,000","-11,500,000","6,200,000","-5,700,000","-8,600,000","7,900,000","9,600,000","-39,700,000","-42,400,000","-13,200,000","20,900,000","33,900,000","40,300,000","46,300,000","45,000,000","40,900,000","41,800,000","44,800,000","57,800,000","39,000,000","38,800,000","-7,300,000","33,200,000","34,400,000","34,900,000","34,400,000","33,800,000","30,300,000","28,100,000","27,900,000","27,500,000","25,700,000","22,700,000","22,200,000","18,500,000","15,200,000","18,500,000","17,800,000","24,700,000","14,700,000","12,300,000","9,700,000","6,400,000","4,900,000","6,000,000","5,300,000","5,900,000","4,400,000","10,500,000","9,300,000","5,900,000","5,500,000","7,600,000","11,300,000","13,800,000","11,200,000","8,900,000","5,100,000","5,100,000","6,200,000","4,600,000","1,100,000","1,100,000","600,000","1,100,000","2,700,000","1,400,000","4,300,000","-700,000","-1,200,000"
			NetIncomeContinuousOperations,"54,200,000","9,900,000","-3,500,000","36,300,000","4,800,000","1,700,000","-126,700,000","25,900,000","-287,800,000","162,500,000","22,300,000","48,100,000","37,600,000","31,200,000","-26,400,000","28,300,000","65,500,000","41,600,000","540,000,000","67,900,000","54,000,000","51,700,000","74,200,000","89,600,000","98,800,000","102,100,000","204,000,000","212,200,000","220,800,000","189,000,000","146,400,000","156,300,000","173,300,000","233,300,000","118,900,000","105,800,000","89,200,000","72,200,000","69,000,000","63,100,000","67,500,000","52,300,000","56,900,000","31,600,000","31,600,000","25,600,000","18,600,000","31,600,000","21,100,000","4,300,000","14,700,000","23,200,000","-209,400,000","34,000,000","44,600,000","91,500,000","85,600,000","65,600,000","78,500,000","87,200,000","69,000,000","59,100,000","57,400,000","55,400,000","62,600,000","37,000,000","25,400,000","33,100,000","21,800,000","6,000,000","-3,000,000","900,000","3,600,000","-10,800,000","-800,000","1,800,000","3,500,000","-14,500,000","-11,500,000","6,200,000","-5,700,000","-8,600,000","7,900,000","9,600,000","-39,700,000","-42,400,000","-13,200,000","20,900,000","33,900,000","40,300,000","46,300,000","45,000,000","40,900,000","41,800,000","44,800,000","57,800,000","39,000,000","38,800,000","-7,300,000","33,200,000","10,600,000","34,900,000","34,400,000","33,800,000","30,300,000","28,100,000","27,900,000","27,500,000","25,700,000","22,700,000","22,200,000","18,500,000","15,200,000","18,500,000","17,800,000","16,800,000","14,700,000","12,300,000","9,700,000","6,400,000","4,900,000","6,000,000","5,300,000","5,900,000","4,400,000","10,500,000","9,300,000","5,900,000","5,500,000","7,600,000","11,300,000","13,800,000","11,200,000","8,900,000","5,100,000","5,100,000","6,200,000","4,600,000","1,100,000","1,100,000","600,000","1,100,000","2,700,000","1,400,000","4,300,000","-700,000","-1,200,000"
			NetIncomeDiscontinuousOperations,"128,200,000","-8,000,000","143,300,000","-400,000","0","-400,000","100,000","0","0","-200,000","-800,000","-400,000","-800,000","-1,100,000","-300,000",,,,,,,,,,,,,,,,"-100,000","600,000","-200,000","-300,000","400,000","300,000","-1,000,000","6,600,000",,,,,,,,,"-100,000","-100,000","0","0","-100,000","0","0","-100,000","15,500,000","-1,400,000",,"-300,000","-200,000","-200,000","-300,000",,"-900,000","-4,600,000","23,200,000",,,,,,,,,,,,,,,,,,,,,,,,,,,,,,,,,,,,,,,,,,,,,,,,,,,,,,,,,,,,,,,,,,,,,,,,,,,,,,,,,,
			NetIncomeExtraordinary,,,,,,,,,,,,,,,,,,,,,,,,,,,,,,,,,,,,,,,,,,,,,,,,,,,,,,,,,,,,,,,,,,,,,,,,,,,,,,,,,,,,,,,,,,,,,,,,,,,,,,,,,,,,,,,,,"0",,,"7,900,000",,,,,,,,,,,,,,,,,,,,,,,,,,,,,,,
		MinorityInterests,"-4,400,000","-2,600,000","-5,800,000","-3,900,000","7,900,000","2,000,000","-600,000","-800,000","80,900,000","-600,000","100,000","1,300,000","-400,000","500,000","-400,000","-600,000","-1,400,000","-1,400,000","-1,500,000","-1,000,000","-2,900,000","-5,700,000","-6,600,000","-5,400,000","-4,200,000","-4,900,000","-4,000,000","-7,900,000","-8,800,000","-8,800,000","-8,100,000","-7,500,000","-8,900,000","-6,600,000","-6,500,000","-6,500,000","-4,200,000","300,000","500,000","100,000","300,000","600,000","-800,000","300,000","-1,600,000","-1,400,000","-1,200,000","-1,800,000","-2,700,000","-2,300,000",,,,,,,,,,,,,,,,,,,,,,,,,,,,,,,,,,,,,,,,,,,,,,,,,,,,,,,,,,,,,,,,,,,,,,,,,,,,,,,,,,,,,,,,,,,,,,,,,
	PreferredStockDividends,,,,,,,,,,,,,,,,,,,,,,,,,,,,,,,,,,,,,,,,,,,,,,,,,,,,,,,,,,,,,,,,,,,"800,000","800,000","800,000",,"800,000","800,000","700,000",,"800,000","800,000",,,,,,,,,,,,,,,,,,,,,,,,,,,,,,,,,,,,,,,,,,,,,,,,,,,,,,,,,,,,,,,,,,,,,,,
	OtherunderPreferredStockDividend,,,,"0","0",,,"200,000","0","1,700,000","200,000","600,000","300,000","500,000","400,000","600,000","1,100,000","700,000","11,800,000","1,300,000","1,100,000","1,200,000","1,700,000","2,200,000","2,900,000","2,900,000","5,900,000","6,000,000","6,500,000","5,700,000","4,300,000","4,700,000","5,500,000","7,800,000","3,800,000","3,300,000","2,700,000","2,500,000",,,,,,,,,,,,,,,,,,,,,,,,,,,,,,,,,,,,,,,,,,,,,,,,,,,,,,,,,,,,,,,,,,,,,,,,,,,,,,,,,,,,,,,,,,,,,,,,,,,,,,,,,,,,,
AverageDilutionEarnings,,,,,,,,,,,,,,,,,"0","0","400,000",,,,,,,,"0",,"100,000","100,000","100,000","200,000","200,000","200,000",,,,,,,,,,,,,,,,,,,,,,,,,,,,,,,,,,,,,,,,,,,,,,,,,,,,,,,,,,,,,,,,,,,,,,,,,,,,,,,,,,,,,,,,,,,,,,,,,,,,,,,,,,,,,,,,,
DilutedNIAvailtoComStockholders,"178,000,000","-700,000","134,000,000","32,000,000","12,700,000","3,300,000","-127,200,000","24,900,000","-206,900,000","160,000,000","21,400,000","48,400,000","36,100,000","30,100,000","26,900,000","27,100,000","63,000,000","39,500,000","527,000,000","65,600,000","50,000,000","44,800,000","65,900,000","82,000,000","91,700,000","94,300,000","194,100,000","198,300,000","205,600,000","174,600,000","134,000,000","144,900,000","158,900,000","218,800,000","109,000,000","96,300,000","81,300,000","76,600,000","63,500,000","63,200,000","67,800,000","52,900,000","56,100,000","31,900,000","30,000,000","24,200,000","17,300,000","29,700,000","18,400,000","2,000,000","14,600,000","23,200,000","-209,400,000","33,900,000","60,100,000","90,100,000","85,600,000","65,300,000","78,300,000","87,000,000","68,700,000","59,100,000","56,500,000","50,800,000","85,800,000","37,000,000","24,600,000","32,300,000","21,000,000","6,000,000","-3,800,000","100,000","2,900,000","-10,800,000","-1,600,000","1,000,000","3,500,000","-14,500,000","-11,500,000","6,200,000","-5,700,000","-8,600,000","7,900,000","9,600,000","-39,700,000","-42,400,000","-13,200,000","20,900,000","33,900,000","40,300,000","46,300,000","45,000,000","40,900,000","41,800,000","44,800,000","57,800,000","39,000,000","38,800,000","-7,300,000","33,200,000","34,400,000","34,900,000","34,400,000","33,800,000","30,300,000","28,100,000","27,900,000","27,500,000","25,700,000","22,700,000","22,200,000","18,500,000","15,200,000","18,500,000","17,800,000","24,700,000","14,700,000","12,300,000","9,700,000","6,400,000","4,900,000","6,000,000","5,300,000","5,900,000","4,400,000","10,500,000","9,300,000","5,900,000","5,500,000","7,600,000",,,,,,,,,,,,,,,,,
BasicEPS,,"-0.01","1.39","0.33","0.12","0.03","-1.13","0.21","-1.76","1.36","0.17","0.39","0.28","0.23","0.2","0.19","0.43","0.27","3.56","0.44","0.34","0.3","0.44","0.55","0.62","0.64","1.3","1.32","1.36","1.15","0.89","0.95","1.05","1.455",,"0.63","0.53","0.495",,"0.4","0.42","0.33",,"0.2","0.185","0.15",,"0.185","0.115","0.01",,"0.145","-1.375","0.215",,"0.57","0.545","0.415",,"0.55","0.435","0.38",,"0.325","0.555","0.247",,"0.227","0.15","0.037",,"0","0.02","-0.083",,"0.007","0.027","-0.107",,"0.047","-0.043","-0.063","0.07","0.087",,"-0.38","-0.117","0.183",,"0.343","0.39","0.37",,"0.323","0.344","0.444",,"0.3","-0.057","0.257",,"0.27","0.273","0.27",,"0.223","0.22","0.22",,"0.187","0.183","0.153",,"0.153","0.147","0.207",,"0.117","0.093","0.067",,"0.063","0.057","0.063",,"0.11","0.097","0.063",,"0.093","0.137","0.167",,"0.11","0.063","0.063",,"0.057","0.013","0.017",,"0.017","0.037","0.017",,"-0.01","-0.017"
DilutedEPS,,"-0.01","1.37","0.33","0.12","0.03","-1.13","0.21","-1.76","1.33","0.17","0.39","0.28","0.23","0.19","0.19","0.43","0.26","3.42","0.43","0.33","0.3","0.44","0.55","0.62","0.64","1.3","1.31","1.33","1.13","0.86","0.9","1.01","1.425",,"0.63","0.53","0.495",,"0.4","0.42","0.33",,"0.2","0.185","0.15",,"0.185","0.115","0.01",,"0.145","-1.375","0.215",,"0.56","0.53","0.405",,"0.54","0.425","0.37",,"0.32","0.54","0.233",,"0.217","0.143","0.037",,"0","0.02","-0.083",,"0.007","0.027","-0.107",,"0.047","-0.043","-0.063","0.07","0.087",,"-0.38","-0.117","0.183",,"0.34","0.387","0.367",,"0.32","0.34","0.437",,"0.293","-0.057","0.253",,"0.267","0.27","0.267",,"0.223","0.22","0.22",,"0.187","0.183","0.153",,"0.153","0.147","0.207",,"0.113","0.093","0.067",,"0.063","0.057","0.063",,"0.107","0.097","0.063",,"0.09","0.123","0.147",,"0.11","0.063","0.063",,"0.057","0.013","0.017",,"0.017","0.037","0.017",,"-0.01","-0.017"
BasicAverageShares,,"82,900,000","96,000,000","97,700,000","102,800,000","110,200,000","112,200,000","116,400,000","117,300,000","118,000,000","119,800,000","124,700,000","127,600,000","130,400,000","137,600,000","145,000,000","146,200,000","147,400,000","148,400,000","148,000,000","149,100,000","148,700,000","148,700,000","148,700,000","147,800,000","148,300,000","149,000,000","150,000,000","150,700,000","151,200,000","151,200,000","151,500,000","151,000,000","150,200,000",,"152,200,000","154,000,000","153,800,000",,"153,000,000","155,400,000","155,600,000",,"155,400,000","154,800,000","154,200,000",,"154,000,000","153,400,000","153,200,000",,"153,000,000","152,400,000","153,200,000",,"158,200,000","157,600,000","157,800,000",,"158,200,000","157,200,000","156,000,000",,"155,000,000","154,600,000","149,700,000",,"141,900,000","141,000,000","141,000,000",,"139,500,000","139,200,000","138,600,000",,"136,800,000","136,500,000","136,500,000",,"136,500,000","136,500,000","133,200,000","111,000,000","111,000,000",,"111,300,000","112,800,000","114,300,000",,"117,900,000","118,658,619","121,560,841",,"129,213,744","130,420,227","130,310,784",,"129,268,699","128,759,150","129,286,006",,"129,194,662","125,790,763","125,122,624",,"125,758,017","126,754,804","124,937,531",,"121,546,370","121,030,394","120,591,878",,"120,591,878","121,302,985","119,456,401",,"105,375,883","103,876,633","95,952,024",,"94,689,497","93,482,670","93,111,339",,"95,406,842","96,158,817","93,111,339",,"81,387,877","81,571,214","81,241,380",,"79,880,060","79,880,060","79,553,224",,"79,079,460","72,449,776","71,412,294",,"71,412,294","71,412,294","71,412,294",,"71,115,442","71,115,442"
DilutedAverageShares,,"85,500,000","98,000,000","99,500,000","105,100,000","112,600,000","112,200,000","117,000,000","117,300,000","119,900,000","121,500,000","126,000,000","129,200,000","132,200,000","138,900,000","145,800,000","147,000,000","153,700,000","154,700,000","151,300,000","151,000,000","150,600,000","149,400,000","148,700,000","147,800,000","148,300,000","149,600,000","150,900,000","154,200,000","154,300,000","155,700,000","159,600,000","157,400,000","154,000,000",,"152,400,000","154,200,000","154,000,000",,"153,400,000","155,800,000","156,200,000",,"155,800,000","155,400,000","154,800,000",,"154,200,000","153,800,000","153,200,000",,"153,200,000","152,400,000","153,200,000",,"160,800,000","160,800,000","160,400,000",,"161,200,000","160,800,000","159,800,000",,"158,400,000","158,600,000","157,500,000",,"153,900,000","151,200,000","143,400,000",,"142,500,000","142,200,000","138,600,000",,"138,600,000","136,800,000","136,500,000",,"136,800,000","136,500,000","133,200,000","111,600,000","111,300,000",,"111,300,000","112,800,000","114,600,000",,"118,500,000","119,681,539","122,665,940",,"130,559,720","131,698,856","132,300,262",,"132,206,624","128,759,150","130,987,138",,"130,809,595","127,343,736","126,686,657",,"125,758,017","126,754,804","124,937,531",,"121,546,370","121,030,394","120,591,878",,"120,591,878","121,302,985","119,456,401",,"108,475,174","103,876,633","95,952,024",,"94,689,497","93,482,670","93,111,339",,"98,388,306","96,158,817","93,111,339",,"84,402,243","81,571,214","81,241,380",,"79,880,060","79,880,060","79,553,224",,"79,079,460","72,449,776","71,412,294",,"71,412,294","71,412,294","71,412,294",,"71,115,442","71,115,442"
TotalOperatingIncomeAsReported,"260,100,000","54,800,000","37,000,000","92,200,000","67,400,000","60,200,000","36,900,000","72,900,000","-307,300,000","73,000,000","97,200,000","120,300,000","107,000,000","91,800,000","12,100,000","78,900,000","125,500,000","98,600,000","144,300,000","153,000,000","135,200,000","116,600,000","163,600,000","183,600,000","191,600,000","203,400,000","358,000,000","364,900,000","382,900,000","333,100,000","276,500,000","281,200,000","302,000,000","391,300,000","224,400,000","205,600,000","183,400,000","159,500,000","155,600,000","141,900,000","154,900,000","122,400,000","139,000,000","105,400,000","95,400,000","85,500,000","81,100,000","92,000,000","78,900,000","52,000,000","59,100,000","64,600,000","-242,300,000","83,300,000","109,800,000","163,000,000","150,000,000","126,200,000","146,100,000","146,900,000","111,100,000","108,700,000","98,000,000","100,700,000","105,300,000","73,600,000","50,100,000","58,900,000","43,500,000","17,900,000","2,500,000","3,800,000","14,300,000","-6,500,000","4,300,000","10,100,000","10,400,000","-11,400,000","-2,000,000","13,700,000","3,200,000","-4,200,000","18,800,000","22,600,000","-58,200,000","-30,500,000","-14,900,000","37,500,000","55,900,000","68,800,000","76,900,000","77,400,000","66,400,000","69,700,000","74,700,000","74,100,000","65,700,000","68,700,000","63,200,000","58,300,000","30,400,000","61,800,000","61,600,000","60,400,000","56,400,000","53,900,000","54,500,000","53,900,000","50,600,000","45,500,000","44,600,000","38,000,000","31,600,000","36,000,000","39,100,000","35,800,000","30,700,000","27,400,000","26,800,000","20,800,000","9,200,000","18,300,000","18,600,000","19,500,000","16,200,000","27,900,000","25,900,000","19,000,000","18,400,000","23,400,000",,,,,,,,,,,,,,,,,
TotalExpenses,"1,492,700,000","443,200,000","220,200,000","453,000,000","316,900,000","350,400,000","502,900,000","385,700,000","453,400,000","546,300,000","746,000,000","711,200,000","648,300,000","523,000,000","-191,200,000","863,100,000","828,500,000","735,000,000","806,900,000","836,700,000","794,700,000","762,000,000","943,100,000","929,600,000","1,004,400,000","986,400,000","1,253,200,000","1,236,000,000","1,334,000,000","1,309,400,000","1,385,900,000","1,285,200,000","1,194,700,000","1,157,600,000","1,042,900,000","906,900,000","883,700,000","780,100,000","773,700,000","814,100,000","875,100,000","810,400,000","784,600,000","691,400,000","615,100,000","558,700,000","570,900,000","448,000,000","464,200,000","402,000,000","449,100,000","492,800,000","633,400,000","710,200,000","774,000,000","991,600,000","795,500,000","772,700,000","957,200,000","861,500,000","781,500,000","719,800,000","737,000,000","709,400,000","778,500,000","687,300,000","731,200,000","683,600,000","687,800,000","629,000,000","624,800,000","563,400,000","534,400,000","461,400,000","410,200,000","353,300,000","355,400,000","300,500,000","351,400,000","373,900,000","362,800,000","388,500,000","354,100,000","445,000,000","476,900,000","431,700,000","565,600,000","496,200,000","590,500,000","632,000,000","623,100,000","616,000,000","708,700,000","653,200,000","642,700,000","637,400,000","644,500,000","573,700,000","497,100,000","501,800,000","205,500,000","631,100,000","581,400,000","602,100,000","604,100,000","548,400,000","574,000,000","550,800,000","587,600,000","531,400,000","510,900,000","506,300,000","421,100,000","430,400,000","424,500,000","366,400,000","358,200,000","365,200,000","367,000,000","316,400,000","277,800,000","283,500,000","284,900,000","280,500,000","284,700,000","332,900,000","291,900,000","264,100,000","317,100,000","325,200,000",,,,,,,,,,,,,,,,,
NetIncomeFromContinuingAndDiscontinuedOperation,"178,000,000","-700,000","134,000,000","32,000,000","12,700,000","3,300,000","-127,200,000","25,100,000","-206,900,000","161,700,000","21,600,000","49,000,000","36,400,000","30,600,000","27,300,000","27,700,000","64,100,000","40,200,000","538,500,000","66,900,000","51,100,000","46,000,000","67,600,000","84,200,000","94,600,000","97,200,000","200,000,000","204,300,000","212,000,000","180,200,000","138,200,000","149,400,000","164,200,000","226,400,000","112,800,000","99,600,000","84,000,000","79,100,000","71,300,000","63,200,000","67,800,000","52,900,000","56,100,000","31,900,000","30,000,000","24,200,000","17,300,000","29,700,000","18,400,000","2,000,000","14,600,000","23,200,000","-209,400,000","33,900,000","60,100,000","90,100,000","85,600,000","65,300,000","78,300,000","87,000,000","68,700,000","59,100,000","56,500,000","50,800,000","85,800,000","37,000,000","25,400,000","33,100,000","21,800,000","6,000,000","-3,000,000","900,000","3,600,000","-10,800,000","-800,000","1,800,000","3,500,000","-14,500,000","-11,500,000","6,200,000","-5,700,000","-8,600,000","7,900,000","9,600,000","-39,700,000","-42,400,000","-13,200,000","20,900,000","33,900,000","40,300,000","46,300,000","45,000,000","40,900,000","41,800,000","44,800,000","57,800,000","39,000,000","38,800,000","-7,300,000","33,200,000","34,400,000","34,900,000","34,400,000","33,800,000","30,300,000","28,100,000","27,900,000","27,500,000","25,700,000","22,700,000","22,200,000","18,500,000","15,200,000","18,500,000","17,800,000","16,800,000","14,700,000","12,300,000","9,700,000","6,400,000","4,900,000","6,000,000","5,300,000","5,900,000","4,400,000","10,500,000","9,300,000","5,900,000","5,500,000","7,600,000",,,,,,,,,,,,,,,,,
NormalizedIncome,"-16,322,431.259","-12,105,100","-22,617,073.171","666,300","11,854,100","-4,914,000","-106,833,076.923","25,684,000","83,580,000","158,907,000","27,875,000","36,422,500","23,168,900","23,920,000","-42,604,682.274","19,859,200","56,185,600","39,166,800","512,520,000","56,362,300","36,280,000","46,213,900","68,562,802.768","83,814,800","85,708,700","95,792,000","158,460,069.997","164,991,200","185,056,600","168,895,000","136,943,846.493","146,265,400","156,514,200","167,300,000","104,861,290.323","97,786,600","84,869,200","68,041,000","65,220,419.847","50,105,800","66,793,476.235","55,921,181.001","55,974,115.044","35,080,000","29,639,543.726","23,893,779.904","16,718,000","29,935,042.735","17,854,310.345","3,579,591.837","14,440,000","20,492,307.692","42,619,151.333","33,630,434.783","47,720,000","90,845,493.562","78,054,335.26","64,935,543.278","78,439,147.287","84,521,947.566","62,481,870.229","58,483,733.055","56,610,091.743","54,657,206.704","55,128,970.164","37,543,230.016","25,034,532.374","28,540,000","20,399,441.341","5,000,000","-4,080,000","780,000","2,552,727.273","-10,734,545.455","-2,909,090.909","1,620,000","1,604,166.667","-15,080,000","-9,808,823.529","3,660,240.964","-5,033,766.234","-8,222,807.018","7,963,709.677","10,211,464.968","-41,170,370.37","-23,505,740.181","-12,559,223.301","20,900,000","33,327,579.737","40,300,000","45,111,216.216","45,312,066.574","37,898,165.138","40,175,485.8","43,798,882.682","43,490,594.595","37,998,394.864","39,362,318.841","38,144,144.144","33,641,825.095","21,881,428.571","34,408,450.704","33,783,512.545","32,811,334.552","30,798,765.432","27,250,323.974","27,354,130.435","27,378,854.626","25,096,713.615","22,579,255.319","21,837,057.221","18,258,169.935","14,769,230.769","17,757,525.084","17,260,000","17,915,867.159","14,199,574.468","12,050,253.807","11,503,205.128","7,905,882.353","604,938.272","6,183,673.469","6,200,000","6,967,021.277","4,895,774.648","11,482,456.14","10,691,836.735","6,715,957.447","5,133,333.333","7,476,422.764",,,,,,,,,,,,,,,,,
InterestIncome,,,,,,"100,000","200,000","600,000","0","2,400,000","2,600,000","1,800,000","1,600,000","1,300,000","1,900,000","2,400,000","3,700,000","3,900,000","3,500,000","3,100,000","2,300,000","1,700,000","1,500,000","1,400,000","1,300,000","1,200,000","600,000","600,000","500,000","500,000","400,000","400,000","700,000","400,000","700,000","600,000","400,000","400,000","400,000","400,000","300,000","400,000","300,000","500,000","400,000","300,000","400,000","300,000","300,000","400,000","800,000","300,000","300,000","300,000",,,,,,,,,,,,,,,,,,,,,,,,,,,,,,,,,,,,,,,,,,,,,,,,,,,,,,,,,,,,,,,,,,,,,,,,,,,,,,,,,,,,,,,,,,,,,
InterestExpense,"183,600,000","43,500,000","43,900,000","45,200,000","51,000,000","51,400,000","52,600,000","52,300,000","53,000,000","61,300,000","56,300,000","55,800,000","57,000,000","52,700,000","46,400,000","42,800,000","43,800,000","46,300,000","46,500,000","46,800,000","45,700,000","45,000,000","45,200,000","45,300,000","45,600,000","45,800,000","45,900,000","46,700,000","50,600,000","51,500,000","52,000,000","48,200,000","46,900,000","46,300,000","45,800,000","45,800,000","46,500,000","49,200,000","51,100,000","47,800,000","47,900,000","47,900,000","49,100,000","47,900,000","43,800,000","44,500,000","52,600,000","45,300,000","45,300,000","45,700,000","33,800,000","31,600,000","28,800,000","29,000,000",,,,,,,,,,,,,,,,,,,,,,,,,,,,,,,,,,,,,,,,,,,,,,,,,,,,,,,,,,,,,,,,,,,,,,,,,,,,,,,,,,,,,,,,,,,,,
NetInterestIncome,"-183,600,000","-43,500,000","-43,900,000","-45,200,000","-51,000,000","-51,300,000","-52,400,000","-51,700,000","-53,000,000","-58,900,000","-53,700,000","-54,000,000","-55,400,000","-51,400,000","-44,500,000","-40,400,000","-40,100,000","-42,400,000","-43,000,000","-43,700,000","-43,400,000","-43,300,000","-43,700,000","-43,900,000","-44,300,000","-44,600,000","-45,300,000","-46,100,000","-50,100,000","-51,000,000","-51,600,000","-47,800,000","-46,200,000","-45,900,000","-45,100,000","-45,200,000","-46,100,000","-48,800,000","-50,700,000","-47,400,000","-47,600,000","-47,500,000","-48,800,000","-47,400,000","-43,400,000","-44,200,000","-52,200,000","-45,000,000","-45,000,000","-45,300,000","-33,000,000","-31,300,000","-28,500,000","-28,700,000",,,,,,,,,,,,,,,,,,,,,,,,,,,,,,,,,,,,,,,,,,,,,,,,,,,,,,,,,,,,,,,,,,,,,,,,,,,,,,,,,,,,,,,,,,,,,
EBIT,"252,700,000","56,400,000","39,800,000","92,900,000","54,900,000","59,100,000","-116,400,000","71,500,000","-306,600,000","76,200,000","98,900,000","122,100,000","108,700,000","92,800,000","16,500,000","81,800,000","129,900,000","102,700,000","147,100,000","154,400,000","137,000,000","117,500,000","160,800,000","184,800,000","197,800,000","205,300,000","360,200,000","366,500,000","384,100,000","335,900,000","278,700,000","282,600,000","304,100,000","392,100,000","225,600,000","206,700,000","182,900,000","162,600,000","155,900,000","143,700,000","155,200,000","125,800,000","139,500,000","100,600,000","96,400,000","86,300,000","82,600,000","92,100,000","80,100,000","50,600,000","60,300,000","69,300,000","-237,500,000","84,200,000","124,000,000","163,000,000","150,000,000","126,200,000","146,100,000","146,900,000","111,100,000","108,700,000","98,000,000","100,700,000","105,300,000","73,600,000","50,100,000","58,900,000","43,500,000","17,900,000","2,500,000","3,800,000","14,300,000","-6,500,000","4,300,000","10,100,000","10,400,000","-11,400,000","-800,000","13,700,000","3,200,000","-4,200,000","18,800,000","22,600,000","-58,200,000","-30,500,000","-14,900,000","37,500,000","55,900,000","68,800,000","76,900,000","77,400,000","66,400,000","69,700,000","74,700,000","74,100,000","65,700,000","68,700,000","63,200,000","58,300,000","30,400,000","61,800,000","61,600,000","60,400,000","56,400,000","53,900,000","54,500,000","53,900,000","50,600,000","45,500,000","44,600,000","38,000,000","31,600,000","36,000,000","39,100,000","35,800,000","30,700,000","27,400,000","26,800,000","20,800,000","9,200,000","18,300,000","18,600,000","19,500,000","16,200,000","27,900,000","25,900,000","19,000,000","18,400,000","23,400,000","314,400,000","311,600,000","-559,400,000","256,500,000","198,400,000","189,100,000","-443,500,000","185,900,000","144,600,000","130,400,000","-359,400,000","118,900,000","129,400,000","119,900,000","-363,100,000","109,100,000","103,700,000"
EBITDA,"520,700,000"
ReconciledCostOfRevenue,"1,313,700,000","398,500,000","207,600,000","398,700,000","259,200,000","296,000,000","295,300,000","334,500,000","396,600,000","482,000,000","674,700,000","649,100,000","578,500,000","463,400,000","-161,400,000","752,000,000","718,100,000","630,100,000","681,700,000","722,200,000","681,900,000","659,700,000","841,200,000","827,300,000","897,700,000","889,900,000","1,116,100,000","1,109,400,000","1,219,600,000","1,211,100,000","1,275,300,000","1,172,200,000","1,098,300,000","1,074,000,000","962,700,000","836,300,000","812,200,000","711,100,000","718,000,000","755,600,000","821,400,000","756,500,000","768,400,000","638,500,000","567,600,000","508,400,000","526,800,000","409,600,000","418,700,000","353,600,000","402,300,000","449,900,000","586,100,000","661,300,000","715,000,000","928,800,000","730,500,000","716,500,000","896,600,000","804,900,000","723,900,000","665,700,000","678,600,000","660,000,000","725,700,000","634,000,000","681,400,000","632,600,000","639,300,000","582,700,000","579,800,000","519,500,000","491,400,000","425,100,000","368,300,000","311,500,000","315,100,000","261,000,000","309,100,000","334,800,000","322,100,000","348,000,000","314,300,000","402,300,000","402,400,000","350,500,000","490,100,000","424,600,000","522,100,000","567,600,000","555,700,000","552,500,000","643,400,000","595,500,000","583,000,000","578,900,000","586,000,000","512,800,000","436,800,000","440,200,000","171,100,000","562,700,000","514,600,000","541,400,000","549,400,000","495,500,000","524,700,000","498,100,000","548,200,000","484,300,000","466,900,000","461,600,000","381,000,000","386,800,000","382,300,000","334,300,000","317,100,000","320,500,000","330,100,000","284,800,000","237,200,000","256,500,000","254,800,000","253,500,000","257,000,000","304,400,000","263,500,000","237,800,000","291,400,000","302,100,000",,,,,,,,,,,,,,,,,
ReconciledDepreciation,"268,000,000","66,900,000","59,400,000","70,600,000","69,100,000","66,600,000","66,500,000","64,900,000","67,700,000","66,900,000","73,100,000","72,400,000","70,600,000","67,500,000","17,900,000","81,400,000","77,300,000","75,300,000","74,700,000","74,200,000","73,700,000","72,800,000","72,400,000","70,700,000","70,500,000","69,400,000","68,500,000","67,500,000","66,400,000","64,000,000","73,100,000","60,500,000","55,700,000","55,300,000","55,300,000","53,800,000","52,400,000","50,000,000","44,900,000","50,100,000","49,600,000","49,100,000","48,600,000","48,900,000","47,800,000","47,600,000","46,300,000","47,300,000","47,900,000","48,100,000","40,000,000","40,100,000","40,400,000","40,300,000","37,200,000","37,200,000","34,100,000","31,800,000","32,900,000","30,000,000","29,500,000","26,500,000","24,300,000","20,000,000","21,900,000","21,400,000","22,900,000","23,400,000","21,900,000","20,700,000","20,700,000","22,900,000","21,500,000","22,100,000","20,900,000","21,900,000","21,000,000","21,800,000","22,900,000","25,800,000","20,000,000","22,000,000","21,800,000","22,500,000","22,900,000","22,400,000","21,400,000","22,400,000","20,700,000","18,800,000","21,300,000","19,500,000","18,800,000","15,900,000","19,400,000","17,900,000","16,100,000","21,500,000","21,500,000","19,000,000","14,400,000","26,200,000","26,900,000","20,300,000","20,800,000","19,400,000","16,500,000","19,200,000","8,800,000","17,400,000","15,500,000","16,900,000","13,100,000","16,500,000","17,100,000","10,100,000","15,300,000","17,300,000","13,800,000","12,900,000","14,800,000","9,400,000","13,100,000","10,100,000","12,300,000","11,300,000","11,500,000","10,100,000","9,100,000","8,300,000",,,,,,,,,,,,,,,,,
NetIncomeFromContinuingOperationNetMinorityInterest,"49,800,000","7,300,000","-9,300,000","32,400,000","12,700,000","3,700,000","-127,300,000","25,100,000","-206,900,000","161,900,000","22,400,000","49,400,000","37,200,000","31,700,000","-26,800,000","27,700,000","64,100,000","40,200,000","538,500,000","66,900,000","51,100,000","46,000,000","67,600,000","84,200,000","94,600,000","97,200,000","200,000,000","204,300,000","212,000,000","180,200,000","138,300,000","148,800,000","164,400,000","226,700,000","112,400,000","99,300,000","85,000,000","72,500,000","69,500,000","63,200,000","67,800,000","52,900,000","56,100,000","31,900,000","30,000,000","24,200,000","17,400,000","29,800,000","18,400,000","2,000,000","14,700,000","23,200,000","-209,400,000","34,000,000","44,600,000","91,500,000","85,600,000","65,600,000","78,500,000","87,200,000","69,000,000","59,100,000","57,400,000","55,400,000","62,600,000","37,000,000","25,400,000","33,100,000","21,800,000","6,000,000","-3,000,000","900,000","3,600,000","-10,800,000","-800,000","1,800,000","3,500,000","-14,500,000","-11,500,000","6,200,000","-5,700,000","-8,600,000","7,900,000","9,600,000","-39,700,000","-42,400,000","-13,200,000","20,900,000","33,900,000","40,300,000","46,300,000","45,000,000","40,900,000","41,800,000","44,800,000","57,800,000","39,000,000","38,800,000","-7,300,000","33,200,000","10,600,000","34,900,000","34,400,000","33,800,000","30,300,000","28,100,000","27,900,000","27,500,000","25,700,000","22,700,000","22,200,000","18,500,000","15,200,000","18,500,000","17,800,000","16,800,000","14,700,000","12,300,000","9,700,000","6,400,000","4,900,000","6,000,000","5,300,000","5,900,000","4,400,000","10,500,000","9,300,000","5,900,000","5,500,000","7,600,000",,,,,,,,,,,,,,,,,
TotalUnusualItemsExcludingGoodwill,"84,300,000","25,300,000","15,600,000","41,700,000","1,100,000","11,800,000","-27,300,000","-800,000","-363,100,000","4,100,000","-7,500,000","17,900,000","19,300,000","10,000,000","17,900,000","10,800,000","10,400,000","1,400,000","43,300,000","16,700,000","24,700,000","-300,000","-1,500,000","600,000","13,700,000","2,200,000","64,000,000","59,200,000","40,700,000","17,000,000","2,100,000","3,800,000","11,700,000","88,000,000","11,400,000","2,300,000","200,000","7,000,000","6,500,000","19,900,000","1,600,000","-4,500,000","200,000","-5,300,000","600,000","500,000","1,100,000","-200,000","900,000","-1,800,000","400,000","4,400,000","-320,500,000","600,000","-4,800,000","1,000,000","12,200,000","1,100,000","100,000","4,100,000","9,900,000","1,000,000","1,200,000","1,200,000","12,400,000","-900,000","600,000","7,600,000","2,300,000","1,600,000","1,800,000","200,000","1,600,000","-100,000","2,900,000","200,000","2,600,000","800,000","-2,000,000","3,400,000","-900,000","-500,000","-100,000","-1,000,000","2,300,000","-29,500,000","-1,000,000",,"900,000",,"1,900,000","-500,000","4,800,000","2,600,000","1,600,000","22,900,000","1,600,000","-900,000","-69,100,000","-700,000","-14,900,000","800,000","1,000,000","1,600,000","-800,000","1,400,000","900,000","200,000","1,000,000","200,000","600,000","400,000","700,000","1,200,000","900,000","-1,800,000","800,000","400,000","-2,900,000","-2,400,000","7,100,000","-300,000","-1,500,000","-1,700,000","-800,000","-1,600,000","-2,200,000","-1,300,000","600,000","200,000",,,,,,,,,,,,,,,,,
TotalUnusualItems,"84,300,000","25,300,000","15,600,000","41,700,000","1,100,000","11,800,000","-27,300,000","-800,000","-363,100,000","4,100,000","-7,500,000","17,900,000","19,300,000","10,000,000","17,900,000","10,800,000","10,400,000","1,400,000","43,300,000","16,700,000","24,700,000","-300,000","-1,500,000","600,000","13,700,000","2,200,000","64,000,000","59,200,000","40,700,000","17,000,000","2,100,000","3,800,000","11,700,000","88,000,000","11,400,000","2,300,000","200,000","7,000,000","6,500,000","19,900,000","1,600,000","-4,500,000","200,000","-5,300,000","600,000","500,000","1,100,000","-200,000","900,000","-1,800,000","400,000","4,400,000","-320,500,000","600,000","-4,800,000","1,000,000","12,200,000","1,100,000","100,000","4,100,000","9,900,000","1,000,000","1,200,000","1,200,000","12,400,000","-900,000","600,000","7,600,000","2,300,000","1,600,000","1,800,000","200,000","1,600,000","-100,000","2,900,000","200,000","2,600,000","800,000","-2,000,000","3,400,000","-900,000","-500,000","-100,000","-1,000,000","2,300,000","-29,500,000","-1,000,000",,"900,000",,"1,900,000","-500,000","4,800,000","2,600,000","1,600,000","22,900,000","1,600,000","-900,000","-69,100,000","-700,000","-14,900,000","800,000","1,000,000","1,600,000","-800,000","1,400,000","900,000","200,000","1,000,000","200,000","600,000","400,000","700,000","1,200,000","900,000","-1,800,000","800,000","400,000","-2,900,000","-2,400,000","7,100,000","-300,000","-1,500,000","-1,700,000","-800,000","-1,600,000","-2,200,000","-1,300,000","600,000","200,000",,,,,,,,,,,,,,,,,
NormalizedEBITDA,"436,400,000","98,000,000","83,600,000","121,800,000","122,900,000","113,900,000","-22,600,000","137,200,000","124,200,000","139,000,000","179,500,000","176,600,000","160,000,000","150,300,000","16,500,000","152,400,000","196,800,000","176,600,000","178,500,000","211,900,000","186,000,000","190,600,000","234,700,000","254,900,000","254,600,000","272,500,000","364,700,000","374,800,000","409,800,000","382,900,000","349,700,000","339,300,000","348,100,000","359,400,000","269,500,000","258,200,000","235,100,000","205,600,000","194,300,000","173,900,000","203,200,000","179,400,000","187,900,000","154,800,000","143,600,000","133,400,000","127,800,000","139,600,000","127,100,000","100,500,000","99,900,000","105,000,000","123,400,000","123,900,000","166,000,000","199,200,000","171,900,000","156,900,000","178,900,000","172,800,000","130,700,000","134,200,000","121,100,000","119,500,000","114,800,000","95,900,000","72,400,000","74,700,000","63,100,000","37,000,000","21,400,000","26,500,000","34,200,000","15,700,000","22,300,000","31,800,000","28,800,000","9,600,000","24,100,000","36,100,000","24,100,000","18,300,000","40,700,000","46,100,000","-37,600,000","21,400,000","7,500,000","59,900,000","75,700,000","87,600,000","96,300,000","97,400,000","80,400,000","83,000,000","92,500,000","69,100,000","80,200,000","91,100,000","153,800,000","78,000,000","59,700,000","87,200,000","87,500,000","79,100,000","78,000,000","71,900,000","70,100,000","72,900,000","58,400,000","62,700,000","60,200,000","54,500,000","44,000,000","51,300,000","55,300,000","47,700,000","45,200,000","44,300,000","43,500,000","36,100,000","16,900,000","28,000,000","33,200,000","31,300,000","29,300,000","40,800,000","39,600,000","30,400,000","26,900,000","31,500,000","314,400,000","311,600,000","-559,400,000","256,500,000","198,400,000","189,100,000","-443,500,000","185,900,000","144,600,000","130,400,000","-359,400,000","118,900,000","129,400,000","119,900,000","-363,100,000","109,100,000","103,700,000"
TaxRateForCalcs,"0.216","0.233","0.146","0.239","0.231","0.27","0.25","0.27","0.2","0.27","0.27","0.275","0.273","0.222","0.117","0.274","0.239","0.262","0.4","0.369","0.4","0.287","0.358","0.358","0.351","0.36","0.351","0.336","0.338","0.335","0.354","0.333","0.326","0.325","0.339","0.342","0.346","0.363","0.342","0.342","0.371","0.329","0.371","0.4","0.399","0.388","0.38","0.325","0.394","0.122","0.35","0.385","0.214","0.384","0.35","0.345","0.382","0.396","0.391","0.347","0.342","0.384","0.342","0.381","0.397","0.396","0.391","0.4","0.391","0.375","0.4","0.4","0.345","0.345","0.273","0.1","0.271","0.275","0.154","0.253","0.26","0.246","0.363","0.389","0.361","0.36","0.359","0.359","0.364","0.365","0.374","0.376","0.375","0.375","0.374","0.375","0.374","0.375","0.342","0.369","0.243","0.386","0.384","0.382","0.377","0.393","0.393","0.394","0.397","0.396","0.395","0.395","0.385","0.381","0.4","0.38","0.374","0.376","0.378","0.373","0.395","0.388","0.4","0.372","0.38","0.386","0.367","0.372","0.389","0.382",,,,,,,,,,,,,,,,,
TaxEffectOfUnusualItems,"18,177,568.741","5,894,900","2,282,926.829","9,966,300","254,100","3,186,000","-6,833,076.923","-216,000","-72,620,000","1,107,000","-2,025,000","4,922,500","5,268,900","2,220,000","2,095,317.726","2,959,200","2,485,600","366,800","17,320,000","6,162,300","9,880,000","-86,100","-537,197.232","214,800","4,808,700","792,000","22,460,069.997","19,891,200","13,756,600","5,695,000","743,846.493","1,265,400","3,814,200","28,600,000","3,861,290.323","786,600","69,200","2,541,000","2,220,419.847","6,805,800","593,476.235","-1,478,818.999","74,115.044","-2,120,000","239,543.726","193,779.904","418,000","-64,957.265","354,310.345","-220,408.163","140,000","1,692,307.692","-68,480,848.667","230,434.783","-1,680,000","345,493.562","4,654,335.26","435,543.278","39,147.287","1,421,947.566","3,381,870.229","383,733.055","410,091.743","457,206.704","4,928,970.164","-356,769.984","234,532.374","3,040,000","899,441.341","600,000","720,000","80,000","552,727.273","-34,545.455","790,909.091","20,000","704,166.667","220,000","-308,823.529","860,240.964","-233,766.234","-122,807.018","-36,290.323","-388,535.032","829,629.63","-10,605,740.181","-359,223.301","0","327,579.737","0","711,216.216","-187,933.426","1,798,165.138","975,485.8","598,882.682","8,590,594.595","598,394.864","-337,681.159","-23,655,855.856","-258,174.905","-3,618,571.429","308,450.704","383,512.545","611,334.552","-301,234.568","550,323.974","354,130.435","78,854.626","396,713.615","79,255.319","237,057.221","158,169.935","269,230.769","457,525.084","360,000","-684,132.841","299,574.468","150,253.807","-1,096,794.872","-894,117.647","2,804,938.272","-116,326.531","-600,000","-632,978.723","-304,225.352","-617,543.86","-808,163.265","-484,042.553","233,333.333","76,422.764",,,,,,,,,,,,,,,,,