name,ttm,04/30/2022,01/31/2022,10/31/2021,07/31/2021,04/30/2021,01/31/2021,10/31/2020,07/31/2020,04/30/2020,01/31/2020,10/31/2019,07/31/2019,04/30/2019,01/31/2019,10/31/2018,07/31/2018,04/30/2018,01/31/2018,10/31/2017,07/31/2017,04/30/2017,01/31/2017,10/31/2016,07/31/2016,04/30/2016,01/31/2016,10/31/2015,07/31/2015,04/30/2015,01/31/2015,10/31/2014,07/31/2014,04/30/2014,01/31/2014,10/31/2013,07/31/2013,04/30/2013,01/31/2013,10/31/2012,07/31/2012,04/30/2012,01/31/2012,10/31/2011,07/31/2011,04/30/2011,01/31/2011,10/31/2010,07/31/2010,04/30/2010,01/31/2010,10/31/2009,07/31/2009,04/30/2009,01/31/2009,10/31/2008,07/31/2008,04/30/2008,01/31/2008,10/31/2007,07/31/2007,04/30/2007,01/31/2007,10/31/2006,07/31/2006,04/30/2006,01/31/2006,10/31/2005,07/31/2005,04/30/2005,01/31/2005,10/31/2004,07/31/2004,04/30/2004,01/31/2004,10/31/2003,07/31/2003,04/30/2003,01/31/2003,10/31/2002,07/31/2002,04/30/2002,01/31/2002,10/31/2001,07/31/2001,04/30/2001,01/31/2001,10/31/2000,07/31/2000,04/30/2000,01/31/2000,10/31/1999,07/31/1999,04/30/1999,01/31/1999,10/31/1998,07/31/1998,04/30/1998,01/31/1998,10/31/1997,07/31/1997,04/30/1997,01/31/1997,10/31/1996,07/31/1996,04/30/1996,01/31/1996,10/31/1995,07/31/1995,04/30/1995,01/31/1995,10/31/1994,07/31/1994,04/30/1994,01/31/1994,10/31/1993,07/31/1993,04/30/1993,01/31/1993,10/31/1992,07/31/1992,04/30/1992,01/31/1992,10/31/1991,07/31/1991,04/30/1991,01/31/1991,10/31/1990,07/31/1990,04/30/1990,01/31/1990,10/31/1989,07/31/1989,04/30/1989,01/31/1989,10/31/1988,07/31/1988,04/30/1988,01/31/1988,10/31/1987,07/31/1987,04/30/1987,01/31/1987,10/31/1986,07/31/1986,04/30/1986,01/31/1986,10/31/1985
TotalRevenue,"4,119,619,000","1,249,478,000","932,650,000","960,655,000","976,836,000","1,149,107,000","872,986,000","840,957,000","840,972,000","929,398,000","767,483,000","734,379,000","838,713,000","962,036,000","602,956,000","539,303,000","655,821,000","875,280,000","548,246,000","488,627,000","627,943,000","872,767,000","515,839,000","468,356,000","600,980,000","836,441,000","486,398,000","480,807,000","609,615,000","826,242,000","474,211,000","414,140,000","567,540,000","745,030,000","445,981,000","382,366,000","509,918,000","704,486,000","444,661,000","339,294,000","504,076,000","691,485,000","423,835,000","368,095,000","501,045,000","631,601,000","383,213,000","337,311,000","458,890,000","562,819,000","331,358,000","288,564,000","394,859,000","499,852,000","340,172,000","341,240,000","492,635,000","638,510,000","405,799,000","332,456,000","478,707,000","686,653,000","379,088,000","329,486,000","477,861,000","659,004,000","369,640,000","357,091,000","466,942,000","628,441,000","346,913,000","336,864,000","454,044,000","548,027,000","313,573,000","310,262,000","394,524,000","495,840,000","295,962,000","275,412,000","375,632,000","470,314,000","277,915,000","276,270,000","329,811,000","463,490,000","283,512,000","269,720,000","345,166,000","441,799,000","280,200,000","265,800,000","325,300,000","433,100,000","250,800,000","229,700,000","291,000,000","379,700,000","210,100,000","240,800,000","249,300,000","352,200,000","209,000,000","198,200,000","232,600,000","288,600,000","211,500,000","192,300,000","202,600,000","310,600,000","214,000,000","205,700,000","192,600,000","276,500,000","189,400,000","135,800,000","176,300,000","241,300,000","153,200,000","113,400,000","135,300,000","224,100,000","159,300,000","116,500,000","184,800,000","209,700,000","187,700,000","129,400,000","175,900,000","243,000,000","195,000,000","137,000,000","137,500,000","204,700,000","156,200,000","145,200,000","118,500,000","209,800,000","152,700,000","128,200,000","114,500,000","178,200,000","130,600,000","97,700,000","89,500,000","134,100,000","101,000,000","82,000,000"
	OperatingRevenue,"4,119,619,000","1,249,478,000","932,650,000","960,655,000","976,836,000","1,149,107,000","872,986,000","840,957,000","840,972,000","929,398,000","767,483,000","734,379,000","838,713,000","962,036,000","602,956,000","539,303,000","655,821,000","875,280,000","548,246,000","488,627,000","627,943,000","872,767,000","515,839,000","468,356,000","600,980,000","836,441,000","486,398,000","480,807,000","609,615,000","826,242,000","474,211,000","414,140,000","567,540,000","745,030,000","445,981,000","382,366,000","509,918,000","704,486,000","444,661,000","339,294,000","504,076,000","691,485,000","423,835,000","368,095,000","501,045,000","631,601,000","383,213,000","337,311,000","458,890,000","562,819,000","331,358,000","288,564,000","394,859,000","499,852,000","340,172,000","341,240,000","492,635,000","638,510,000","405,799,000","332,456,000","478,707,000","686,653,000","379,088,000","329,486,000","477,861,000","659,004,000","369,640,000","337,091,000","466,942,000","628,441,000","346,913,000","336,864,000","454,044,000","548,027,000","313,573,000","310,262,000","394,524,000","495,840,000","295,962,000","275,412,000","375,632,000","470,314,000","277,915,000","276,270,000","329,811,000","463,490,000","283,512,000","269,720,000","345,166,000","441,799,000","280,200,000","265,800,000","325,300,000","433,100,000","250,800,000","229,700,000","291,000,000","379,700,000","210,100,000","240,800,000","249,300,000","352,200,000","209,000,000","198,200,000","232,600,000","288,600,000","211,500,000","192,300,000","202,600,000","310,600,000","214,000,000","205,700,000","192,600,000","276,500,000","189,400,000","135,800,000","176,300,000","241,300,000","153,200,000","113,400,000","135,300,000","224,100,000","159,300,000","116,500,000","184,800,000","209,700,000","187,700,000","129,400,000","175,900,000","243,000,000","195,000,000","137,000,000","137,500,000","204,700,000","156,200,000","145,200,000","118,500,000","209,800,000","152,700,000","128,200,000","114,500,000","178,200,000","130,600,000","97,700,000","89,500,000","134,100,000","101,000,000","82,000,000"
CostOfRevenue,"2,793,271,000","844,109,000","632,174,000","671,269,000","645,719,000","746,154,000","557,950,000","540,562,000","546,398,000","622,681,000","479,395,000","489,312,000","572,732,000","640,738,000","387,339,000","360,240,000","422,168,000","551,224,000","344,007,000","304,369,000","401,158,000","556,453,000","322,359,000","296,219,000","384,363,000","533,254,000","303,744,000","312,233,000","393,225,000","544,270,000","305,212,000","271,003,000","365,460,000","480,490,000","282,467,000","253,718,000","331,887,000","452,185,000","278,844,000","226,395,000","325,954,000","456,063,000","277,184,000","249,308,000","333,384,000","418,047,000","246,568,000","226,356,000","297,257,000","375,407,000","214,967,000","190,872,000","261,061,000","338,627,000","221,912,000","239,373,000","318,695,000","410,744,000","256,662,000","216,305,000","301,264,000","441,937,000","239,023,000","218,636,000","307,525,000","428,748,000","237,766,000","223,292,000","303,681,000","411,798,000","225,250,000","219,485,000","289,842,000","349,148,000","200,963,000","202,966,000","247,574,000","320,208,000","190,381,000","176,448,000","246,693,000","308,262,000","182,608,000","213,377,000","203,599,000","293,530,000","182,339,000","162,880,000","201,502,000","270,299,000","172,000,000","160,700,000","190,400,000","270,400,000","154,900,000","137,000,000","183,200,000","237,400,000","130,200,000","131,300,000","150,700,000","222,000,000","128,300,000","117,500,000","142,300,000","180,400,000","130,500,000","117,000,000","123,600,000","198,900,000","133,700,000","125,600,000","113,300,000","174,200,000","118,500,000","82,600,000","108,800,000","152,900,000","95,800,000","69,000,000","79,100,000","141,600,000","101,500,000","70,700,000","117,500,000","131,800,000","114,000,000","83,300,000","109,600,000","157,400,000","121,600,000","82,600,000","84,800,000","131,900,000",,,,,,,,,,,,,,
GrossProfit,"1,326,348,000","405,369,000","300,476,000","289,386,000","331,117,000","402,953,000","315,036,000","300,395,000","294,574,000","306,717,000","288,088,000","245,067,000","265,981,000","321,298,000","215,617,000","179,063,000","233,653,000","324,056,000","204,239,000","184,258,000","226,785,000","316,314,000","193,480,000","172,137,000","216,617,000","303,187,000","182,654,000","168,574,000","216,390,000","281,972,000","168,999,000","143,137,000","202,080,000","264,540,000","163,514,000","128,648,000","178,031,000","252,301,000","165,817,000","112,899,000","178,122,000","235,422,000","146,651,000","118,787,000","167,661,000","213,554,000","136,645,000","110,955,000","161,633,000","187,412,000","116,391,000","97,692,000","133,798,000","161,225,000","118,260,000","101,867,000","173,940,000","227,766,000","149,137,000","116,151,000","177,443,000","244,716,000","140,065,000","110,850,000","170,336,000","230,256,000","131,874,000","133,799,000","163,261,000","216,643,000","121,663,000","117,379,000","164,202,000","198,879,000","112,610,000","107,296,000","146,950,000","175,632,000","105,581,000","98,964,000","128,939,000","162,052,000","95,307,000","62,893,000","126,212,000","169,960,000","101,173,000","106,840,000","143,664,000","171,500,000","108,200,000","105,100,000","134,900,000","162,700,000","95,900,000","92,700,000","107,800,000","142,300,000","79,900,000","109,500,000","98,600,000","130,200,000","80,700,000","80,700,000","90,300,000","108,200,000","81,000,000","75,300,000","79,000,000","111,700,000","80,300,000","80,100,000","79,300,000","102,300,000","70,900,000","53,200,000","67,500,000","88,400,000","57,400,000","44,400,000","56,200,000","82,500,000","57,800,000","45,800,000","67,300,000","77,900,000","73,700,000","46,100,000","66,300,000","85,600,000","73,400,000","54,400,000","52,700,000","72,800,000",,,,,,,,,,,,,,
OperatingExpense,"868,046,000","234,792,000","208,850,000","215,226,000","209,178,000","222,237,000","173,571,000","206,914,000","178,622,000","180,922,000","196,959,000","201,761,000","192,037,000","183,573,000","145,563,000","136,067,000","140,759,000","153,783,000","137,317,000","136,798,000","139,001,000","157,018,000","132,910,000","128,623,000","134,664,000","148,097,000","128,815,000","131,742,000","136,985,000","143,517,000","124,577,000","123,494,000","130,043,000","133,661,000","122,916,000","120,241,000","119,451,000","134,830,000","119,613,000","108,792,000","117,137,000","128,922,000","112,630,000","109,580,000","112,937,000","120,199,000","109,444,000","105,413,000","107,824,000","115,289,000","96,599,000","94,807,000","94,181,000","102,231,000","104,559,000","101,367,000","110,874,000","124,943,000","117,117,000","106,004,000","110,598,000","125,843,000","112,281,000","100,311,000","108,615,000","124,309,000","107,205,000","102,264,000","108,595,000","119,542,000","102,239,000","103,583,000","111,696,000","117,211,000","96,037,000","96,747,000","101,118,000","110,636,000","95,864,000","90,589,000","92,412,000","104,265,000","89,012,000","58,278,000","96,221,000","114,375,000","97,410,000","100,225,000","112,244,000","118,269,000","102,300,000","102,900,000","112,200,000","116,700,000","90,300,000","104,800,000","96,000,000","104,300,000","78,700,000","98,600,000","79,800,000","94,300,000","73,900,000","73,000,000","77,300,000","77,900,000","68,500,000","68,600,000","70,800,000","80,600,000","68,200,000","66,700,000","70,400,000","75,400,000","61,100,000","56,200,000","58,400,000","64,200,000","51,400,000","48,400,000","65,100,000","64,500,000","56,400,000","54,900,000","66,000,000","60,700,000","58,700,000","51,500,000","66,400,000","65,500,000","57,400,000","47,400,000","45,100,000","53,500,000",,,,,,,,,,,,,,
	SellingGeneralAndAdministration,"868,046,000","234,792,000","208,850,000","215,226,000","209,178,000","222,237,000","173,571,000","206,914,000","178,622,000","180,922,000","196,959,000","201,761,000","192,037,000","183,573,000","145,563,000","136,067,000","140,759,000","153,783,000","137,317,000","136,798,000","139,001,000","157,018,000","132,910,000","128,623,000","134,664,000","148,097,000","128,815,000","131,742,000","136,985,000","143,517,000","124,577,000","123,494,000","130,043,000","133,661,000","122,916,000","120,241,000","119,451,000","134,830,000","119,613,000","108,792,000","117,137,000","128,922,000","112,630,000","109,580,000","112,937,000","120,199,000","109,444,000","105,413,000","107,824,000","115,289,000","96,599,000","94,807,000","94,181,000","102,231,000","104,559,000","101,367,000","110,874,000","124,943,000","117,117,000","106,004,000","110,598,000","125,843,000","112,281,000","100,311,000","108,615,000","124,309,000","107,205,000","102,264,000","108,595,000","119,542,000","102,239,000","103,583,000","111,696,000","117,211,000","96,037,000","96,747,000","101,118,000","110,636,000","95,864,000","90,589,000","92,412,000","104,265,000","89,012,000","58,278,000","96,221,000","114,375,000","97,410,000","90,273,000","101,867,000","108,718,000","94,000,000","90,700,000","103,100,000","106,800,000","82,400,000","89,200,000","89,500,000","95,000,000","71,900,000","84,400,000","73,600,000","89,200,000","68,500,000","68,000,000","72,900,000","73,500,000","63,800,000","65,000,000","66,900,000","76,200,000","64,000,000","62,700,000","65,300,000","70,800,000","56,800,000","52,000,000","53,300,000","59,500,000","47,700,000","42,900,000","59,400,000","59,100,000","51,000,000","49,400,000","60,600,000","56,100,000","52,500,000","48,900,000","59,700,000","62,700,000","54,700,000","44,400,000","43,200,000","51,300,000",,,,,,,,,,,,,,
	DepreciationAmortizationDepletionIncomeStatement,,,,,,,,,,,,,,,,,,,,,,,,,,,,,,,,,,,,,,,,,,,,,,,,,,,,,,,,,,,,,,,,,,,,,,,,,,,,,,,,,,,,,,,,"9,952,000","10,377,000","9,551,000","8,300,000","12,200,000","9,100,000","9,900,000","7,900,000","15,600,000","6,500,000","9,300,000","6,800,000","14,200,000","6,200,000","5,100,000","5,400,000","5,000,000","4,400,000","4,400,000","4,700,000","3,600,000","3,900,000","4,400,000","4,200,000","4,000,000","5,100,000","4,600,000","4,300,000","4,200,000","5,100,000","4,700,000","3,700,000","5,500,000","5,700,000","5,400,000","5,400,000","5,500,000","5,400,000","4,600,000","6,200,000","2,600,000","6,700,000","2,800,000","2,700,000","3,000,000","1,900,000","2,200,000",,,,,,,,,,,,,,
		DepreciationAndAmortizationInIncomeStatement,,,,,,,,,,,,,,,,,,,,,,,,,,,,,,,,,,,,,,,,,,,,,,,,,,,,,,,,,,,,,,,,,,,,,,,,,,,,,,,,,,,,,,,,"9,952,000","10,377,000","9,551,000","8,300,000","12,200,000","9,100,000","9,900,000","7,900,000","15,600,000","6,500,000","9,300,000","6,800,000","14,200,000","6,200,000","5,100,000","5,400,000","5,000,000","4,400,000","4,400,000","4,700,000","3,600,000","3,900,000","4,400,000","4,200,000","4,000,000","5,100,000","4,600,000","4,300,000","4,200,000","5,100,000","4,700,000","3,700,000","5,500,000","5,700,000","5,400,000","5,400,000","5,500,000","5,400,000","4,600,000","6,200,000","2,600,000","6,700,000","2,800,000","2,700,000","3,000,000","1,900,000","2,200,000",,,,,,,,,,,,,,
OperatingIncome,"458,302,000","170,577,000","91,626,000","74,160,000","121,939,000","180,716,000","141,465,000","93,481,000","115,952,000","125,795,000","91,129,000","43,306,000","73,944,000","137,725,000","70,054,000","42,996,000","92,894,000","170,273,000","66,922,000","47,460,000","87,784,000","159,296,000","60,570,000","43,514,000","81,953,000","155,090,000","53,839,000","36,832,000","79,405,000","138,455,000","44,422,000","19,643,000","72,037,000","130,879,000","40,598,000","8,407,000","58,580,000","117,471,000","46,204,000","4,107,000","60,985,000","106,500,000","34,021,000","9,207,000","54,724,000","93,355,000","27,201,000","5,542,000","53,809,000","72,123,000","19,792,000","2,885,000","39,617,000","58,994,000","13,701,000","500,000","63,066,000","102,823,000","32,020,000","10,147,000","66,845,000","118,873,000","27,784,000","10,539,000","61,721,000","105,947,000","24,669,000","31,535,000","54,666,000","97,101,000","19,424,000","13,796,000","52,506,000","81,668,000","16,573,000","10,549,000","45,832,000","64,996,000","9,717,000","8,375,000","36,527,000","57,787,000","6,295,000","4,615,000","29,991,000","55,585,000","3,763,000","6,615,000","31,420,000","53,231,000","5,900,000","2,200,000","22,700,000","46,000,000","5,600,000","-12,100,000","11,800,000","38,000,000","1,200,000","10,900,000","18,800,000","35,900,000","6,800,000","7,700,000","13,000,000","30,300,000","12,500,000","6,700,000","8,200,000","31,100,000","12,100,000","13,400,000","8,900,000","26,900,000","9,800,000","-3,000,000","9,100,000","24,200,000","6,000,000","-4,000,000","-8,900,000","18,000,000","1,400,000","-9,100,000","1,300,000","17,200,000","15,000,000","-5,400,000","-100,000","20,100,000","16,000,000","7,000,000","7,600,000","19,300,000","156,200,000","145,200,000","-460,500,000","209,800,000","152,700,000","128,200,000","-374,900,000","178,200,000","130,600,000","97,700,000","-286,300,000","134,100,000","101,000,000","82,000,000"
NetNonOperatingInterestIncomeExpense,"-29,050,000","-8,024,000","-7,013,000","-6,997,000","-7,016,000","-7,124,000","-7,522,000","-5,702,000","-8,304,000","-8,659,000","-8,156,000","-4,464,000","-9,004,000","-6,694,000","-4,742,000","-1,187,000","-4,676,000","-4,720,000","-4,818,000","-2,348,000","-4,750,000","-4,676,000","-4,883,000","-3,401,000","-4,646,000","-4,721,000","-4,654,000","-3,106,000","-4,587,000","-4,768,000","-4,716,000","-2,819,000","-3,629,000","-3,683,000","-3,753,000","-2,363,000","-3,909,000","-4,149,000","-4,249,000","-3,329,000","-4,198,000","-4,165,000","-4,428,000","-3,302,000","-4,294,000","-4,186,000","-4,116,000","-3,298,000","-4,243,000","-4,271,000","-4,245,000","-4,371,000","-4,429,000","-4,420,000","-4,358,000",,,,,,,,,,,,,,,,,,,,,,,,,,,,,,,,,,,,,,,,,,,,,,,,,,,,,,,,,,,,,,,,,,,,,,,,,,,,,,,,,,,,,,,,,,,,,
	InterestExpenseNonOperating,"29,050,000","8,024,000","7,013,000","6,997,000","7,016,000","7,124,000","7,522,000","8,037,000","8,304,000","8,659,000","8,156,000","8,395,000","9,004,000","6,694,000","4,742,000","4,882,000","4,676,000","4,720,000","4,818,000","4,804,000","4,750,000","4,676,000","4,883,000","5,315,000","4,646,000","4,721,000","4,654,000","4,686,000","4,587,000","4,768,000","4,716,000","4,361,000","3,629,000","3,683,000","3,753,000","3,903,000","3,909,000","4,149,000","4,249,000","4,115,000","4,198,000","4,165,000","4,428,000","4,374,000","4,294,000","4,186,000","4,116,000","4,354,000","4,243,000","4,271,000","4,245,000","4,371,000","4,429,000","4,420,000","4,358,000",,,,,,,,,,,,,,,,,,,,,,,,,,,,,,,,,,,,,,,,,,,,,,,,,,,,,,,,,,,,,,,,,,,,,,,,,,,,,,,,,,,,,,,,,,,,,
OtherIncomeExpense,"9,700,000","2,503,000","2,534,000","2,135,000","2,528,000","3,651,000","1,883,000","788,000","3,345,000","4,235,000","3,166,000","4,856,000","6,295,000","6,149,000","4,708,000","1,762,000","5,057,000","3,613,000","4,281,000","1,815,000","5,349,000","3,701,000","3,866,000","1,621,000","3,480,000","3,873,000","4,512,000","1,579,000","2,798,000","2,450,000","2,267,000","952,000","2,390,000","1,920,000","1,910,000","3,301,000","2,982,000","2,995,000","1,443,000","1,538,000","2,681,000","2,057,000","493,000","1,677,000","1,861,000","1,331,000","1,368,000","1,854,000","2,399,000","905,000","901,000","-106,000","-4,018,000","1,483,000","810,000","-175,000","-368,000","-798,000","1,698,000","54,000","1,954,000","1,476,000","2,391,000","29,000","2,756,000","2,446,000","886,000","2,554,000","642,000","942,000","1,141,000","592,000","1,761,000","529,000","1,331,000","664,000","-1,316,000","1,966,000","4,795,000","3,598,000","848,000","1,734,000","-8,619,000","2,921,000","3,062,000","-1,439,000","3,582,000","343,000","2,329,000","-2,860,000","1,300,000","2,900,000","1,000,000","100,000","800,000","-2,100,000","-9,400,000","2,100,000","2,900,000","1,900,000","3,200,000","1,600,000","1,200,000","2,700,000","1,500,000","1,600,000","4,500,000","2,500,000","1,900,000","1,600,000","1,900,000","2,900,000","1,100,000","2,800,000","900,000","3,100,000","-400,000","800,000","1,200,000","1,500,000","-8,600,000","700,000","-13,800,000","3,900,000","1,500,000","1,600,000","2,500,000","1,300,000","3,000,000","1,600,000","1,700,000","600,000","1,800,000","-1,000,000",,,,,,,,,,,,,,
	SpecialIncomeCharges,,,,,,,,,,,,,,,,,,,,,,,,,,,,,,,,,,,,,,,,"-2,672,000","2,681,000","2,057,000","493,000","-2,254,000","1,861,000","1,331,000","1,368,000","-1,558,000","2,399,000","905,000","901,000","-106,000","-4,018,000","1,483,000","810,000","684,000","-368,000","-798,000","1,698,000","415,000","1,954,000","1,476,000","2,391,000","1,588,000","2,756,000","2,446,000","886,000","2,554,000","642,000","942,000","1,141,000","592,000","1,761,000","529,000","1,331,000","664,000","-1,316,000","1,966,000","4,795,000","3,598,000","848,000","1,734,000","-8,619,000","2,921,000","3,062,000","-1,439,000","3,582,000","343,000","2,329,000","-2,860,000","1,300,000","2,900,000","1,000,000","100,000","800,000","-2,100,000","-9,400,000","2,100,000","2,900,000","1,900,000","3,200,000","1,600,000","1,200,000","2,700,000","1,500,000","1,600,000","4,500,000","2,500,000","1,900,000","1,600,000","1,900,000","2,900,000","1,100,000","2,800,000","900,000","3,100,000","-400,000","800,000","1,200,000","1,500,000","-8,600,000","700,000","-13,800,000","3,900,000","1,500,000","1,600,000","2,500,000","1,300,000","3,000,000","1,600,000","1,700,000","600,000","1,800,000","-1,000,000",,,,,,,,,,,,,,
		RestructuringAndMergernAcquisition,,,,,,,,,,,,,,,,,,,,,,,,,,,,,,,,,,,,,,,,,,,,,,,,,,,,,,,,,,,,,,,,,,,,,,,,"-368,000","-228,000","-64,000","-22,000","350,000","1,655,000","-179,000",,"-1,544,000",,,"9,953,000","0",,,"-679,000",,,,,,,,,,,,,,,,,,,,,,,,,,,,,,,,,,,,,,,,,,,,,,,,,,,,,,,,,,,,,
		OtherSpecialCharges,,,,,,,,,,,,,,,,,,,,,,,,,,,,,,,,,,,,,,,,,,,,,,,,,,,,,,,,,,,,,,,,,,,,,,,,"-224,000","-1,533,000","-465,000","-1,309,000","-1,014,000","-339,000","-1,787,000",,"-2,054,000",,,"-1,334,000","-2,921,000",,,"-2,903,000",,,,,,,,,,,,,,,,,,,,,,,,,,,,,,,,,,,,,,,,,,,,,,,,,,,,,,,,,,,,,
	OtherNonOperatingIncomeExpenses,"9,700,000","2,503,000","2,534,000","2,135,000","2,528,000","3,651,000","1,883,000","-8,909,000","3,345,000","4,235,000","3,166,000","-6,507,000","6,295,000","6,149,000","4,708,000","-9,808,000","5,057,000","3,613,000","4,281,000","-9,623,000","5,349,000","3,701,000","3,866,000","-10,581,000","3,480,000","3,873,000","4,512,000","-6,575,000","2,798,000","2,450,000","2,267,000","-5,431,000","2,390,000","1,920,000","1,910,000","-6,165,000","2,982,000","2,995,000","1,443,000",,,,,,,,,,,,,,,,,,,,,,,,,,,,,,,,,,,,,,,,,,,,,,,,,,,,,,,,,,,,,,,,,,,,,,,,,,,,,,,,,,,,,,,,,,,,,,,,,,,,,,,,,,,,,
PretaxIncome,"438,952,000","165,056,000","87,147,000","69,298,000","117,451,000","177,243,000","135,826,000","88,567,000","110,993,000","121,371,000","86,139,000","43,698,000","71,235,000","137,180,000","70,020,000","43,571,000","93,275,000","169,166,000","66,385,000","46,927,000","88,383,000","158,321,000","59,553,000","41,734,000","80,787,000","154,242,000","53,697,000","35,305,000","77,616,000","136,137,000","41,973,000","17,776,000","70,798,000","129,116,000","38,755,000","9,345,000","57,653,000","116,317,000","43,398,000","2,316,000","59,468,000","104,392,000","30,086,000","7,582,000","52,291,000","90,500,000","24,453,000","4,098,000","51,965,000","68,757,000","16,448,000","-1,592,000","31,170,000","56,057,000","10,153,000","-2,205,000","58,053,000","96,606,000","28,835,000","9,139,000","63,840,000","114,560,000","25,688,000","8,426,000","59,800,000","103,216,000","21,312,000","9,809,000","50,488,000","93,170,000","16,805,000","10,342,000","50,374,000","78,495,000","14,022,000","7,492,000","40,364,000","62,642,000","10,420,000","7,450,000","32,719,000","54,273,000","-7,644,000","3,423,000","26,876,000","47,709,000","2,069,000","1,604,000","26,098,000","42,719,000","1,400,000","-200,000","16,900,000","39,500,000","1,300,000","-20,300,000","-4,300,000","33,200,000","-1,800,000","8,200,000","16,400,000","31,400,000","4,100,000","7,600,000","10,700,000","27,800,000","14,100,000","6,600,000","6,700,000","29,200,000","11,300,000","13,800,000","6,700,000","26,000,000","7,500,000","-3,200,000","4,500,000","20,500,000","2,900,000","-6,600,000","-22,200,000","13,800,000","-16,800,000","-9,800,000","-1,900,000","13,300,000","12,800,000","-8,900,000","-4,000,000","14,700,000","11,500,000","4,300,000","4,900,000","13,200,000",,,,,,,,,,,,,,
TaxProvision,"81,889,000","33,931,000","17,637,000","9,190,000","21,131,000","35,072,000","24,545,000","16,371,000","22,025,000","22,925,000","16,048,000","5,432,000","10,628,000","21,610,000","10,480,000","4,534,000","14,266,000","37,877,000","43,781,000","13,079,000","19,979,000","37,846,000","14,563,000","11,504,000","24,965,000","48,561,000","14,436,000","11,751,000","24,292,000","42,374,000","11,023,000","6,874,000","20,785,000","42,030,000","12,886,000","4,395,000","17,556,000","37,915,000","12,002,000","2,065,000","18,919,000","35,574,000","10,163,000","2,547,000","17,200,000","30,250,000","7,171,000","854,000","18,551,000","23,096,000","5,530,000","-1,060,000","11,393,000","19,196,000","3,422,000","-2,218,000","19,826,000","33,822,000","10,208,000","2,605,000","21,354,000","39,594,000","7,238,000","3,964,000","19,478,000","33,134,000","7,033,000","3,237,000","16,111,000","31,212,000","5,629,000","3,413,000","16,161,000","26,296,000","4,697,000","1,868,000","13,320,000","20,671,000","3,439,000","2,458,000","10,797,000","16,135,000","-2,523,000","1,267,000","9,944,000","17,652,000","765,000","594,000","9,656,000","15,799,000","500,000","-100,000","6,600,000","15,400,000","500,000","-8,000,000","-1,700,000","13,100,000","-700,000","3,200,000","6,500,000","12,400,000","1,600,000","3,000,000","4,200,000","11,000,000","5,600,000","2,600,000","2,600,000","11,700,000","4,500,000","5,500,000","2,700,000","10,400,000","3,000,000","-1,300,000","1,900,000","7,800,000","1,100,000","-2,500,000","-7,100,000","4,400,000","-4,900,000","-3,600,000","-600,000","4,800,000","4,700,000","-3,300,000","-2,400,000","5,900,000","4,600,000","1,700,000","2,600,000","5,000,000",,,,,,,,,,,,,,
NetIncomeCommonStockholders,"357,063,000","131,125,000","69,510,000","60,108,000","96,320,000","142,171,000","111,281,000","72,196,000","88,968,000","98,446,000","70,091,000","38,266,000","60,607,000","115,570,000","59,540,000","39,037,000","79,009,000","131,289,000","22,604,000","33,848,000","68,404,000","120,475,000","44,990,000","30,230,000","55,822,000","105,681,000","39,261,000","23,554,000","53,324,000","93,763,000","30,950,000","10,902,000","50,013,000","87,086,000","25,869,000","4,950,000","40,097,000","78,402,000","31,396,000","251,000","40,549,000","68,818,000","19,923,000","5,035,000","35,091,000","60,250,000","17,282,000","3,244,000","33,414,000","45,661,000","10,918,000","-532,000","19,777,000","36,861,000","6,731,000","13,000","38,227,000","62,784,000","18,627,000","6,534,000","42,486,000","74,966,000","18,450,000","4,462,000","40,322,000","70,082,000","14,279,000","6,572,000","34,377,000","61,958,000","11,176,000","6,929,000","34,213,000","52,199,000","9,325,000","5,624,000","27,044,000","41,971,000","6,981,000","4,992,000","21,922,000","38,138,000","-29,735,000","2,156,000","16,932,000","30,057,000","1,304,000","1,010,000","16,442,000","26,920,000","900,000","-100,000","10,300,000","24,100,000","800,000","-12,300,000","-2,600,000","20,100,000","-1,100,000","5,000,000","8,200,000","19,000,000","2,500,000","4,600,000","6,500,000","16,800,000","8,500,000","4,000,000","4,100,000","17,500,000","6,800,000","8,300,000","4,000,000","15,600,000","4,500,000","-1,900,000","2,600,000","12,700,000","1,800,000","-4,100,000","-15,100,000","9,400,000","-11,900,000","-6,200,000","-1,300,000","8,500,000","8,100,000","-5,600,000","-1,600,000","8,800,000","6,900,000","2,400,000","2,200,000","7,900,000",,,,,,,,,,,,,,
	NetIncome,"357,063,000","131,125,000","69,510,000","60,108,000","96,320,000","142,171,000","111,281,000","72,196,000","88,968,000","98,446,000","70,091,000","38,266,000","60,607,000","115,570,000","59,540,000","39,037,000","79,009,000","131,289,000","22,604,000","33,848,000","68,404,000","120,475,000","44,990,000","30,230,000","55,822,000","105,681,000","39,261,000","23,554,000","53,324,000","93,763,000","30,950,000","10,902,000","50,013,000","87,086,000","25,869,000","4,950,000","40,097,000","78,402,000","31,396,000","251,000","40,549,000","68,818,000","19,923,000","5,035,000","35,091,000","60,250,000","17,282,000","3,244,000","33,414,000","45,661,000","10,918,000","-532,000","19,777,000","36,861,000","6,731,000","13,000","38,227,000","62,784,000","18,627,000","6,534,000","42,486,000","74,966,000","18,450,000","4,462,000","40,322,000","70,082,000","14,279,000","6,572,000","34,377,000","61,958,000","11,176,000","6,929,000","34,213,000","52,199,000","9,325,000","5,624,000","27,044,000","41,971,000","6,981,000","4,992,000","21,922,000","38,138,000","-29,735,000","2,156,000","16,932,000","30,057,000","1,304,000","1,010,000","16,442,000","26,920,000","900,000","-100,000","10,300,000","24,100,000","800,000","-12,300,000","-2,600,000","20,100,000","-1,100,000","5,000,000","8,200,000","19,000,000","2,500,000","4,600,000","6,500,000","16,800,000","8,500,000","4,000,000","4,100,000","17,500,000","6,800,000","8,300,000","4,000,000","15,600,000","4,500,000","-1,900,000","2,600,000","12,700,000","1,800,000","-4,100,000","-15,100,000","9,400,000","-11,900,000","-6,200,000","-1,300,000","8,500,000","8,100,000","-5,600,000","-1,600,000","8,800,000","6,900,000","2,600,000","2,300,000","8,200,000",,,,,,,,,,,,,,
		NetIncomeIncludingNoncontrollingInterests,"357,063,000","131,125,000","69,510,000","60,108,000","96,320,000","142,171,000","111,281,000","72,196,000","88,968,000","98,446,000","70,091,000","38,266,000","60,607,000","115,570,000","59,540,000","39,037,000","79,009,000","131,289,000","22,604,000","33,848,000","68,404,000","120,475,000","44,990,000","30,230,000","55,822,000","105,681,000","39,261,000","23,554,000","53,324,000","93,763,000","30,950,000","10,902,000","50,013,000","87,086,000","25,869,000","4,950,000","40,097,000","78,402,000","31,396,000","251,000","40,549,000","68,818,000","19,923,000","5,035,000","35,091,000","60,250,000","17,282,000","3,244,000","33,414,000","45,661,000","10,918,000","-532,000","19,777,000","36,861,000","6,731,000","13,000","38,227,000","62,784,000","18,627,000","6,534,000","42,486,000","74,966,000","18,450,000","4,462,000","40,322,000","70,082,000","14,279,000","6,572,000","34,377,000","61,958,000","11,176,000","6,929,000","34,213,000","52,199,000","9,325,000","5,624,000","27,044,000","41,971,000","6,981,000","4,992,000","21,922,000","38,138,000","-29,735,000","2,156,000","16,932,000","30,057,000","1,304,000","1,010,000","16,442,000","26,920,000","900,000","-100,000","10,300,000","24,100,000","800,000","-12,300,000","-2,600,000","20,100,000","-1,100,000","5,000,000","8,200,000","19,000,000","2,500,000","4,600,000","6,500,000","16,800,000","8,500,000","4,000,000","4,100,000","17,500,000","6,800,000","8,300,000","4,000,000","15,600,000","4,500,000","-1,900,000","2,600,000","12,700,000","1,800,000","-4,100,000","-15,100,000","9,400,000","-11,900,000","-6,200,000","-1,300,000","8,500,000","8,100,000","-5,600,000","-1,600,000","8,800,000","6,900,000","2,600,000","2,300,000","8,200,000","6,900,000","4,700,000","1,900,000","7,800,000","6,000,000","4,300,000","2,300,000","6,000,000","5,200,000","3,500,000","2,200,000","6,000,000","4,500,000","2,900,000"
			NetIncomeContinuousOperations,"357,063,000","131,125,000","69,510,000","60,108,000","96,320,000","142,171,000","111,281,000","72,196,000","88,968,000","98,446,000","70,091,000","38,266,000","60,607,000","115,570,000","59,540,000","39,037,000","79,009,000","131,289,000","22,604,000","33,848,000","68,404,000","120,475,000","44,990,000","30,230,000","55,822,000","105,681,000","39,261,000","23,554,000","53,324,000","93,763,000","30,950,000","10,902,000","50,013,000","87,086,000","25,869,000","4,950,000","40,097,000","78,402,000","31,396,000","251,000","40,549,000","68,818,000","19,923,000","5,035,000","35,091,000","60,250,000","17,282,000","3,244,000","33,414,000","45,661,000","10,918,000","-532,000","19,777,000","36,861,000","6,731,000","13,000","38,227,000","62,784,000","18,627,000","6,534,000","42,486,000","74,966,000","18,450,000","4,462,000","40,322,000","70,082,000","14,279,000","6,572,000","34,377,000","61,958,000","11,176,000","6,929,000","34,213,000","52,199,000","9,325,000","5,624,000","27,044,000","41,971,000","6,981,000","4,992,000","21,922,000","38,138,000","-5,121,000","2,156,000","16,932,000","30,057,000","1,304,000","1,010,000","16,442,000","26,920,000","900,000","-100,000","10,300,000","24,100,000","800,000","-12,300,000","-2,600,000","20,100,000","-1,100,000","5,000,000","9,900,000","19,000,000","2,500,000","4,600,000","6,500,000","16,800,000","8,500,000","4,000,000","4,100,000","17,500,000","6,800,000","8,300,000","4,000,000","15,600,000","4,500,000","-1,900,000","2,600,000","12,700,000","1,800,000","-4,100,000","-15,100,000","9,400,000","-11,900,000","-6,200,000","-1,300,000","8,500,000","8,100,000","-5,600,000","-1,600,000","8,800,000","6,900,000","2,600,000","2,300,000","8,200,000","6,900,000","4,700,000","1,900,000","7,800,000","6,000,000","4,300,000","2,300,000","6,000,000","5,200,000","3,500,000","2,200,000","6,000,000","4,500,000","2,900,000"
			NetIncomeExtraordinary,,,,,,,,,,,,,,,,,,,,,,,,,,,,,,,,,,,,,,,,,,,,,,,,,,,,,,,,,,,,,,,,,,,,,,,,,,,,,,,,"0",,,"-24,614,000",,,,,,,,,,,,,,,,,,,,,,,,,,,,,,,,,,,,,,,,,,,,,,,,,,,,,,,,,,,,,,,,,
			NetIncomeFromTaxLossCarryforward,,,,,,,,,,,,,,,,,,,,,,,,,,,,,,,,,,,,,,,,,,,,,,,,,,,,,,,,,,,,,,,,,,,,,,,,,,,,,,,,,,,,,,,,,,,,,,,,,,,,"0","-1,700,000",,,,,,,,,,,,,,,,,,,,,,,,,,,,,,,,,,,,,,,,,,,,,,,
	PreferredStockDividends,,,,,,,,,,,,,,,,,,,,,,,,,,,,,,,,,,,,,,,,,,,,,,,,,,,,,,,,,,,,,,,,,,,,,,,,,,,,,,,,,,,,,,,,,,,,,,,,,,,,,,,,,,,,,,,,,,,,,,,,,,,,,,,,,,,,"200,000","100,000","300,000",,,,,,,,,,,,,,
DilutedNIAvailtoComStockholders,"357,063,000","131,125,000","69,510,000","60,108,000","96,320,000","142,171,000","111,281,000","72,196,000","88,968,000","98,446,000","70,091,000","38,266,000","60,607,000","115,570,000","59,540,000","39,037,000","79,009,000","131,289,000","22,604,000","33,848,000","68,404,000","120,475,000","44,990,000","30,230,000","55,822,000","105,681,000","39,261,000","23,554,000","53,324,000","93,763,000","30,950,000","10,902,000","50,013,000","87,086,000","25,869,000","4,950,000","40,097,000","78,402,000","31,396,000","251,000","40,549,000","68,818,000","19,923,000","5,035,000","35,091,000","60,250,000","17,282,000","3,244,000","33,414,000","45,661,000","10,918,000","-532,000","19,777,000","36,861,000","6,731,000","13,000","38,227,000","62,784,000","18,627,000","6,534,000","42,486,000","74,966,000","18,450,000","4,462,000","40,322,000","70,082,000","14,279,000","6,572,000","34,377,000","61,958,000","11,176,000","6,929,000","34,213,000","52,199,000","9,325,000","5,624,000","27,044,000","41,971,000","6,981,000","4,992,000","21,922,000","38,138,000","-29,735,000","2,156,000","16,932,000","30,057,000","1,304,000","1,010,000","16,442,000","26,920,000","900,000","-100,000","10,300,000","24,100,000","800,000","-12,300,000","-2,600,000","20,100,000","-1,100,000","5,000,000","8,200,000","19,000,000","2,500,000","4,600,000","6,500,000","16,800,000","8,500,000","4,000,000","4,100,000","17,500,000","6,800,000","8,300,000","4,000,000","15,600,000","4,500,000","-1,900,000","2,600,000","12,700,000","1,800,000","-4,100,000","-15,100,000","9,400,000","-11,900,000","-6,200,000","-1,300,000","8,500,000","8,100,000","-5,600,000","-1,600,000","8,800,000","6,900,000","2,400,000","2,200,000","7,900,000",,,,,,,,,,,,,,
BasicEPS,,"1.25","0.66","0.56","0.9","1.32","1.03","0.67","0.83","0.92","0.65","0.36","0.57","1.08","0.56","0.37","0.75","1.23","0.21","0.31","0.63","1.11","0.41","0.28","0.51","0.96","0.355","0.215","0.48","0.84","0.275","0.095","0.445","0.77","0.225","0.045","0.35","0.675","0.27","0","0.345","0.575","0.165","0.04","0.283","0.48","0.135",,"0.258","0.338","0.08",,"0.138","0.253","0.048",,"0.253","0.41","0.123",,"0.263","0.455","0.113",,"0.235","0.405","0.083",,"0.193","0.345","0.06",,"0.175","0.263","0.046",,"0.135","0.21","0.035",,"0.109","0.189","-0.149",,"0.084","0.146","0.006",,"0.081","0.132","0.004",,"0.05","0.116","0.004",,"-0.013","0.098","-0.005",,"0.043","0.099","0.013",,"0.033","0.083","0.042","0.02",,"0.083","0.032","0.04",,"0.074","0.022","-0.009",,"0.063","0.009","-0.021",,"0.049","-0.063","-0.032",,"0.044","0.043","-0.029",,"0.053","0.041","0.015",,"0.049","0.041","0.028",,"0.046","0.035","0.024",,"0.034","0.029","0.019",,"0.033","0.024","0.016"
DilutedEPS,,"1.24","0.66","0.56","0.89","1.31","1.02","0.66","0.82","0.91","0.65","0.35","0.56","1.07","0.55","0.36","0.73","1.21","0.21","0.31","0.61","1.08","0.41","0.27","0.5","0.945","0.35","0.21","0.47","0.82","0.27","0.095","0.435","0.755","0.22","0.04","0.34","0.66","0.265","0","0.335","0.565","0.163","0.04","0.278","0.47","0.133",,"0.253","0.335","0.08",,"0.135","0.25","0.045",,"0.248","0.4","0.118",,"0.255","0.443","0.11",,"0.228","0.39","0.08",,"0.185","0.333","0.059",,"0.166","0.25","0.045",,"0.129","0.201","0.034",,"0.105","0.182","-0.149",,"0.081","0.143","0.006",,"0.079","0.13","0.004",,"0.049","0.114","0.004",,"-0.013","0.096","-0.005",,"0.042","0.096","0.013",,"0.033","0.083","0.042","0.02",,"0.083","0.032","0.04",,"0.074","0.022","-0.009",,"0.063","0.009","-0.021",,"0.049","-0.063","-0.032",,"0.044","0.043","-0.029",,"0.053","0.041","0.015",,"0.049","0.041","0.028",,"0.046","0.035","0.024",,"0.034","0.029","0.019",,"0.033","0.024","0.016"
BasicAverageShares,,"104,928,000","105,037,000","106,388,000","107,130,000","107,753,000","108,122,000","107,945,000","107,710,000","107,552,000","107,423,000","107,166,000","107,005,000","106,679,000","106,258,000","106,042,000","105,751,000","106,423,000","107,225,000","107,929,000","108,456,000","108,203,000","108,627,000","109,546,000","109,966,000","109,808,000","110,028,000","110,100,000","110,620,000","111,728,000","112,086,000","111,902,000","111,930,000","112,986,000","114,040,000","114,812,000","115,306,000","116,264,000","116,960,000","117,672,000","118,090,000","119,756,000","119,972,000","122,484,000","124,704,000","125,788,000","127,432,000",,"129,856,000","134,856,000","136,120,000",,"143,924,000","145,588,000","141,705,263",,"151,604,000","152,956,000","153,544,000",,"162,276,000","164,392,000","164,556,000",,"171,408,000","173,500,000","174,432,000",,"177,976,000","179,016,000","184,544,000",,"194,952,000","198,400,000","198,608,000",,"200,560,000","200,048,000","199,376,000",,"201,744,000","201,552,000","200,000,000",,"202,304,000","205,232,000","204,048,000",,"203,920,000","203,744,000","205,714,286",,"206,000,000","207,311,828","213,333,333",,"208,000,000","206,153,846","220,000,000",,"190,144,928","192,405,063","190,476,190",,"200,000,000","202,105,263","202,985,075","200,000,000",,"212,121,212","213,333,333","207,500,000",,"209,747,899","205,714,286","202,666,667",,"201,188,119","192,000,000","192,941,176",,"192,820,513","190,400,000","194,509,804",,"191,549,296","190,588,235","190,638,298",,"165,647,059","167,272,727","160,000,000",,"160,000,000",,,,,,,,,,,,,,
DilutedAverageShares,,"105,746,000","106,048,000","107,534,000","108,363,000","108,898,000","109,194,000","108,947,000","108,543,000","108,500,000","108,655,000","108,414,000","108,253,000","108,007,000","107,781,000","107,916,000","108,070,000","108,835,000","109,855,000","110,731,000","111,457,000","111,138,000","110,774,000","111,667,000","112,112,000","111,972,000","112,326,000","112,586,000","113,104,000","114,146,000","114,484,000","114,488,000","114,640,000","115,546,000","116,612,000","117,500,000","117,826,000","118,514,000","119,256,000","120,324,000","120,672,000","121,920,000","121,892,000","124,148,000","126,956,000","128,080,000","129,772,000",,"131,888,000","136,568,000","137,176,000",,"145,428,000","147,052,000","149,577,778",,"154,832,000","156,504,000","157,580,000",,"167,212,000","169,012,000","169,012,000",,"177,440,000","179,828,000","179,836,000",,"185,752,000","186,368,000","191,032,000",,"206,352,000","208,712,000","209,032,000",,"210,440,000","208,168,000","206,752,000",,"208,784,000","209,488,000","200,000,000",,"208,144,000","211,280,000","208,992,000",,"209,136,000","207,328,000","205,714,286",,"211,282,051","210,710,383","213,333,333",,"208,000,000","210,196,078","220,000,000",,"195,820,896","198,692,810","200,000,000",,"200,000,000","202,105,263","202,985,075","200,000,000",,"212,121,212","213,333,333","207,500,000",,"209,747,899","205,714,286","202,666,667",,"201,188,119","192,000,000","192,941,176",,"192,820,513","190,400,000","194,509,804",,"191,549,296","190,588,235","190,638,298",,"165,647,059","167,272,727","160,000,000",,"160,000,000",,,,,,,,,,,,,,
TotalOperatingIncomeAsReported,"458,302,000","170,577,000","91,626,000","74,160,000","121,939,000","180,716,000","141,465,000","93,481,000","115,952,000","125,795,000","91,129,000","43,306,000","73,944,000","137,725,000","70,054,000","42,996,000","92,894,000","170,273,000","66,922,000","47,460,000","87,784,000","159,296,000","60,570,000","43,514,000","81,953,000","155,090,000","53,839,000","36,832,000","79,405,000","138,455,000","44,422,000","19,643,000","72,037,000","130,879,000","40,598,000","8,407,000","58,580,000","117,471,000","46,204,000","4,107,000","60,985,000","106,500,000","34,021,000","9,207,000","54,724,000","93,355,000","27,201,000","5,542,000","53,809,000","72,123,000","19,792,000","2,885,000","39,617,000","58,994,000","13,701,000","500,000","63,066,000","102,823,000","32,020,000","10,147,000","66,845,000","118,873,000","27,784,000","10,539,000","61,721,000","105,947,000","24,669,000","11,535,000","54,666,000","97,101,000","19,424,000","14,164,000","52,734,000","81,732,000","16,595,000","10,199,000","44,177,000","65,175,000","9,717,000","9,919,000","36,527,000","57,787,000","-3,658,000","4,615,000","29,991,000","55,585,000","4,442,000","6,615,000","31,420,000","53,231,000","5,900,000","2,200,000","22,700,000","46,000,000","5,600,000","-12,100,000","11,800,000","38,000,000","1,200,000","10,900,000","18,800,000","35,900,000","6,800,000","7,700,000","13,000,000","30,300,000","12,500,000","6,700,000","8,200,000","31,100,000","12,100,000","13,400,000","8,900,000","26,900,000","9,800,000","-3,000,000","9,100,000","24,200,000","6,000,000","-4,000,000","-8,900,000","18,000,000","1,400,000","-9,100,000","1,300,000","17,200,000","15,000,000","-5,400,000","-100,000","20,100,000","16,000,000","7,000,000","7,600,000","19,300,000",,,,,,,,,,,,,,
TotalExpenses,"3,661,317,000","1,078,901,000","841,024,000","886,495,000","854,897,000","968,391,000","731,521,000","747,476,000","725,020,000","803,603,000","676,354,000","691,073,000","764,769,000","824,311,000","532,902,000","496,307,000","562,927,000","705,007,000","481,324,000","441,167,000","540,159,000","713,471,000","455,269,000","424,842,000","519,027,000","681,351,000","432,559,000","443,975,000","530,210,000","687,787,000","429,789,000","394,497,000","495,503,000","614,151,000","405,383,000","373,959,000","451,338,000","587,015,000","398,457,000","335,187,000","443,091,000","584,985,000","389,814,000","358,888,000","446,321,000","538,246,000","356,012,000","331,769,000","405,081,000","490,696,000","311,566,000","285,679,000","355,242,000","440,858,000","326,471,000","340,740,000","429,569,000","535,687,000","373,779,000","322,309,000","411,862,000","567,780,000","351,304,000","318,947,000","416,140,000","553,057,000","344,971,000","325,556,000","412,276,000","531,340,000","327,489,000","323,068,000","401,538,000","466,359,000","297,000,000","299,713,000","348,692,000","430,844,000","286,245,000","267,037,000","339,105,000","412,527,000","271,620,000","271,655,000","299,820,000","407,905,000","279,749,000","263,105,000","313,746,000","388,568,000","274,300,000","263,600,000","302,600,000","387,100,000","245,200,000","241,800,000","279,200,000","341,700,000","208,900,000","229,900,000","230,500,000","316,300,000","202,200,000","190,500,000","219,600,000","258,300,000","199,000,000","185,600,000","194,400,000","279,500,000","201,900,000","192,300,000","183,700,000","249,600,000","179,600,000","138,800,000","167,200,000","217,100,000","147,200,000","117,400,000","144,200,000","206,100,000","157,900,000","125,600,000","183,500,000","192,500,000","172,700,000","134,800,000","176,000,000","222,900,000","179,000,000","130,000,000","129,900,000","185,400,000",,,,,,,,,,,,,,
NetIncomeFromContinuingAndDiscontinuedOperation,"357,063,000","131,125,000","69,510,000","60,108,000","96,320,000","142,171,000","111,281,000","72,196,000","88,968,000","98,446,000","70,091,000","38,266,000","60,607,000","115,570,000","59,540,000","39,037,000","79,009,000","131,289,000","22,604,000","33,848,000","68,404,000","120,475,000","44,990,000","30,230,000","55,822,000","105,681,000","39,261,000","23,554,000","53,324,000","93,763,000","30,950,000","10,902,000","50,013,000","87,086,000","25,869,000","4,950,000","40,097,000","78,402,000","31,396,000","251,000","40,549,000","68,818,000","19,923,000","5,035,000","35,091,000","60,250,000","17,282,000","3,244,000","33,414,000","45,661,000","10,918,000","-532,000","19,777,000","36,861,000","6,731,000","13,000","38,227,000","62,784,000","18,627,000","6,534,000","42,486,000","74,966,000","18,450,000","4,462,000","40,322,000","70,082,000","14,279,000","6,572,000","34,377,000","61,958,000","11,176,000","6,929,000","34,213,000","52,199,000","9,325,000","5,624,000","27,044,000","41,971,000","6,981,000","4,992,000","21,922,000","38,138,000","-5,121,000","2,156,000","16,932,000","30,057,000","1,304,000","1,010,000","16,442,000","26,920,000","900,000","-100,000","10,300,000","24,100,000","800,000","-12,300,000","-2,600,000","20,100,000","-1,100,000","5,000,000","9,900,000","19,000,000","2,500,000","4,600,000","6,500,000","16,800,000","8,500,000","4,000,000","4,100,000","17,500,000","6,800,000","8,300,000","4,000,000","15,600,000","4,500,000","-1,900,000","2,600,000","12,700,000","1,800,000","-4,100,000","-15,100,000","9,400,000","-11,900,000","-6,200,000","-1,300,000","8,500,000","8,100,000","-5,600,000","-1,600,000","8,800,000","6,900,000","2,600,000","2,300,000","8,200,000",,,,,,,,,,,,,,
NormalizedIncome,"357,063,000","131,125,000","69,510,000","60,108,000","96,320,000","142,171,000","111,281,000","72,196,000","88,968,000","98,446,000","70,091,000","38,266,000","60,607,000","115,570,000","59,540,000","39,037,000","79,009,000","131,289,000","22,604,000","33,848,000","68,404,000","120,475,000","44,990,000","30,230,000","55,822,000","105,681,000","39,261,000","23,554,000","53,324,000","93,763,000","30,950,000","10,902,000","50,013,000","87,086,000","25,869,000","4,950,000","40,097,000","78,402,000","31,396,000","3,148,700","38,720,558","67,461,970.553","19,596,534.568","7,694,611.58","33,842,135.932","59,363,892.265","16,315,174.825","3,833,746.218","31,871,419.686","45,059,996.393","10,319,926.192","-463,100","22,326,373.949","35,885,834.312","6,194,005.023","-431,600","38,469,322.292","63,302,618.222","17,530,116.144","6,237,292.483","41,185,598.308","74,000,132.193","16,732,702.04","3,509,200","38,463,681.739","68,421,205.433","13,685,381.663","4,860,827.811","33,939,865.75","61,331,570.506","10,417,189.17","6,532,368.014","33,016,964.486","51,847,216.179","8,439,849.879","5,125,556.861","27,925,723.912","40,653,753.009","3,768,534.069","2,581,098.523","21,353,833.002","36,919,506.605","653,188.776","316,188.139","15,002,926.328","30,963,579.953","-953,577.574","794,021.197","14,974,706.797","28,722,270.652","64,285.714","-1,840,000","9,690,532.544","24,038,987.342","307,692.308","-11,027,586.207","3,083,720.93","18,828,614.458","-2,872,222.222","3,841,463.415","7,968,292.683","18,031,847.134","1,768,292.683","2,965,789.474","5,588,785.047","15,833,093.525","5,787,234.043","2,484,848.485","2,937,313.433","16,540,000","5,656,637.168","6,555,797.101","3,340,000","13,920,000","3,960,000","-3,760,000","2,840,000","12,204,390.244","1,055,172.414","-5,031,818.182","-9,250,450.45","8,923,188.406","-2,125,000","-8,667,346.939","-2,326,315.789","7,477,443.609","6,517,968.75","-6,417,977.528","-3,400,000","7,840,000","5,880,000","2,237,209.302","1,220,000","8,821,212.121",,,,,,,,,,,,,,
InterestExpense,"29,050,000","8,024,000","7,013,000","6,997,000","7,016,000","7,124,000","7,522,000","8,037,000","8,304,000","8,659,000","8,156,000","8,395,000","9,004,000","6,694,000","4,742,000","4,882,000","4,676,000","4,720,000","4,818,000","4,804,000","4,750,000","4,676,000","4,883,000","5,315,000","4,646,000","4,721,000","4,654,000","4,686,000","4,587,000","4,768,000","4,716,000","4,361,000","3,629,000","3,683,000","3,753,000","3,903,000","3,909,000","4,149,000","4,249,000","4,115,000","4,198,000","4,165,000","4,428,000","4,374,000","4,294,000","4,186,000","4,116,000","4,354,000","4,243,000","4,271,000","4,245,000","4,371,000","4,429,000","4,420,000","4,358,000",,,,,,,,,,,,,,,,,,,,,,,,,,,,,,,,,,,,,,,,,,,,,,,,,,,,,,,,,,,,,,,,,,,,,,,,,,,,,,,,,,,,,,,,,,,,,
NetInterestIncome,"-29,050,000","-8,024,000","-7,013,000","-6,997,000","-7,016,000","-7,124,000","-7,522,000","-5,702,000","-8,304,000","-8,659,000","-8,156,000","-4,464,000","-9,004,000","-6,694,000","-4,742,000","-1,187,000","-4,676,000","-4,720,000","-4,818,000","-2,348,000","-4,750,000","-4,676,000","-4,883,000","-3,401,000","-4,646,000","-4,721,000","-4,654,000","-3,106,000","-4,587,000","-4,768,000","-4,716,000","-2,819,000","-3,629,000","-3,683,000","-3,753,000","-2,363,000","-3,909,000","-4,149,000","-4,249,000","-3,329,000","-4,198,000","-4,165,000","-4,428,000","-3,302,000","-4,294,000","-4,186,000","-4,116,000","-3,298,000","-4,243,000","-4,271,000","-4,245,000","-4,371,000","-4,429,000","-4,420,000","-4,358,000",,,,,,,,,,,,,,,,,,,,,,,,,,,,,,,,,,,,,,,,,,,,,,,,,,,,,,,,,,,,,,,,,,,,,,,,,,,,,,,,,,,,,,,,,,,,,
EBIT,"468,002,000","173,080,000","94,160,000","76,295,000","124,467,000","184,367,000","143,348,000","96,604,000","119,297,000","130,030,000","94,295,000","52,093,000","80,239,000","143,874,000","74,762,000","48,453,000","97,951,000","173,886,000","71,203,000","51,731,000","93,133,000","162,997,000","64,436,000","47,049,000","85,433,000","158,963,000","58,351,000","39,991,000","82,203,000","140,905,000","46,689,000","22,137,000","74,427,000","132,799,000","42,508,000","13,248,000","61,562,000","120,466,000","47,647,000","6,431,000","63,666,000","108,557,000","34,514,000","11,956,000","56,585,000","94,686,000","28,569,000","8,452,000","56,208,000","73,028,000","20,693,000","2,779,000","35,599,000","60,477,000","14,511,000","500,000","63,066,000","102,823,000","32,020,000","10,147,000","66,845,000","118,873,000","27,784,000","10,539,000","61,721,000","105,947,000","24,669,000","31,535,000","54,666,000","97,101,000","19,424,000","13,796,000","52,506,000","81,668,000","16,573,000","10,549,000","45,832,000","64,996,000","9,717,000","8,375,000","36,527,000","57,787,000","6,295,000","4,615,000","29,991,000","55,585,000","3,763,000","6,615,000","31,420,000","53,231,000","5,900,000","2,200,000","22,700,000","46,000,000","5,600,000","-12,100,000","11,800,000","38,000,000","1,200,000","10,900,000","18,800,000","35,900,000","6,800,000","7,700,000","13,000,000","30,300,000","12,500,000","6,700,000","8,200,000","31,100,000","12,100,000","13,400,000","8,900,000","26,900,000","9,800,000","-3,000,000","9,100,000","24,200,000","6,000,000","-4,000,000","-8,900,000","18,000,000","1,400,000","-9,100,000","1,300,000","17,200,000","15,000,000","-5,400,000","-100,000","20,100,000","16,000,000","7,000,000","7,600,000","19,300,000","156,200,000","145,200,000","-460,500,000","209,800,000","152,700,000","128,200,000","-374,900,000","178,200,000","130,600,000","97,700,000","-286,300,000","134,100,000","101,000,000","82,000,000"
EBITDA,"571,089,000"
ReconciledCostOfRevenue,"2,793,271,000","844,109,000","632,174,000","671,269,000","645,719,000","746,154,000","557,950,000","540,562,000","546,398,000","622,681,000","479,395,000","489,312,000","572,732,000","640,738,000","387,339,000","360,240,000","422,168,000","551,224,000","344,007,000","304,369,000","401,158,000","556,453,000","322,359,000","296,219,000","384,363,000","533,254,000","303,744,000","312,233,000","393,225,000","544,270,000","305,212,000","271,003,000","365,460,000","480,490,000","282,467,000","253,718,000","331,887,000","452,185,000","278,844,000","226,395,000","325,954,000","456,063,000","277,184,000","249,308,000","333,384,000","418,047,000","246,568,000","226,356,000","297,257,000","375,407,000","214,967,000","190,872,000","261,061,000","338,627,000","221,912,000","239,373,000","318,695,000","410,744,000","256,662,000","216,305,000","301,264,000","441,937,000","239,023,000","218,636,000","307,525,000","428,748,000","237,766,000","223,292,000","303,681,000","411,798,000","225,250,000","219,485,000","289,842,000","349,148,000","200,963,000","202,966,000","247,574,000","320,208,000","190,381,000","176,448,000","246,693,000","308,262,000","182,608,000","213,377,000","203,599,000","293,530,000","182,339,000","162,880,000","201,502,000","270,328,000","172,000,000","160,700,000","190,400,000","270,400,000","154,900,000","137,000,000","183,200,000","237,400,000","130,200,000","131,300,000","150,700,000","222,000,000","128,300,000","117,500,000","142,300,000","180,700,000","130,500,000","117,000,000","123,600,000","198,400,000","133,500,000","125,600,000","113,300,000","173,600,000","118,500,000","82,600,000","108,800,000","152,700,000","95,800,000","69,000,000","79,100,000","141,400,000","101,700,000","70,700,000","117,500,000","131,800,000","114,000,000","83,300,000","109,600,000","157,300,000","121,900,000","82,600,000","84,800,000","131,900,000",,,,,,,,,,,,,,
ReconciledDepreciation,"103,087,000","28,007,000","24,943,000","26,522,000","23,615,000","25,112,000","24,067,000","25,752,000","24,294,000","22,766,000","22,803,000","25,295,000","18,951,000","27,869,000","15,583,000","19,369,000","11,767,000","14,915,000","15,226,000","17,273,000","13,165,000","18,032,000","16,516,000","17,765,000","14,806,000","15,785,000","15,741,000","17,199,000","15,331,000","15,764,000","14,849,000","15,034,000","11,515,000","13,304,000","13,285,000","14,930,000","12,314,000","13,373,000","13,517,000","15,705,000","12,265,000","12,704,000","12,960,000","14,255,000","11,371,000","11,589,000","11,291,000",,"10,200,000","11,006,000","11,248,000","14,998,000","7,961,000","11,187,000","10,389,000",,,"10,850,000","10,986,000","11,842,000","9,870,000","10,059,000","10,334,000","11,074,000","10,437,000","10,519,000","10,534,000","12,719,000","11,518,000","9,163,000","9,429,000","10,695,000","8,346,000","8,492,000","8,560,000","11,080,000","7,200,000","7,583,000","7,310,000","10,323,000","6,542,000","6,731,000","7,336,000","10,663,000","9,836,000","8,829,000","7,843,000","9,952,000","10,377,000","9,522,000","8,300,000","12,200,000","9,100,000","9,900,000","7,900,000","15,600,000","6,500,000","9,300,000","6,800,000","14,200,000","6,200,000","5,100,000","5,400,000","5,000,000","4,400,000","4,100,000","4,700,000","3,600,000","3,900,000","4,900,000","4,400,000","4,000,000","5,100,000","5,200,000","4,300,000","4,200,000","5,100,000","4,900,000","3,700,000","5,500,000","5,700,000","5,600,000","5,200,000","5,500,000","5,400,000","4,600,000","6,200,000","2,600,000","6,700,000","2,900,000","2,400,000","3,000,000","1,900,000","2,200,000",,,,,,,,,,,,,,
NetIncomeFromContinuingOperationNetMinorityInterest,"357,063,000","131,125,000","69,510,000","60,108,000","96,320,000","142,171,000","111,281,000","72,196,000","88,968,000","98,446,000","70,091,000","38,266,000","60,607,000","115,570,000","59,540,000","39,037,000","79,009,000","131,289,000","22,604,000","33,848,000","68,404,000","120,475,000","44,990,000","30,230,000","55,822,000","105,681,000","39,261,000","23,554,000","53,324,000","93,763,000","30,950,000","10,902,000","50,013,000","87,086,000","25,869,000","4,950,000","40,097,000","78,402,000","31,396,000","251,000","40,549,000","68,818,000","19,923,000","5,035,000","35,091,000","60,250,000","17,282,000","3,244,000","33,414,000","45,661,000","10,918,000","-532,000","19,777,000","36,861,000","6,731,000","13,000","38,227,000","62,784,000","18,627,000","6,534,000","42,486,000","74,966,000","18,450,000","4,462,000","40,322,000","70,082,000","14,279,000","6,572,000","34,377,000","61,958,000","11,176,000","6,929,000","34,213,000","52,199,000","9,325,000","5,624,000","27,044,000","41,971,000","6,981,000","4,992,000","21,922,000","38,138,000","-5,121,000","2,156,000","16,932,000","30,057,000","1,304,000","1,010,000","16,442,000","26,920,000","900,000","-100,000","10,300,000","24,100,000","800,000","-12,300,000","-2,600,000","20,100,000","-1,100,000","5,000,000","9,900,000","19,000,000","2,500,000","4,600,000","6,500,000","16,800,000","8,500,000","4,000,000","4,100,000","17,500,000","6,800,000","8,300,000","4,000,000","15,600,000","4,500,000","-1,900,000","2,600,000","12,700,000","1,800,000","-4,100,000","-15,100,000","9,400,000","-11,900,000","-6,200,000","-1,300,000","8,500,000","8,100,000","-5,600,000","-1,600,000","8,800,000","6,900,000","2,600,000","2,300,000","8,200,000",,,,,,,,,,,,,,
TotalUnusualItemsExcludingGoodwill,,,,,,,,,,,,,,,,,,,,,,,,,,,,,,,,,,,,,,,,"-4,458,000","2,681,000","2,057,000","493,000","-4,005,000","1,861,000","1,331,000","1,368,000","-745,000","2,399,000","905,000","901,000","-106,000","-4,018,000","1,483,000","810,000","684,000","-368,000","-798,000","1,698,000","415,000","1,954,000","1,476,000","2,391,000","1,588,000","2,756,000","2,446,000","886,000","2,554,000","642,000","942,000","1,141,000","592,000","1,761,000","529,000","1,331,000","664,000","-1,316,000","1,966,000","4,795,000","3,598,000","848,000","1,734,000","-8,619,000","2,921,000","3,062,000","-1,439,000","3,582,000","343,000","2,329,000","-2,860,000","1,300,000","2,900,000","1,000,000","100,000","800,000","-2,100,000","-9,400,000","2,100,000","2,900,000","1,900,000","3,200,000","1,600,000","1,200,000","2,700,000","1,500,000","1,600,000","4,500,000","2,500,000","1,900,000","1,600,000","1,900,000","2,900,000","1,100,000","2,800,000","900,000","3,100,000","-400,000","800,000","1,200,000","1,500,000","-8,600,000","700,000","-13,800,000","3,900,000","1,500,000","1,600,000","2,500,000","1,300,000","3,000,000","1,600,000","1,700,000","600,000","1,800,000","-1,000,000",,,,,,,,,,,,,,
TotalUnusualItems,,,,,,,,,,,,,,,,,,,,,,,,,,,,,,,,,,,,,,,,"-4,458,000","2,681,000","2,057,000","493,000","-4,005,000","1,861,000","1,331,000","1,368,000","-745,000","2,399,000","905,000","901,000","-106,000","-4,018,000","1,483,000","810,000","684,000","-368,000","-798,000","1,698,000","415,000","1,954,000","1,476,000","2,391,000","1,588,000","2,756,000","2,446,000","886,000","2,554,000","642,000","942,000","1,141,000","592,000","1,761,000","529,000","1,331,000","664,000","-1,316,000","1,966,000","4,795,000","3,598,000","848,000","1,734,000","-8,619,000","2,921,000","3,062,000","-1,439,000","3,582,000","343,000","2,329,000","-2,860,000","1,300,000","2,900,000","1,000,000","100,000","800,000","-2,100,000","-9,400,000","2,100,000","2,900,000","1,900,000","3,200,000","1,600,000","1,200,000","2,700,000","1,500,000","1,600,000","4,500,000","2,500,000","1,900,000","1,600,000","1,900,000","2,900,000","1,100,000","2,800,000","900,000","3,100,000","-400,000","800,000","1,200,000","1,500,000","-8,600,000","700,000","-13,800,000","3,900,000","1,500,000","1,600,000","2,500,000","1,300,000","3,000,000","1,600,000","1,700,000","600,000","1,800,000","-1,000,000",,,,,,,,,,,,,,
NormalizedEBITDA,"571,089,000","201,087,000","119,103,000","102,817,000","148,082,000","209,479,000","167,415,000","122,356,000","143,591,000","152,796,000","117,098,000","77,388,000","99,190,000","171,743,000","90,345,000","67,822,000","109,718,000","188,801,000","86,429,000","69,004,000","106,298,000","181,029,000","80,952,000","64,814,000","100,239,000","174,748,000","74,092,000","57,190,000","97,534,000","156,669,000","61,538,000","37,171,000","85,942,000","146,103,000","55,793,000","28,178,000","73,876,000","133,839,000","61,164,000","10,889,000","73,250,000","119,204,000","46,981,000","15,961,000","66,095,000","104,944,000","38,492,000","9,197,000","64,009,000","83,129,000","31,040,000","17,883,000","47,578,000","70,181,000","24,090,000","-184,000","63,434,000","114,471,000","41,308,000","21,574,000","74,761,000","127,456,000","35,727,000","20,025,000","69,402,000","114,020,000","34,317,000","41,700,000","65,542,000","105,322,000","27,712,000","23,899,000","59,091,000","89,631,000","23,802,000","20,965,000","54,348,000","70,613,000","12,232,000","15,100,000","42,221,000","62,784,000","22,250,000","12,357,000","36,765,000","65,853,000","8,024,000","16,224,000","39,468,000","65,642,000","12,900,000","11,500,000","30,800,000","55,800,000","12,700,000","5,600,000","27,700,000","45,200,000","5,100,000","23,200,000","21,800,000","39,400,000","11,000,000","10,000,000","15,900,000","33,100,000","12,700,000","7,800,000","10,200,000","34,400,000","14,600,000","14,500,000","12,900,000","29,300,000","13,200,000","-1,900,000","14,600,000","28,300,000","8,500,000","0","5,400,000","22,900,000","20,600,000","-7,500,000","5,200,000","20,200,000","18,700,000","-4,100,000","3,600,000","21,400,000","17,000,000","9,400,000","7,700,000","22,500,000","156,200,000","145,200,000","-460,500,000","209,800,000","152,700,000","128,200,000","-374,900,000","178,200,000","130,600,000","97,700,000","-286,300,000","134,100,000","101,000,000","82,000,000"
TaxRateForCalcs,"0.187","0.206","0.202","0.133","0.18","0.198","0.181","0.185","0.198","0.189","0.186","0.124","0.149","0.158","0.15","0.104","0.153","0.224","0.27","0.279","0.226","0.239","0.245","0.276","0.309","0.315","0.269","0.333","0.313","0.311","0.263","0.387","0.294","0.326","0.332","0.35","0.305","0.326","0.277","0.35","0.318","0.341","0.338","0.336","0.329","0.334","0.293","0.208","0.357","0.336","0.336","0.35","0.366","0.342","0.337","0.35","0.342","0.35","0.354","0.285","0.334","0.346","0.282","0.4","0.326","0.321","0.33","0.33","0.319","0.335","0.335","0.33","0.321","0.335","0.335","0.249","0.33","0.33","0.33","0.33","0.33","0.297","0.33","0.37","0.37","0.37","0.37","0.37","0.37","0.37","0.357","0.4","0.391","0.39","0.385","0.394","0.395","0.395","0.389","0.39","0.396","0.395","0.39","0.395","0.393","0.396","0.397","0.394","0.388","0.4","0.398","0.399","0.4","0.4","0.4","0.4","0.4","0.38","0.379","0.379","0.32","0.319","0.292","0.367","0.316","0.361","0.367","0.371","0.4","0.4","0.4","0.395","0.4","0.379",,,,,,,,,,,,,,
TaxEffectOfUnusualItems,"0","0","0","0","0","0","0","0","0","0","0","0","0","0","0","0","0","0","0","0","0","0","0","0","0","0","0","0","0","0","0","0","0","0","0","0","0","0","0","-1,560,300","852,558","700,970.553","166,534.568","-1,345,388.42","612,135.932","444,892.265","401,174.825","-155,253.782","856,419.686","303,996.393","302,926.192","-37,100","-1,468,626.051","507,834.312","273,005.023","239,400","-125,677.708","-279,381.778","601,116.144","118,292.483","653,598.308","510,132.193","673,702.04","635,200","897,681.739","785,205.433","292,381.663","842,827.811","204,865.75","315,570.506","382,189.17","195,368.014","564,964.486","177,216.179","445,849.879","165,556.861","-434,276.088","648,753.009","1,582,534.069","1,187,098.523","279,833.002","515,506.605","-2,844,811.224","1,081,188.139","1,132,926.328","-532,420.047","1,324,422.426","127,021.197","861,706.797","-1,057,729.348","464,285.714","1,160,000","390,532.544","38,987.342","307,692.308","-827,586.207","-3,716,279.07","828,614.458","1,127,777.778","741,463.415","1,268,292.683","631,847.134","468,292.683","1,065,789.474","588,785.047","633,093.525","1,787,234.043","984,848.485","737,313.433","640,000","756,637.168","1,155,797.101","440,000","1,120,000","360,000","1,240,000","-160,000","304,390.244","455,172.414","568,181.818","-2,750,450.45","223,188.406","-4,025,000","1,432,653.061","473,684.211","577,443.609","917,968.75","482,022.472","1,200,000","640,000","680,000","237,209.302","720,000","-378,787.879",,,,,,,,,,,,,,