name,ttm,03/31/2022,12/31/2021,09/30/2021,06/30/2021,03/31/2021,12/31/2020,09/30/2020,06/30/2020,03/31/2020,12/31/2019,09/30/2019,06/30/2019,03/31/2019,12/31/2018,09/30/2018,06/30/2018,03/31/2018,12/31/2017,09/30/2017,06/30/2017,03/31/2017,12/31/2016,09/30/2016,06/30/2016,03/31/2016,12/31/2015,09/30/2015
TotalRevenue,"1,291,979,000","315,323,000","395,598,000","301,091,000","279,967,000","219,811,000","319,905,000","216,113,000","139,355,000","160,660,000","215,944,000","164,203,000","159,924,000","120,987,000","160,468,000","118,825,000","112,333,000","85,668,000","102,648,000","79,413,000","72,804,000","53,352,000","72,410,000","52,956,000","47,182,000","30,378,000","42,658,000","28,768,000"
	OperatingRevenue,"1,291,979,000","315,323,000","395,598,000","301,091,000","279,967,000","219,811,000","319,905,000","216,113,000","139,355,000","160,660,000","215,944,000","164,203,000","159,924,000","120,987,000","160,468,000","118,825,000","112,333,000","85,668,000","102,648,000","79,413,000","72,804,000","53,352,000","72,410,000","52,956,000","47,182,000","30,378,000","42,658,000","28,768,000"
CostOfRevenue,"234,944,000","63,890,000","66,845,000","53,400,000","50,809,000","50,500,000","51,645,000","44,826,000","42,133,000","40,208,000","47,267,000","39,932,000","35,330,000","33,651,000","35,256,000","29,344,000","26,601,000","22,897,000","21,133,000","17,397,000","15,151,000","12,549,000","13,259,000","10,422,000","8,682,000","7,513,000","7,357,000","5,968,000"
GrossProfit,"1,057,035,000","251,433,000","328,753,000","247,691,000","229,158,000","169,311,000","268,260,000","171,287,000","97,222,000","120,452,000","168,677,000","124,271,000","124,594,000","87,336,000","125,212,000","89,481,000","85,732,000","62,771,000","81,515,000","62,016,000","57,653,000","40,803,000","59,151,000","42,534,000","38,500,000","22,865,000","35,301,000","22,800,000"
OperatingExpense,"957,055,000","268,486,000","354,114,000","167,245,000","167,210,000","161,527,000","161,828,000","128,505,000","112,994,000","109,686,000","116,027,000","102,344,000","92,645,000","81,666,000","76,244,000","67,218,000","59,570,000","52,841,000","52,197,000","43,608,000","37,959,000","38,867,000","35,114,000","27,483,000","23,466,000","19,469,000","17,316,000","13,608,000"
	SellingGeneralAndAdministration,"712,837,000","196,487,000","291,278,000","111,398,000","113,674,000","107,609,000","113,105,000","87,426,000","72,936,000","72,892,000","83,224,000","73,159,000","63,193,000","56,354,000","52,158,000","44,597,000","40,086,000","35,140,000","35,168,000","30,427,000","25,824,000","28,406,000","25,495,000","20,191,000","17,703,000","14,830,000","13,004,000","10,197,000"
		GeneralAndAdministrativeExpense,"448,615,000","125,799,000","218,777,000","52,120,000","51,919,000","51,845,000","54,365,000","42,789,000","35,865,000","38,598,000","40,293,000","37,017,000","32,121,000","33,617,000","25,094,000","21,310,000","19,396,000","19,110,000","16,631,000","14,227,000","11,658,000","15,930,000","10,721,000","8,591,000","6,452,000","6,399,000","4,740,000","3,359,000"
			OtherGandA,"448,615,000","125,799,000","218,777,000","52,120,000","51,919,000","51,845,000","54,365,000","42,789,000","35,865,000","38,598,000","40,293,000","37,017,000","32,121,000","33,617,000","25,094,000","21,310,000","19,396,000","19,110,000","16,631,000","14,227,000","11,658,000","15,930,000","10,721,000","8,591,000","6,452,000","6,399,000","4,740,000","3,359,000"
		SellingAndMarketingExpense,"264,222,000","70,688,000","72,501,000","59,278,000","61,755,000","55,764,000","58,740,000","44,637,000","37,071,000","34,294,000","42,931,000","36,142,000","31,072,000","22,737,000","27,064,000","23,287,000","20,690,000","16,030,000","18,537,000","16,200,000","14,166,000","12,476,000","14,774,000","11,600,000","11,251,000","8,431,000","8,264,000","6,838,000"
	ResearchAndDevelopment,"244,218,000","71,999,000","62,836,000","55,847,000","53,536,000","53,918,000","48,723,000","41,079,000","40,058,000","36,794,000","32,803,000","29,185,000","29,452,000","25,312,000","24,086,000","22,621,000","19,484,000","17,701,000","17,029,000","13,181,000","12,135,000","10,461,000","9,619,000","7,292,000","5,763,000","4,639,000","4,312,000","3,411,000"
OperatingIncome,"99,980,000","-17,053,000","-25,361,000","80,446,000","61,948,000","7,784,000","106,432,000","42,782,000","-15,772,000","10,766,000","52,650,000","21,927,000","31,949,000","5,670,000","48,968,000","22,263,000","26,162,000","9,930,000","29,318,000","18,408,000","19,694,000","1,936,000","24,037,000","15,051,000","15,034,000","3,396,000","17,985,000","9,192,000"
NetNonOperatingInterestIncomeExpense,"-2,061,000","-1,076,000","-474,000","-317,000","-194,000","-45,000","-84,000","-235,000","-104,000","1,092,000","956,000","1,480,000","1,286,000","997,000","220,000","237,000","32,000","-156,000","-501,000","-513,000","-413,000","-364,000","-411,000","-1,347,000","-482,000","-835,000","-425,000","-295,000"
	InterestExpenseNonOperating,,,,,,,,,,"-1,092,000",,,,,,,,"156,000","501,000","513,000","413,000","364,000","411,000","1,347,000","482,000","835,000","425,000","295,000"
	TotalOtherFinanceCost,"2,061,000","1,076,000","474,000","317,000","194,000","45,000",,"235,000","104,000",,"-956,000","-1,480,000","-1,286,000","-997,000",,"-237,000","-32,000",,,,,,,,,,,
OtherIncomeExpense,"-1,309,000","795,000","-747,000","-1,153,000","-204,000","353,000","613,000","12,000","-90,000","-1,509,000","89,000","412,000","134,000","-1,330,000","116,000","-395,000","-1,096,000","-544,000","-781,000","-1,841,000","-890,000","-428,000","-662,000","-4,740,000","-778,000","-4,429,000","-4,888,000","-1,081,000"
	GainOnSaleOfSecurity,"-1,309,000","795,000","-747,000","-1,153,000","-204,000","353,000","613,000","12,000","-352,000","-1,234,000","89,000","412,000","134,000","-1,330,000","116,000","-395,000","-1,096,000","-544,000","-781,000","-1,841,000","-890,000","-428,000","-662,000","-4,740,000","-778,000","-4,429,000","-4,885,000","-1,081,000"
	SpecialIncomeCharges,,,,,,,,,"262,000","-275,000",,,,,,,,,,,,,,,,,,
		WriteOff,,,,,,,,,"-262,000","275,000",,,,,,,,,,,,,,,,,,
	OtherNonOperatingIncomeExpenses,,"-281,000","-1,221,000",,,,"529,000","-223,000","-194,000","-417,000",,"1,892,000",,,,,,,,"-2,354,000",,,,,,,,
PretaxIncome,"96,610,000","-17,334,000","-26,582,000","78,976,000","61,550,000","8,092,000","106,961,000","42,559,000","-15,966,000","10,349,000","53,695,000","23,819,000","33,369,000","5,337,000","49,304,000","22,105,000","25,098,000","9,230,000","28,036,000","16,054,000","18,391,000","1,144,000","22,964,000","8,964,000","13,774,000","-1,868,000","12,672,000","7,816,000"
TaxProvision,"-3,912,000","-2,736,000","-34,621,000","19,592,000","13,853,000","-14,550,000","-44,941,000","1,312,000","-41,077,000","-13,708,000","2,750,000","4,397,000","5,569,000","-4,814,000","9,869,000","1,813,000","5,755,000","160,000","11,225,000","5,825,000","-458,000","-3,765,000","12,684,000","5,320,000","6,176,000","-828,000","7,022,000","3,211,000"
NetIncomeCommonStockholders,"100,522,000","-14,598,000","8,039,000","59,384,000","47,697,000","22,642,000","151,902,000","41,247,000","25,111,000","24,057,000","50,945,000","19,422,000","27,800,000","10,151,000","39,435,000","20,292,000","19,343,000","9,070,000","16,811,000","10,229,000","18,849,000","4,909,000","10,280,000","972,000","2,392,000","-48,249,000","14,968,000","1,453,000"
	NetIncome,"100,522,000","-14,598,000","8,039,000","59,384,000","47,697,000","22,642,000","151,902,000","41,247,000","25,111,000","24,057,000","50,945,000","19,422,000","27,800,000","10,151,000","39,435,000","20,292,000","19,343,000","9,070,000","16,811,000","10,229,000","18,849,000","4,909,000","10,280,000","3,644,000","7,598,000","-1,040,000","5,650,000","4,605,000"
		NetIncomeIncludingNoncontrollingInterests,"100,522,000","-14,598,000","8,039,000","59,384,000","47,697,000","22,642,000","151,902,000","41,247,000","25,111,000","24,057,000","50,945,000","19,422,000","27,800,000","10,151,000","39,435,000","20,292,000","19,343,000","9,070,000","16,811,000","10,229,000","18,849,000","4,909,000","10,280,000","3,644,000","7,598,000","-1,040,000","5,650,000","4,605,000"
			NetIncomeContinuousOperations,"100,522,000","-14,598,000","8,039,000","59,384,000","47,697,000","22,642,000","151,902,000","41,247,000","25,111,000","24,057,000","50,945,000","19,422,000","27,800,000","10,151,000","39,435,000","20,292,000","19,343,000","9,070,000","16,811,000","10,229,000","18,849,000","4,909,000","10,280,000","3,644,000","7,598,000","-1,040,000","5,650,000","4,605,000"
	PreferredStockDividends,,,,,,,,,,,,,,,,,,,,,,,,"2,672,000","5,206,000",,,"3,152,000"
	OtherunderPreferredStockDividend,,,,,,,,,,,,,,,,,,,"0","0","0","0","0","0","0","47,209,000","-2,168,000","0"
AverageDilutionEarnings,,,,,,,,,,,,,,,,,,,,,,,"0","0",,,,"0"
DilutedNIAvailtoComStockholders,"100,522,000","-14,598,000","8,039,000","59,384,000","47,697,000","22,642,000","151,902,000","41,247,000","25,111,000","24,057,000","50,945,000","19,422,000","27,800,000","10,151,000","39,435,000","20,292,000","19,343,000","9,070,000","16,811,000","10,229,000","18,849,000","4,909,000","10,280,000","972,000","2,392,000","-48,249,000","17,543,000","1,453,000"
BasicEPS,,"-0.03","0.02","0.12","0.1","0.048","0.324","0.089","0.054","0.053","0.113","0.043","0.063","0.023","0.091","0.047","0.046","0.022","0.041","0.025","0.047","0.013","0.027","0.008","0.006","-0.102",,"0.003"
DilutedEPS,,"-0.03","0.02","0.12","0.1","0.045","0.305","0.084","0.052","0.05","0.106","0.04","0.058","0.021","0.084","0.044","0.043","0.02","0.038","0.023","0.043","0.011","0.024","0.006","0.006","-0.102",,"0.003"
BasicAverageShares,,"484,190,000","480,873,000","478,101,000","475,512,000","472,820,000","469,170,000","465,820,000","461,360,000","455,010,000","450,360,000","447,710,000","444,040,000","439,060,000","432,230,000","427,210,000","421,740,000","416,290,000","411,080,000","407,000,000","400,460,000","391,670,000","385,880,000","126,290,000","382,292,760","472,816,000",,"472,816,000"
DilutedAverageShares,,"484,190,000","500,314,000","498,912,000","496,987,000","497,920,000","497,540,000","492,200,000","486,540,000","483,130,000","480,340,000","480,370,000","478,280,000","473,140,000","467,770,000","465,760,000","452,420,000","445,430,000","444,640,000","442,450,000","439,440,000","435,570,000","430,230,000","170,640,000","382,292,760","497,916,000",,"497,916,000"
TotalOperatingIncomeAsReported,"99,980,000","-17,053,000","-25,361,000","80,446,000","61,948,000","7,784,000","106,432,000","42,782,000","-15,772,000","10,766,000","52,650,000","21,927,000","31,949,000","5,670,000","48,968,000","22,263,000","26,162,000","9,930,000","29,318,000","18,408,000","19,694,000","1,936,000","24,037,000","15,051,000","15,034,000","3,396,000","17,985,000","9,192,000"
TotalExpenses,"1,191,999,000","332,376,000","420,959,000","220,645,000","218,019,000","212,027,000","213,473,000","173,331,000","155,127,000","149,894,000","163,294,000","142,276,000","127,975,000","115,317,000","111,500,000","96,562,000","86,171,000","75,738,000","73,330,000","61,005,000","53,110,000","51,416,000","48,373,000","37,905,000","32,148,000","26,982,000","24,673,000","19,576,000"
NetIncomeFromContinuingAndDiscontinuedOperation,"100,522,000","-14,598,000","8,039,000","59,384,000","47,697,000","22,642,000","151,902,000","41,247,000","25,111,000","24,057,000","50,945,000","19,422,000","27,800,000","10,151,000","39,435,000","20,292,000","19,343,000","9,070,000","16,811,000","10,229,000","18,849,000","4,909,000","10,280,000","3,644,000","7,598,000","-1,040,000","5,650,000","4,605,000"
NormalizedIncome,"101,307,400","-15,267,517.134","8,584,310","60,248,750","47,854,080","22,384,310","151,454,510","41,235,360","25,176,700","25,158,570","50,860,558.153","19,084,160","27,688,780","11,121,900","39,342,219.293","20,654,610","20,188,016","9,604,752","17,279,600","11,401,717","19,716,750","5,165,800","10,677,200","6,488,000","8,064,800","1,617,400","8,581,000","5,253,600"
InterestExpense,,,,,,,,,,"-1,092,000",,,,,,,,"156,000","501,000","513,000","413,000","364,000","411,000","1,347,000","482,000","835,000","425,000","295,000"
NetInterestIncome,"-2,061,000","-1,076,000","-474,000","-317,000","-194,000","-45,000","-84,000","-235,000","-104,000","1,092,000","956,000","1,480,000","1,286,000","997,000","220,000","237,000","32,000","-156,000","-501,000","-513,000","-413,000","-364,000","-411,000","-1,347,000","-482,000","-835,000","-425,000","-295,000"
EBIT,"99,980,000","-17,053,000","-25,361,000","80,446,000","61,948,000","7,784,000","106,432,000","42,782,000","-15,772,000","9,257,000","52,650,000","21,927,000","31,949,000","5,670,000","48,932,000","22,263,000","26,162,000","9,386,000","28,537,000","16,567,000","18,804,000","1,508,000","23,375,000","10,311,000","14,256,000","-1,033,000","13,097,000","8,111,000"
EBITDA,"144,538,000"
ReconciledCostOfRevenue,"234,944,000","63,890,000","66,845,000","53,400,000","50,809,000","50,500,000","51,645,000","44,826,000","42,133,000","40,208,000","47,267,000","39,932,000","35,330,000","33,651,000","35,256,000","29,344,000","26,601,000","22,897,000","21,133,000","17,397,000","15,151,000","12,549,000","13,259,000","10,422,000","8,682,000","7,513,000","7,357,000","5,968,000"
ReconciledDepreciation,"44,558,000","12,350,000","12,250,000","8,952,000","11,006,000","10,011,000","7,855,000","7,517,000","6,783,000","6,477,000","6,416,000","5,969,000","4,821,000","4,456,000","3,715,000","3,277,000","2,579,000","2,251,000","2,052,000","1,968,000","1,696,000","1,493,000","1,186,000","959,000","834,000","819,000","705,000","430,000"
NetIncomeFromContinuingOperationNetMinorityInterest,"100,522,000","-14,598,000","8,039,000","59,384,000","47,697,000","22,642,000","151,902,000","41,247,000","25,111,000","24,057,000","50,945,000","19,422,000","27,800,000","10,151,000","39,435,000","20,292,000","19,343,000","9,070,000","16,811,000","10,229,000","18,849,000","4,909,000","10,280,000","3,644,000","7,598,000","-1,040,000","5,650,000","4,605,000"
TotalUnusualItemsExcludingGoodwill,"-1,309,000","795,000","-747,000","-1,153,000","-204,000","353,000","613,000","12,000","-90,000","-1,509,000","89,000","412,000","134,000","-1,330,000","116,000","-395,000","-1,096,000","-544,000","-781,000","-1,841,000","-890,000","-428,000","-662,000","-4,740,000","-778,000","-4,429,000","-4,885,000","-1,081,000"
TotalUnusualItems,"-1,309,000","795,000","-747,000","-1,153,000","-204,000","353,000","613,000","12,000","-90,000","-1,509,000","89,000","412,000","134,000","-1,330,000","116,000","-395,000","-1,096,000","-544,000","-781,000","-1,841,000","-890,000","-428,000","-662,000","-4,740,000","-778,000","-4,429,000","-4,885,000","-1,081,000"
NormalizedEBITDA,"145,847,000","-5,498,000","-12,364,000","90,551,000","73,158,000","17,442,000","113,674,000","50,287,000","-8,899,000","17,243,000","58,977,000","27,484,000","36,636,000","11,456,000","52,531,000","25,935,000","29,837,000","12,181,000","31,370,000","20,376,000","21,390,000","3,429,000","25,223,000","16,010,000","15,868,000","4,215,000","18,687,000","9,622,000"
TaxRateForCalcs,"0.4","0.158","0.27","0.25","0.23","0.27","0.27","0.03","0.27","0.27","0.051","0.18","0.17","0.27","0.2","0.082","0.229","0.017","0.4","0.363","0.025","0.4","0.4","0.4","0.4","0.4","0.4","0.4"
TaxEffectOfUnusualItems,"-523,600","125,482.866","-201,690","-288,250","-46,920","95,310","165,510","360","-24,300","-407,430","4,558.153","74,160","22,780","-359,100","23,219.293","-32,390","-250,984","-9,248","-312,400","-668,283","-22,250","-171,200","-264,800","-1,896,000","-311,200","-1,771,600","-1,954,000","-432,400"