name,ttm,03/31/2022,12/31/2021,09/30/2021,06/30/2021,03/31/2021,12/31/2020,09/30/2020,06/30/2020,03/31/2020,12/31/2019,09/30/2019,06/30/2019,03/31/2019,12/31/2018,09/30/2018,06/30/2018,03/31/2018,12/31/2017,09/30/2017,06/30/2017,03/31/2017,12/31/2016,09/30/2016,06/30/2016,03/31/2016,12/31/2015,09/30/2015,06/30/2015,03/31/2015,12/31/2014,09/30/2014,06/30/2014,03/31/2014,12/31/2013,09/30/2013,06/30/2013,03/31/2013,12/31/2012,09/30/2012,06/30/2012,03/31/2012,12/31/2011,09/30/2011,06/30/2011,03/31/2011,12/31/2010,09/30/2010,06/30/2010,03/31/2010,12/31/2009,09/30/2009,06/30/2009,03/31/2009,12/31/2008,09/30/2008,06/30/2008,03/31/2008,12/31/2007,09/30/2007,06/30/2007,03/31/2007,12/31/2006,09/30/2006,06/30/2006,03/31/2006,12/31/2005,09/30/2005,06/30/2005,03/31/2005,12/31/2004,09/30/2004,06/30/2004,03/31/2004,12/31/2003,09/30/2003,06/30/2003,03/31/2003,12/31/2002,09/30/2002,06/30/2002,03/31/2002,12/31/2001,09/30/2001,06/30/2001,03/31/2001,12/31/2000,09/30/2000,06/30/2000,03/31/2000,12/31/1999,09/30/1999,06/30/1999,03/31/1999,12/31/1998,09/30/1998,06/30/1998,03/31/1998,12/31/1997,09/30/1997,06/30/1997,03/31/1997,12/31/1996,09/30/1996,06/30/1996,03/31/1996,12/31/1995,09/30/1995,06/30/1995,03/31/1995,12/31/1994,09/30/1994,06/30/1994,03/31/1994,12/31/1993,09/30/1993,06/30/1993,03/31/1993,12/31/1992,09/30/1992,06/30/1992,03/31/1992,12/31/1991,09/30/1991,06/30/1991,03/31/1991,12/31/1990
TotalRevenue,"3,404,900,000","852,744,000","858,510,000","892,013,000","801,633,000","754,764,000","765,104,000","753,364,000","709,771,000","734,133,000","797,623,000","841,502,000","825,793,000","722,621,000","717,431,000","739,343,000","764,795,000","700,262,000","759,749,000","735,189,000","685,539,000","663,781,000","668,851,000","728,508,000","666,869,000","627,384,000","560,708,000","578,394,000","575,108,000","564,763,000","581,056,000","622,179,000","629,502,000","586,285,000","645,848,000","698,376,000","614,835,000","641,999,000","658,545,000","719,405,000","684,698,000","624,345,000","682,627,000","675,662,000","673,792,000","612,566,000","611,124,000","627,382,000","562,365,000","469,528,000","541,957,000","575,120,000","551,376,000","522,305,000","638,683,000","649,204,000","564,277,000","461,386,000","470,387,000","434,765,000","403,951,000","346,019,000","369,153,000","395,565,000","359,055,000","318,892,000","341,192,000","295,260,000","349,616,000","209,809,000","243,097,000","393,532,000","375,527,000","242,818,000","241,705,000","255,128,000","231,792,000","192,870,000","233,080,000","192,317,000","185,436,000","178,076,000","184,889,000","191,720,000","191,548,000","179,658,000","167,138,000","370,093,000","156,468,000","138,846,000","129,200,000","125,200,000","120,700,000","97,000,000","89,200,000","182,300,000","75,100,000","92,700,000","66,400,000","75,400,000","60,900,000","55,500,000","54,900,000","101,700,000","40,300,000","40,100,000","38,000,000","35,400,000","29,200,000","27,900,000","27,600,000","31,200,000","23,100,000","21,700,000","20,500,000","37,500,000","12,800,000","12,500,000","11,700,000","34,200,000","17,000,000","10,900,000","9,500,000","12,900,000","12,900,000","12,900,000","12,800,000"
	OperatingRevenue,"3,404,900,000","852,744,000","858,510,000","892,013,000","801,633,000","754,764,000","765,104,000","753,364,000","709,771,000","734,133,000","797,623,000","841,502,000","825,793,000","722,621,000","717,431,000","739,343,000","764,795,000","700,262,000","759,749,000","735,189,000","685,539,000","663,781,000","668,851,000","728,508,000","666,869,000","627,384,000","560,708,000","578,394,000","575,108,000","564,763,000","581,056,000","622,179,000","629,502,000","586,285,000","645,848,000","698,376,000","614,835,000","641,999,000","658,545,000","719,405,000","684,698,000","624,345,000","682,627,000","675,662,000","673,792,000","612,566,000","611,124,000","627,382,000","562,365,000","469,528,000","541,957,000","575,120,000","551,376,000","522,305,000","638,683,000","649,204,000","564,277,000","461,386,000","470,387,000","434,765,000","403,951,000","346,019,000","369,153,000","395,565,000","359,055,000","318,892,000","341,192,000","295,260,000","349,616,000","209,809,000","243,097,000","393,532,000","375,527,000","242,818,000","241,705,000","255,128,000","231,792,000","192,870,000","233,080,000","192,317,000","185,436,000","178,073,000","184,889,000","191,720,000","191,548,000","179,658,000","167,138,000","370,093,000","156,468,000","138,846,000","129,200,000","125,200,000","120,700,000","97,000,000","89,200,000","182,300,000","75,100,000","92,700,000","66,400,000","75,400,000","60,900,000","55,500,000","54,900,000","101,700,000","40,300,000","40,100,000","38,000,000","35,400,000","29,200,000","27,900,000","27,600,000","31,200,000","23,100,000","21,700,000","20,500,000","37,500,000","12,800,000","12,500,000","11,700,000","34,200,000","17,000,000","10,900,000","9,500,000","12,900,000","12,900,000","12,900,000","12,800,000"
CostOfRevenue,"2,860,354,000","717,571,000","718,744,000","748,103,000","675,937,000","642,280,000","648,794,000","627,963,000","595,374,000","637,133,000","687,886,000","746,460,000","707,806,000","626,150,000","618,747,000","650,050,000","655,201,000","608,837,000","665,604,000","634,165,000","595,289,000","582,779,000","587,490,000","631,329,000","581,786,000","552,595,000","487,548,000","492,918,000","493,390,000","494,966,000","502,257,000","572,712,000","552,065,000","517,213,000","559,385,000","610,454,000","609,091,000","556,879,000","570,342,000","630,824,000","586,972,000","536,368,000","597,907,000","578,393,000","591,419,000","537,705,000","535,471,000","545,380,000","489,967,000","406,023,000","472,174,000","502,827,000","476,707,000","455,984,000","574,342,000","574,924,000","498,387,000","403,618,000","414,138,000","377,699,000","349,938,000","300,872,000","324,734,000","347,892,000","315,803,000","272,331,000","296,805,000","246,197,000","308,450,000","226,491,000","202,053,000","377,168,000","332,104,000","194,701,000","193,846,000","203,788,000","181,921,000","151,075,000","195,472,000","150,718,000","148,607,000","142,851,000","139,977,000","145,793,000","147,022,000","138,254,000","130,429,000","316,170,000","114,075,000","107,090,000","98,300,000","87,100,000","85,400,000","71,900,000","68,200,000","158,200,000","52,500,000","73,900,000","51,700,000","56,900,000","47,000,000","44,100,000","44,700,000","89,700,000","29,700,000","29,800,000","28,500,000","27,900,000","23,400,000","22,200,000","22,300,000","25,400,000","18,600,000","17,600,000","16,500,000","33,300,000","9,300,000","9,400,000","8,900,000","31,400,000","8,100,000","8,300,000","7,200,000",,,,
GrossProfit,"544,546,000","135,173,000","139,766,000","143,910,000","125,696,000","112,484,000","116,310,000","125,401,000","114,397,000","97,000,000","109,737,000","95,042,000","117,987,000","96,471,000","98,684,000","89,293,000","109,594,000","91,425,000","94,145,000","101,024,000","90,250,000","81,002,000","81,361,000","97,179,000","85,083,000","74,789,000","73,160,000","85,476,000","81,718,000","69,797,000","78,799,000","49,467,000","77,437,000","69,072,000","86,463,000","87,922,000","5,744,000","85,120,000","88,203,000","88,581,000","97,726,000","87,977,000","84,720,000","97,269,000","82,373,000","74,861,000","75,653,000","82,002,000","72,398,000","63,505,000","69,783,000","72,293,000","74,669,000","66,321,000","64,341,000","74,280,000","65,890,000","57,768,000","56,249,000","57,066,000","54,013,000","45,147,000","44,419,000","47,673,000","43,252,000","46,561,000","44,387,000","49,063,000","41,166,000","-16,682,000","41,044,000","16,364,000","43,423,000","48,117,000","47,859,000","51,340,000","49,871,000","41,795,000","37,608,000","41,599,000","36,829,000","35,225,000","44,912,000","45,927,000","44,526,000","41,404,000","36,709,000","53,923,000","42,393,000","31,756,000","30,900,000","38,100,000","35,300,000","25,100,000","21,000,000","24,100,000","22,600,000","18,800,000","14,700,000","18,500,000","13,900,000","11,400,000","10,200,000","12,000,000","10,600,000","10,300,000","9,500,000","7,500,000","5,800,000","5,700,000","5,300,000","5,800,000","4,500,000","4,100,000","4,000,000","4,200,000","3,500,000","3,100,000","2,800,000","2,800,000","8,900,000","2,600,000","2,300,000",,,,
OperatingExpense,"234,437,000","60,653,000","52,546,000","65,184,000","55,859,000","51,907,000","50,058,000","56,316,000","50,822,000","51,041,000","46,435,000","55,214,000","53,146,000","48,898,000","42,973,000","43,866,000","53,906,000","46,791,000","45,556,000","46,151,000","44,366,000","45,195,000","41,506,000","47,359,000","44,993,000","40,406,000","39,229,000","44,761,000","40,997,000","42,512,000","42,187,000","48,520,000","47,175,000","44,229,000","47,375,000","48,193,000","56,744,000","47,453,000","46,394,000","40,110,000","51,465,000","52,434,000","48,627,000","53,836,000","42,965,000","45,605,000","41,328,000","44,877,000","39,692,000","39,978,000","38,666,000","39,600,000","41,918,000","38,491,000","35,725,000","43,471,000","37,840,000","32,939,000","33,538,000","32,597,000","31,928,000","26,769,000","23,054,000","27,665,000","27,112,000","30,337,000","27,264,000","31,615,000","25,824,000","145,603,000","25,216,000","31,527,000","25,984,000","24,152,000","23,918,000","22,199,000","24,307,000","20,471,000","20,485,000","26,183,000","22,793,000","25,054,000","24,111,000","19,676,000","60,046,000","21,043,000","18,559,000","30,065,000","22,720,000","15,776,000","16,200,000","20,200,000","19,800,000","13,100,000","10,900,000","11,800,000","11,200,000","9,900,000","7,500,000","9,400,000","7,800,000","6,600,000","5,900,000","7,600,000","5,800,000","5,900,000","5,500,000","3,900,000","2,800,000","2,900,000","2,900,000","3,000,000","2,200,000","2,000,000","1,900,000","2,000,000","1,700,000","1,600,000","1,500,000","1,100,000","1,500,000","1,400,000","1,300,000",,,,
	SellingGeneralAndAdministration,"234,437,000","60,653,000","52,546,000","65,184,000","55,859,000","51,907,000","50,058,000","56,316,000","50,822,000","51,041,000","46,435,000","55,214,000","53,146,000","48,898,000","42,973,000","43,866,000","53,906,000","46,791,000","45,556,000","46,151,000","44,366,000","45,195,000","41,506,000","47,359,000","44,993,000","40,406,000","39,229,000","44,761,000","40,997,000","42,512,000","42,187,000","48,520,000","47,175,000","44,229,000","47,375,000","48,193,000","56,744,000","47,453,000","46,394,000","59,356,000","51,465,000","52,434,000","48,627,000","53,836,000","42,965,000","45,605,000","41,328,000","44,877,000","39,692,000","39,978,000","38,666,000","39,600,000","41,918,000","38,491,000","35,725,000","43,471,000","37,840,000","32,939,000","33,538,000","32,597,000","31,928,000","26,769,000","23,054,000","27,665,000","27,112,000","30,337,000","27,264,000","31,615,000","25,824,000","39,991,000","25,216,000","31,527,000","25,984,000","24,152,000","23,918,000","22,922,000","23,900,000","20,290,000","20,350,000","34,165,000","20,132,000","22,394,000","21,450,000","26,305,000","57,616,000","18,868,000","18,559,000","27,643,000","18,810,000","11,999,000","12,600,000","16,200,000","15,600,000","10,600,000","8,900,000","10,300,000","9,300,000","8,100,000","6,100,000","7,800,000","6,800,000","5,700,000","5,000,000","6,700,000","5,000,000","5,000,000","4,500,000","3,400,000","2,300,000","2,500,000","2,400,000","2,500,000","1,900,000","1,700,000","1,600,000","1,600,000","1,400,000","1,400,000","1,300,000","1,000,000","1,200,000","1,200,000","1,100,000",,,,
	DepreciationAmortizationDepletionIncomeStatement,,,,,,,,,,,,,,,,,,,,,,,,,,,,,,,,,,,,,,,,,,,,,,,,,,,,,,,,,,,,,,,,,,,,,,,,,,,,,"407,000","181,000","135,000",,"2,661,000","2,660,000","2,661,000",,"2,430,000","2,175,000",,"2,422,000","3,910,000","3,777,000","3,600,000","4,000,000","4,200,000","2,500,000","2,000,000","1,500,000","1,900,000","1,800,000","1,400,000","1,600,000","1,000,000","900,000","900,000","900,000","800,000","900,000","1,000,000","500,000","500,000","400,000","500,000","500,000","300,000","300,000","300,000","400,000","300,000","200,000","200,000","100,000","300,000","200,000","200,000",,,,
		DepreciationAndAmortizationInIncomeStatement,,,,,,,,,,,,,,,,,,,,,,,,,,,,,,,,,,,,,,,,,,,,,,,,,,,,,,,,,,,,,,,,,,,,,,,,,,,,,"407,000","181,000","135,000",,"2,661,000","2,660,000","2,661,000",,"2,430,000","2,175,000",,"2,422,000","3,910,000","3,777,000","3,600,000","4,000,000","4,200,000","2,500,000","2,000,000","1,500,000","1,900,000","1,800,000","1,400,000","1,600,000","1,000,000","900,000","900,000","900,000","800,000","900,000","1,000,000","500,000","500,000","400,000","500,000","500,000","300,000","300,000","300,000","400,000","300,000","200,000","200,000","100,000","300,000","200,000","200,000",,,,
			Amortization,,,,,,,,,,,,,,,,,,,,,,,,,,,,,,,,,,,,,,,,,,,,,,,,,,,,,,,,,,,,,,,,,,,,,,,,,,,,,"407,000","181,000","135,000",,"2,661,000","2,660,000","2,661,000",,"2,430,000","2,175,000",,,,,,,,,,,,,,,,,,,,,,,,,,,,,,,,,,,,,,,,,
				AmortizationOfIntangiblesIncomeStatement,,,,,,,,,,,,,,,,,,,,,,,,,,,,,,,,,,,,,,,,,,,,,,,,,,,,,,,,,,,,,,,,,,,,,,,,,,,,,"407,000","181,000","135,000",,"2,661,000","2,660,000","2,661,000",,"2,430,000","2,175,000",,,,,,,,,,,,,,,,,,,,,,,,,,,,,,,,,,,,,,,,,
	OtherOperatingExpenses,,,,,,,,,,,,,,,,,,,,,,,,,,,,,,,,,,,,,,,,,,,,,,,,,,,,,,,,,,,,,,,,,,,,"0",,"105,612,000",,,,,,,,,,,,,,,,,,,,,,,,,,,,,,,,,,,,,,,,,,,,,,,,,,,,,,,,,
OperatingIncome,"310,109,000","74,520,000","87,220,000","78,726,000","69,837,000","60,577,000","66,252,000","69,085,000","63,575,000","45,959,000","63,302,000","39,828,000","64,841,000","47,573,000","55,711,000","45,427,000","55,688,000","44,634,000","48,589,000","54,873,000","45,884,000","35,807,000","39,855,000","49,820,000","40,090,000","34,383,000","33,931,000","40,715,000","40,721,000","27,285,000","36,612,000","947,000","30,262,000","24,843,000","39,088,000","39,729,000","-51,000,000","37,667,000","41,809,000","48,471,000","46,261,000","35,543,000","36,093,000","43,433,000","39,408,000","29,256,000","34,325,000","37,125,000","32,706,000","23,527,000","31,117,000","32,693,000","32,751,000","27,830,000","28,616,000","30,809,000","28,050,000","24,829,000","22,711,000","24,469,000","22,085,000","18,378,000","21,365,000","20,008,000","16,140,000","16,224,000","17,123,000","17,448,000","15,342,000","-162,285,000","15,828,000","-15,163,000","17,439,000","23,965,000","23,941,000","29,141,000","25,564,000","21,324,000","17,123,000","15,416,000","14,036,000","10,171,000","20,801,000","26,251,000","-15,520,000","20,361,000","18,150,000","23,858,000","19,673,000","15,980,000","14,700,000","17,900,000","15,500,000","12,000,000","10,100,000","12,300,000","11,400,000","8,900,000","7,200,000","9,100,000","6,100,000","4,800,000","4,300,000","4,400,000","4,800,000","4,400,000","4,000,000","3,600,000","3,000,000","2,800,000","2,400,000","2,800,000","2,300,000","2,100,000","2,100,000","2,200,000","1,800,000","1,500,000","1,300,000","1,700,000","7,400,000","1,200,000","1,000,000","-35,100,000","12,900,000","12,900,000","12,800,000"
NetNonOperatingInterestIncomeExpense,"-12,030,000","-3,144,000","-2,904,000","-3,246,000","-2,737,000","-2,823,000","-3,026,000","-2,688,000","-3,564,000","-3,501,000","-3,349,000","-4,019,000","-3,546,000","-3,164,000","-2,897,000","-3,927,000","-4,345,000","-4,092,000","-3,160,000","-2,779,000","-2,795,000","-3,099,000","-2,908,000","-2,888,000","-2,590,000","-4,251,000","-1,660,000","-1,742,000","-2,026,000","-1,804,000","-1,790,000","-2,117,000","-2,454,000","-2,496,000","-2,424,000","-2,356,000","-2,010,000","-2,136,000","-1,185,000","-1,389,000","-1,419,000","-1,453,000","-1,311,000","-1,452,000","-1,703,000","-1,471,000","-1,305,000","-444,000","-336,000","-352,000","-256,000","-444,000","-473,000","-852,000",,,,,,,,,,,,,,,,,,,,,,,,,,,,,,,,,,,,,,,,,,,,,,,,,,,,,,,,,,,,,,,,,,,,,,,,,
	InterestIncomeNonOperating,,,,"254,000",,,,"293,000",,,,,,,,,,,,,,,,,,,,,,,,"201,000",,,,,,,,,,,,,,,,,,,,,,,,,,,,,,,,,,,,,,,,,,,,,,,,,,,,,,,,,,,,,,,,,,,,,,,,,,,,,,,,,,,,,,,,,,,,,,,
	InterestExpenseNonOperating,"12,947,000","3,144,000","2,904,000","4,163,000","2,737,000","2,823,000","3,026,000","4,063,000","3,564,000","3,501,000","3,349,000","5,751,000","3,546,000","3,164,000","2,897,000","5,751,000","4,345,000","4,092,000","3,160,000","3,508,000","2,795,000","3,099,000","2,908,000","3,884,000","2,590,000","4,251,000","1,660,000","2,422,000","2,026,000","1,804,000","1,790,000","2,921,000","2,454,000","2,496,000","2,424,000","3,359,000","2,010,000","2,136,000","1,185,000","2,262,000","1,419,000","1,453,000","1,311,000","1,452,000","1,703,000","1,471,000","1,305,000","1,245,000","336,000","352,000","256,000","998,000","473,000","852,000",,,,,,,,,,,,,,,,,,,,,,,,,,,,,,,,,,,,,,,,,,,,,,,,,,,,,,,,,,,,,,,,,,,,,,,,,
	TotalOtherFinanceCost,,,,,,,,,,,,,,,,,,,,,,,,,,,,,,,,,,,,,,,,,,,,,"1,703,000",,,,,,,,,,,,,,,,,,,,,,,,,,,,,,,,,,,,,,,,,,,,,,,,,,,,,,,,,,,,,,,,,,,,,,,,,,,,,,,,,,
OtherIncomeExpense,,,,"3,110,000","-30,000","230,000",,"-2,350,000","-50,000","1,571,000",,"-19,163,000",,"-28,000",,"-2,142,000","-192,000","-1,918,000",,"-226,000",,"7,149,000",,"-2,632,000","-1,005,000","-17,733,000","-1,001,000","-60,763,000",,"3,113,000",,"23,816,000","8,905,000","21,343,000","4,630,000","898,000","-48,884,000",,,"17,287,000",,,,,,,,,,,,,,,,,,,,"0",,,"-4,226,000",,,,,"0",,"-105,612,000",,,,,,,,,,,,,,,,,,,,,,,"100,000","100,000","100,000","100,000","100,000","100,000","100,000","100,000","100,000","100,000","100,000","900,000","-200,000","-200,000","-200,000","600,000","200,000","100,000","100,000","200,000","100,000","100,000","100,000","100,000",,"100,000",,,"-6,000,000",,,,,,
	SpecialIncomeCharges,,,,"3,110,000","-30,000","230,000",,"-2,350,000","-50,000","1,571,000",,"-19,163,000","0","-28,000",,"-2,142,000","-192,000","-1,918,000",,"-226,000","0","7,149,000","0","-2,632,000","-1,005,000","-17,733,000","-1,001,000","-60,763,000","0","3,113,000","0","23,816,000","8,905,000","21,343,000","4,630,000","898,000","-48,884,000",,,"17,287,000",,,,,,,,,,,,,,,,,,,,"0",,,"-4,226,000",,,,,"0",,"-105,612,000",,,,,,,,,,,,,,,,,,,,,,,"100,000","100,000","100,000","100,000","100,000","100,000","100,000","100,000","100,000","100,000","100,000","900,000","-200,000","-200,000","-200,000","600,000","200,000","100,000","100,000","200,000","100,000","100,000","100,000","100,000",,"100,000",,,"-6,000,000",,,,,,
		RestructuringAndMergernAcquisition,,,,"-3,110,000","30,000","-230,000",,"-13,450,000","50,000","-1,571,000",,"11,408,000","0","28,000",,"2,142,000","192,000","1,918,000",,"226,000","0","-7,149,000","0","2,632,000","1,005,000","17,733,000","1,001,000","0","0","-3,113,000","0","-23,816,000","-8,905,000","-21,343,000","-4,630,000","-898,000","-7,716,000",,,"-17,287,000",,,,,,,,,,,,,,,,,,,,,,,,,,,,,,,,,,,,,,,,,,,,,,,,,,,,,,,,,,,,,,,,,,,,,,,,,,,,,,,,,,,,,,,
		ImpairmentOfCapitalAssets,,,,"0",,,,"15,800,000",,,,"7,755,000",,,,,,,,,,,,,,,,"60,763,000",,,,"0","0",,,"0","56,600,000",,,,,,,,,,,,,,,,,,,,,,,,,,,,,,,,,,,,,,,,,,,,,,,,,,,,,,,,,,,,,,,,,,,,,,,,,,,,,,,,,,,,,,,,,,
PretaxIncome,"301,352,000","71,376,000","84,316,000","78,590,000","67,070,000","57,984,000","63,226,000","64,047,000","59,961,000","44,029,000","59,953,000","16,646,000","61,295,000","44,381,000","52,814,000","39,358,000","51,151,000","38,624,000","45,429,000","51,868,000","43,089,000","39,857,000","36,947,000","44,300,000","36,495,000","12,399,000","31,270,000","-21,790,000","38,695,000","28,594,000","34,822,000","22,646,000","36,713,000","43,690,000","41,294,000","38,271,000","-101,894,000","35,531,000","40,624,000","47,082,000","44,842,000","34,090,000","34,782,000","41,981,000","37,705,000","27,785,000","33,020,000","36,681,000","32,370,000","23,175,000","30,861,000","32,249,000","32,278,000","26,978,000","27,700,000","30,422,000","27,567,000","23,373,000","22,051,000","24,080,000","21,428,000","17,883,000","16,390,000","20,227,000","14,928,000","14,351,000","14,891,000","15,045,000","11,887,000","-165,112,000","13,350,000","-17,873,000","15,052,000","21,716,000","21,569,000","26,586,000","23,018,000","19,043,000","15,231,000","15,881,000","11,801,000","8,691,000","18,596,000","24,180,000","-17,798,000","18,161,000","16,156,000","21,491,000","17,715,000","14,507,000","13,500,000","16,400,000","15,000,000","11,400,000","9,500,000","11,600,000","9,700,000","8,100,000","7,200,000","9,000,000","6,200,000","5,000,000","4,400,000","5,400,000","4,400,000","3,800,000","3,400,000","4,100,000","3,200,000","2,800,000","2,600,000","3,000,000","2,400,000","2,100,000","2,000,000","2,400,000","1,800,000","1,600,000","1,400,000","1,700,000","1,500,000","1,200,000","800,000",,,,
TaxProvision,"44,949,000","18,327,000","15,817,000","-4,341,000","15,146,000","12,456,000","10,778,000","19,391,000","14,458,000","7,616,000","12,636,000","5,112,000","12,044,000","-11,563,000","10,782,000","10,545,000","17,806,000","9,877,000","-623,000","17,382,000","13,114,000","12,990,000","10,358,000","13,116,000","10,805,000","8,661,000","8,030,000","9,891,000","12,443,000","9,584,000","9,176,000","-83,000","10,002,000","11,781,000","13,967,000","12,930,000","-23,779,000","10,659,000","14,228,000","16,542,000","15,674,000","11,769,000","12,079,000","14,582,000","12,957,000","9,704,000","10,266,000","13,540,000","11,731,000","8,846,000","12,152,000","11,754,000","1,267,000","7,764,000","11,392,000","12,224,000","11,432,000","9,700,000","9,151,000","9,947,000","9,026,000","7,500,000","6,964,000","8,735,000","6,549,000","6,246,000","6,403,000","5,197,000","4,483,000","-41,279,000","5,447,000","-6,613,000","6,021,000","8,687,000","8,627,000","10,852,000","9,207,000","7,618,000","6,092,000","8,716,000","3,701,000","3,389,000","7,253,000","9,430,000","-13,969,000","7,627,000","6,786,000","6,657,000","7,795,000","6,383,000","5,900,000","7,700,000","6,500,000","4,900,000","4,100,000","5,100,000","4,200,000","3,600,000","3,100,000","3,800,000","2,600,000","2,100,000","1,800,000","2,300,000","1,800,000","1,500,000","1,400,000","1,600,000","1,300,000","1,100,000","1,000,000","1,200,000","1,000,000","800,000","800,000","1,000,000","700,000","600,000","600,000","700,000","600,000","500,000","300,000",,,,
NetIncomeCommonStockholders,"256,386,000","53,040,000","68,489,000","82,954,000","51,903,000","45,517,000","52,436,000","44,654,000","45,497,000","36,397,000","47,310,000","11,527,000","49,233,000","55,911,000","41,997,000","28,801,000","33,322,000","28,725,000","46,034,000","34,467,000","29,983,000","26,862,000","26,562,000","31,105,000","25,694,000","3,744,000","23,239,000","-31,724,000","26,206,000","19,017,000","25,575,000","22,586,000","26,657,000","31,709,000","27,315,000","25,201,000","-78,385,000","24,820,000","26,224,000","30,432,000","29,054,000","22,284,000","22,610,000","26,400,000","23,839,000","17,500,000","22,301,000","23,141,000","20,639,000","14,329,000","18,709,000","20,495,000","31,011,000","19,214,000","16,308,000","18,198,000","16,135,000","13,673,000","12,900,000","14,090,000","12,428,000","10,409,000","9,426,000","11,771,000","7,846,000","8,964,000","8,023,000","9,057,000","7,404,000","-123,833,000","7,903,000","-11,260,000","9,031,000","13,029,000","12,942,000","15,734,000","13,811,000","11,425,000","9,139,000","7,165,000","8,100,000","5,302,000","11,343,000","14,750,000","-3,829,000","10,534,000","9,370,000","14,834,000","9,920,000","8,124,000","7,600,000","8,700,000","8,500,000","6,500,000","5,400,000","6,500,000","5,500,000","4,500,000","4,100,000","5,200,000","3,600,000","2,900,000","2,600,000","3,100,000","2,600,000","2,300,000","2,000,000","2,500,000","1,900,000","1,700,000","1,600,000","1,800,000","1,400,000","1,300,000","1,200,000","1,400,000","1,100,000","1,000,000","800,000","1,000,000","900,000","700,000","500,000","600,000","600,000","600,000","500,000"
	NetIncome,"256,386,000","53,040,000","68,489,000","82,954,000","51,903,000","45,517,000","52,436,000","44,654,000","45,497,000","36,397,000","47,310,000","11,527,000","49,233,000","55,911,000","41,997,000","28,801,000","33,322,000","28,725,000","46,034,000","34,467,000","29,983,000","26,862,000","26,562,000","31,105,000","25,694,000","3,744,000","23,239,000","-31,724,000","26,206,000","19,017,000","25,575,000","22,586,000","26,657,000","31,709,000","27,315,000","25,201,000","-78,385,000","24,820,000","26,224,000","30,432,000","29,054,000","22,284,000","22,610,000","26,400,000","23,839,000","17,500,000","22,301,000","23,141,000","20,639,000","14,329,000","18,709,000","20,495,000","31,011,000","19,214,000","16,308,000","18,198,000","16,135,000","13,673,000","12,900,000","14,090,000","12,428,000","10,409,000","9,426,000","11,771,000","7,846,000","8,964,000","8,023,000","9,057,000","7,404,000","-123,833,000","7,903,000","-11,260,000","9,031,000","13,029,000","12,942,000","15,734,000","13,811,000","11,425,000","9,139,000","7,165,000","8,100,000","5,302,000","11,343,000","14,750,000","-3,829,000","10,534,000","9,370,000","14,834,000","9,920,000","8,124,000","7,600,000","8,700,000","8,500,000","6,500,000","5,400,000","6,500,000","5,500,000","4,500,000","4,100,000","5,200,000","3,600,000","2,900,000","2,600,000","3,100,000","2,600,000","2,300,000","2,000,000","2,500,000","1,900,000","1,700,000","1,600,000","1,800,000","1,400,000","1,300,000","1,200,000","1,400,000","1,100,000","1,000,000","800,000","1,000,000","900,000","700,000","500,000","600,000","600,000","600,000","500,000"
		NetIncomeIncludingNoncontrollingInterests,"256,403,000","53,049,000","68,499,000","82,931,000","51,924,000","45,528,000","52,448,000","44,656,000","45,503,000","36,413,000","47,317,000","11,534,000","49,251,000","55,944,000","42,032,000","28,813,000","33,345,000","28,747,000","46,052,000","34,486,000","29,975,000","26,867,000","26,589,000","31,184,000","25,690,000","3,738,000","23,240,000","-31,681,000","26,252,000","19,010,000","25,646,000","22,729,000","26,711,000","31,909,000","27,327,000","25,341,000","-78,115,000","24,872,000","26,396,000","30,540,000","29,168,000","22,321,000","22,703,000","27,399,000","24,748,000","18,081,000","22,754,000","23,141,000","20,639,000","14,329,000","18,709,000","20,495,000","31,011,000","19,214,000","16,308,000","18,198,000","16,135,000","13,673,000","12,900,000","14,090,000","12,428,000","10,409,000","9,426,000","11,771,000","7,846,000","8,964,000","8,023,000","9,057,000","7,404,000","-123,833,000","7,903,000","-11,260,000","9,031,000","13,029,000","12,942,000","15,734,000","13,811,000","11,425,000","9,139,000","7,165,000","8,100,000","5,302,000","11,343,000","14,750,000","-3,829,000","10,534,000","9,370,000","14,834,000","9,920,000","8,124,000","7,600,000","8,700,000","8,500,000","6,500,000","5,400,000","6,500,000","6,700,000","4,700,000","4,100,000","5,200,000","3,600,000","2,900,000","2,600,000","3,100,000","2,600,000","2,300,000","2,000,000","2,500,000","1,900,000","1,700,000","1,600,000","1,800,000","1,400,000","1,300,000","1,200,000","1,400,000","1,100,000","1,000,000","800,000","1,000,000","900,000","700,000","500,000","600,000","600,000","600,000","500,000"
			NetIncomeContinuousOperations,"256,403,000","53,049,000","68,499,000","82,931,000","51,924,000","45,528,000","52,448,000","44,656,000","45,503,000","36,413,000","47,317,000","11,534,000","49,251,000","55,944,000","42,032,000","28,813,000","33,345,000","28,747,000","46,052,000","34,486,000","29,975,000","26,867,000","26,589,000","31,184,000","25,690,000","3,738,000","23,240,000","-31,681,000","26,252,000","19,010,000","25,646,000","22,729,000","26,711,000","31,909,000","27,327,000","25,341,000","-78,115,000","24,872,000","26,396,000","30,540,000","29,168,000","22,321,000","22,703,000","27,399,000","24,748,000","18,081,000","22,754,000","23,141,000","20,639,000","14,329,000","18,709,000","20,495,000","31,011,000","19,214,000","16,308,000","18,198,000","16,135,000","13,673,000","12,900,000","14,133,000","12,402,000","10,383,000","9,426,000","11,492,000","8,379,000","8,105,000","8,488,000","9,848,000","7,404,000","-123,833,000","7,903,000","-11,260,000","9,031,000","13,029,000","12,942,000","15,734,000","13,811,000","11,425,000","9,139,000","7,165,000","8,100,000","5,302,000","11,343,000","14,750,000","-3,829,000","10,534,000","9,370,000","14,834,000","9,920,000","8,124,000","7,600,000","8,700,000","8,500,000","6,500,000","5,400,000","6,500,000","5,500,000","4,500,000","4,100,000","5,200,000","3,600,000","2,900,000","2,600,000","3,100,000","2,600,000","2,300,000","2,000,000","2,500,000","1,900,000","1,700,000","1,600,000","1,800,000","1,400,000","1,300,000","1,200,000","1,400,000","1,100,000","1,000,000","800,000","1,000,000","900,000","700,000","500,000","600,000","600,000","600,000","500,000"
			NetIncomeDiscontinuousOperations,,,,,,,,,,,,,,,,,,,,,,,,,,,,,,,,,,,,,,,,,,,,,,,,,,,,,,,,,,,,"-43,000","26,000","26,000",,"279,000","-533,000","859,000","-465,000",,,,,,,,,,,,,,,,,,,,,,,,,,,,,,,,,,,,,,,,,,,,,,,,,,,,,,,,,,,,
			NetIncomeExtraordinary,,,,,,,,,,,,,,,,,,,,,,,,,,,,,,,,,,,,,,,,,,,,,,,,,,,,,,,,,,,,,,,,,,,,,,,,,,,,"0",,,,,,,,,,,,,,,,,,,,,,,,,,,,,,,,,,,,,,,,,,,,,,,,,,,
		MinorityInterests,"-17,000","-9,000","-10,000","23,000","-21,000","-11,000","-12,000","-2,000","-6,000","-16,000","-7,000","-7,000","-18,000","-33,000","-35,000","-12,000","-23,000","-22,000","-18,000","-19,000","8,000","-5,000","-27,000","-79,000","4,000","6,000","-1,000","-43,000","-46,000","7,000","-71,000","-143,000","-54,000","-200,000","-12,000","-140,000","-270,000","-52,000","-172,000","-108,000","-114,000","-37,000","-93,000","-999,000","-909,000","-581,000","-453,000",,,,,,,,,,,,,,,,,,,,,,,,,,,,,,,,,,,,,,,,,,,,,,,,,"0","-1,200,000","-200,000",,,,,,,,,,,,,,,,,,,,,,,,,,,,,
DilutedNIAvailtoComStockholders,"256,386,000","53,040,000","68,489,000","82,954,000","51,903,000","45,517,000","52,436,000","44,654,000","45,497,000","36,397,000","47,310,000","11,527,000","49,233,000","55,911,000","41,997,000","28,801,000","33,322,000","28,725,000","46,034,000","34,467,000","29,983,000","26,862,000","26,562,000","31,105,000","25,694,000","3,744,000","23,239,000","-31,724,000","26,206,000","19,017,000","25,575,000","22,586,000","26,657,000","31,709,000","27,315,000","25,201,000","-78,385,000","24,820,000","26,224,000","30,432,000","29,054,000","22,284,000","22,610,000","26,400,000","23,839,000","17,500,000","22,301,000","23,141,000","20,639,000","14,329,000","18,709,000","20,495,000","31,011,000","19,214,000","16,308,000","18,198,000","16,135,000","13,673,000","12,900,000","14,090,000","12,428,000","10,409,000","9,426,000","11,771,000","7,846,000","8,964,000","8,023,000","9,057,000","7,404,000","-123,833,000","7,903,000","-11,260,000","9,031,000","13,029,000","12,942,000","15,734,000","13,811,000","11,425,000","9,139,000","7,165,000","8,100,000","5,302,000","11,343,000","14,750,000","-3,829,000","10,534,000","9,370,000","14,834,000","9,920,000","8,124,000","7,600,000","8,700,000","8,500,000","6,500,000","5,400,000","6,500,000","5,500,000","4,500,000","4,100,000","5,200,000","3,600,000","2,900,000","2,600,000","3,100,000","2,600,000","2,300,000","2,000,000","2,500,000","1,900,000","1,700,000","1,600,000","1,800,000","1,400,000","1,300,000","1,200,000","1,400,000","1,100,000","1,000,000","800,000","1,000,000","900,000","700,000","500,000","600,000","600,000","600,000","500,000"
BasicEPS,,"0.99","1.27","1.54","0.96","0.84","0.97","0.83","0.84","0.67","0.87","0.21","0.9","1.01","0.76","0.52","0.6","0.51","0.82","0.61","0.52","0.47","0.47","0.54","0.44","0.06","0.39","-0.53","0.44","0.31","0.41","0.36","0.41","0.49","0.43","0.39","-1.21","0.38","0.41","0.48","0.46","0.35","0.36","0.42","0.38","0.28","0.36",,"0.34","0.23","0.31",,"0.52","0.32","0.27",,"0.27","0.23","0.22",,"0.21","0.18","0.16",,"0.14","0.16","0.14",,"0.13","-2.19","0.14",,"0.16","0.23","0.24",,"0.26","-1.93","0.17",,"0.15","0.1","0.22",,"-0.072","0.208","0.184",,"0.2","0.168","0.16",,"0.176","0.144","0.12",,"0.128","0.104","0.096",,"0.104","0.08","0.08",,"0.072","0.064","0.056",,"0.056","0.048","0.048",,"0.048","0.04","0.04",,"0.04","0.032","0.024",,"0.024","0.024","0.016",,"0.032","0.024","0.024"
DilutedEPS,,"0.98","1.25","1.52","0.95","0.83","0.96","0.82","0.83","0.66","0.85","0.21","0.88","1","0.75","0.51","0.59","0.51","0.81","0.6","0.52","0.46","0.46","0.53","0.44","0.06","0.39","-0.53","0.43","0.31","0.41","0.35","0.41","0.48","0.42","0.39","-1.21","0.38","0.41","0.47","0.45","0.35","0.36","0.42","0.38","0.28","0.36",,"0.33","0.23","0.3",,"0.51","0.32","0.27",,"0.27","0.23","0.22",,"0.21","0.18","0.16",,"0.14","0.16","0.14",,"0.13","-2.19","0.14",,"0.16","0.23","0.23",,"0.25","-1.93","0.17",,"0.15","0.1","0.21",,"-0.072","0.2","0.176",,"0.192","0.16","0.152",,"0.168","0.136","0.112",,"0.12","0.104","0.088",,"0.096","0.08","0.072",,"0.072","0.064","0.056",,"0.056","0.048","0.048",,"0.048","0.04","0.04",,"0.04","0.032","0.024",,"0.024","0.024","0.016",,"0.032","0.024","0.024"
BasicAverageShares,,"53,834,000","53,937,000","54,019,000","54,117,000","54,187,000","53,927,000","53,841,000","53,985,000","54,699,000","54,560,000","54,617,000","54,819,000","55,143,000","55,390,000","55,341,000","55,537,000","55,841,000","55,855,000","56,338,000","57,184,000","57,270,000","57,099,000","57,309,000","57,796,000","58,451,000","59,058,000","59,963,000","60,207,000","61,153,000","62,452,000","63,602,000","64,566,000","64,835,000","64,227,000","64,272,000","64,832,000","64,551,000","63,864,000","63,623,000","63,387,000","63,072,000","62,433,000","62,310,000","62,203,000","62,121,000","61,665,000",,"61,560,000","61,511,000","61,161,000",,"60,123,000","60,014,000","59,736,000",,"58,943,000","58,601,000","58,313,000",,"58,030,000","57,838,000","57,712,000",,"57,476,000","57,262,000","57,102,000",,"56,808,000","56,643,000","56,469,000",,"56,104,000","55,885,000","54,269,000",,"53,553,000","53,373,000","53,286,000",,"52,976,000","52,440,000","52,351,000",,"51,233,750","50,453,750","50,017,500",,"49,108,750","48,187,500","48,066,250",,"48,295,455","45,138,889","45,000,000",,"42,968,750","43,269,231","42,708,333",,"34,615,385","36,250,000","32,500,000",,"36,111,111","35,937,500","35,714,286",,"33,928,571","35,416,667","33,333,333",,"29,166,667","32,500,000","30,000,000",,"27,500,000","31,250,000","33,333,333",,"37,500,000","29,166,667","31,250,000",,"18,750,000","25,000,000","20,833,333"
DilutedAverageShares,,"54,346,000","54,577,000","54,597,000","54,666,000","54,736,000","54,637,000","54,603,000","54,692,000","55,463,000","55,438,000","55,618,000","55,768,000","55,985,000","56,366,000","56,349,000","56,390,000","56,673,000","56,875,000","57,326,000","58,161,000","58,270,000","58,145,000","58,192,000","58,616,000","59,131,000","59,793,000","59,963,000","60,792,000","61,723,000","63,112,000","64,235,000","65,302,000","65,710,000","65,048,000","64,853,000","64,832,000","65,472,000","64,608,000","64,396,000","64,179,000","63,817,000","63,068,000","62,864,000","62,934,000","62,945,000","62,443,000",,"62,181,000","62,168,000","62,089,000",,"61,108,000","60,771,000","60,275,000",,"59,833,000","59,084,000","59,163,000",,"58,786,000","58,323,000","58,220,000",,"58,039,000","57,806,000","57,641,000",,"57,002,000","56,643,000","56,977,000",,"57,157,000","57,465,000","57,395,000",,"56,086,000","55,419,000","55,005,000",,"55,201,000","54,945,000","55,233,000",,"51,233,750","50,453,750","53,855,000",,"52,630,000","51,425,000","50,522,500",,"50,595,238","47,794,118","48,214,286",,"45,833,333","43,269,231","46,590,909",,"37,500,000","36,250,000","36,111,111",,"36,111,111","35,937,500","35,714,286",,"33,928,571","35,416,667","33,333,333",,"29,166,667","32,500,000","30,000,000",,"27,500,000","31,250,000","33,333,333",,"37,500,000","29,166,667","31,250,000",,"18,750,000","25,000,000","20,833,333"
TotalOperatingIncomeAsReported,"313,382,000","74,520,000","87,220,000","81,836,000","69,807,000","60,807,000","66,252,000","66,735,000","63,525,000","47,530,000","63,302,000","20,665,000","64,841,000","47,545,000","55,711,000","43,285,000","55,496,000","42,716,000","48,589,000","54,647,000","45,884,000","42,956,000","39,855,000","47,188,000","39,085,000","16,650,000","32,930,000","-20,048,000","40,721,000","30,398,000","36,612,000","24,763,000","39,167,000","46,186,000","43,718,000","40,627,000","-99,884,000","37,667,000","41,809,000","48,471,000","46,261,000","35,543,000","36,093,000","43,433,000","39,408,000","29,256,000","34,325,000","37,125,000","32,706,000","23,527,000","31,117,000","32,693,000","32,751,000","27,830,000","28,616,000","30,809,000","28,050,000","24,829,000","22,711,000","24,469,000","22,085,000","18,378,000","21,365,000","20,008,000","16,140,000","16,224,000","17,123,000","17,448,000","15,342,000","-162,285,000","15,828,000","-15,163,000","17,439,000","23,965,000","23,941,000","29,141,000","25,564,000","21,324,000","17,123,000","15,416,000","14,036,000","10,168,000","20,801,000","26,251,000","-15,520,000","20,361,000","18,150,000","23,858,000","19,673,000","15,980,000","14,700,000","17,900,000","15,500,000","12,000,000","10,100,000","12,300,000","11,400,000","8,900,000","7,200,000","9,100,000","6,100,000","4,800,000","4,300,000","4,400,000","4,800,000","4,400,000","4,000,000","3,600,000","3,000,000","2,800,000","2,400,000","2,800,000","2,300,000","2,100,000","2,100,000","2,200,000","1,800,000","1,500,000","1,300,000","1,700,000","7,400,000","1,200,000","1,000,000",,,,
TotalExpenses,"3,094,791,000","778,224,000","771,290,000","813,287,000","731,796,000","694,187,000","698,852,000","684,279,000","646,196,000","688,174,000","734,321,000","801,674,000","760,952,000","675,048,000","661,720,000","693,916,000","709,107,000","655,628,000","711,160,000","680,316,000","639,655,000","627,974,000","628,996,000","678,688,000","626,779,000","593,001,000","526,777,000","537,679,000","534,387,000","537,478,000","544,444,000","621,232,000","599,240,000","561,442,000","606,760,000","658,647,000","665,835,000","604,332,000","616,736,000","670,934,000","638,437,000","588,802,000","646,534,000","632,229,000","634,384,000","583,310,000","576,799,000","590,257,000","529,659,000","446,001,000","510,840,000","542,427,000","518,625,000","494,475,000","610,067,000","618,395,000","536,227,000","436,557,000","447,676,000","410,296,000","381,866,000","327,641,000","347,788,000","375,557,000","342,915,000","302,668,000","324,069,000","277,812,000","334,274,000","372,094,000","227,269,000","408,695,000","358,088,000","218,853,000","217,764,000","225,987,000","206,228,000","171,546,000","215,957,000","176,901,000","171,400,000","167,905,000","164,088,000","165,469,000","207,068,000","159,297,000","148,988,000","346,235,000","136,795,000","122,866,000","114,500,000","107,300,000","105,200,000","85,000,000","79,100,000","170,000,000","63,700,000","83,800,000","59,200,000","66,300,000","54,800,000","50,700,000","50,600,000","97,300,000","35,500,000","35,700,000","34,000,000","31,800,000","26,200,000","25,100,000","25,200,000","28,400,000","20,800,000","19,600,000","18,400,000","35,300,000","11,000,000","11,000,000","10,400,000","32,500,000","9,600,000","9,700,000","8,500,000",,,,
NetIncomeFromContinuingAndDiscontinuedOperation,"256,386,000","53,040,000","68,489,000","82,954,000","51,903,000","45,517,000","52,436,000","44,654,000","45,497,000","36,397,000","47,310,000","11,527,000","49,233,000","55,911,000","41,997,000","28,801,000","33,322,000","28,725,000","46,034,000","34,467,000","29,983,000","26,862,000","26,562,000","31,105,000","25,694,000","3,744,000","23,239,000","-31,724,000","26,206,000","19,017,000","25,575,000","22,586,000","26,657,000","31,709,000","27,315,000","25,201,000","-78,385,000","24,820,000","26,224,000","30,432,000","29,054,000","22,284,000","22,610,000","26,400,000","23,839,000","17,500,000","22,301,000","23,141,000","20,639,000","14,329,000","18,709,000","20,495,000","31,011,000","19,214,000","16,308,000","18,198,000","16,135,000","13,673,000","12,900,000","14,090,000","12,428,000","10,409,000","9,426,000","11,771,000","7,846,000","8,964,000","8,023,000","9,057,000","7,404,000","-123,833,000","7,903,000","-11,260,000","9,031,000","13,029,000","12,942,000","15,734,000","13,811,000","11,425,000","9,139,000","7,165,000","8,100,000","5,302,000","11,343,000","14,750,000","-3,829,000","10,534,000","9,370,000","14,834,000","9,920,000","8,124,000","7,600,000","8,700,000","8,500,000","6,500,000","5,400,000","6,500,000","5,500,000","4,500,000","4,100,000","5,200,000","3,600,000","2,900,000","2,600,000","3,100,000","2,600,000","2,300,000","2,000,000","2,500,000","1,900,000","1,700,000","1,600,000","1,800,000","1,400,000","1,300,000","1,200,000","1,400,000","1,100,000","1,000,000","800,000","1,000,000","900,000","700,000","500,000","600,000","600,000","600,000","500,000"
NormalizedIncome,"253,601,193.465","53,040,000","68,489,000","80,683,700","51,926,225.287","45,336,408.113","52,436,000","46,292,509.22","45,534,943.83","35,097,746.712","47,310,000","24,805,027.274","49,233,000","55,931,440","41,997,000","30,369,104.223","33,447,163.535","30,152,525.528","46,034,000","34,617,262.898","29,983,000","22,042,967.383","26,562,000","32,957,737.878","26,401,451.706","14,383,800","23,982,743","4,733,800","26,206,000","16,947,400.434","25,575,000","7,105,600","20,174,160","16,128,610","24,249,940","24,606,392.647","-45,974,908","24,820,000","26,224,000","30,432,000","29,054,000","22,284,000","22,610,000","26,400,000","23,839,000","17,500,000","22,301,000","23,141,000","20,639,000","14,329,000","18,709,000","20,495,000","31,011,000","19,214,000","16,308,000","18,198,000","16,135,000","13,673,000","12,900,000","14,133,000","12,402,000","10,383,000","11,961,600","11,492,000","8,379,000","8,105,000","8,488,000","9,848,000","7,404,000","-44,624,639.639","7,903,000","-11,260,000","9,031,000","13,029,000","12,942,000","15,734,000","13,811,000","11,425,000","9,139,000","7,165,000","8,100,000","5,302,000","11,343,000","14,750,000","-3,829,000","10,534,000","9,370,000","14,834,000","9,920,000","8,124,000","7,600,000","8,700,000","8,440,000","6,440,000","5,340,000","6,440,000","5,440,000","4,440,000","4,040,000","5,140,000","3,540,000","2,840,000","2,540,000","2,560,000","2,720,000","2,421,052.632","2,120,000","2,134,146.341","1,780,000","1,639,285.714","1,538,461.538","1,680,000","1,340,000","1,238,095.238","1,140,000","1,340,000","1,100,000","937,500","800,000","1,000,000","4,500,000","700,000","500,000","600,000","600,000","600,000","500,000"
InterestIncome,,,,"254,000",,,,"293,000",,,,,,,,,,,,,,,,,,,,,,,,"201,000",,,,,,,,,,,,,,,,,,,,,,,,,,,,,,,,,,,,,,,,,,,,,,,,,,,,,,,,,,,,,,,,,,,,,,,,,,,,,,,,,,,,,,,,,,,,,,,
InterestExpense,"12,947,000","3,144,000","2,904,000","4,163,000","2,737,000","2,823,000","3,026,000","4,063,000","3,564,000","3,501,000","3,349,000","5,751,000","3,546,000","3,164,000","2,897,000","5,751,000","4,345,000","4,092,000","3,160,000","3,508,000","2,795,000","3,099,000","2,908,000","3,884,000","2,590,000","4,251,000","1,660,000","2,422,000","2,026,000","1,804,000","1,790,000","2,921,000","2,454,000","2,496,000","2,424,000","3,359,000","2,010,000","2,136,000","1,185,000","2,262,000","1,419,000","1,453,000","1,311,000","1,452,000","1,703,000","1,471,000","1,305,000","1,245,000","336,000","352,000","256,000","998,000","473,000","852,000",,,,,,,,,,,,,,,,,,,,,,,,,,,,,,,,,,,,,,,,,,,,,,,,,,,,,,,,,,,,,,,,,,,,,,,,,
NetInterestIncome,"-12,030,000","-3,144,000","-2,904,000","-3,246,000","-2,737,000","-2,823,000","-3,026,000","-2,688,000","-3,564,000","-3,501,000","-3,349,000","-4,019,000","-3,546,000","-3,164,000","-2,897,000","-3,927,000","-4,345,000","-4,092,000","-3,160,000","-2,779,000","-2,795,000","-3,099,000","-2,908,000","-2,888,000","-2,590,000","-4,251,000","-1,660,000","-1,742,000","-2,026,000","-1,804,000","-1,790,000","-2,117,000","-2,454,000","-2,496,000","-2,424,000","-2,356,000","-2,010,000","-2,136,000","-1,185,000","-1,389,000","-1,419,000","-1,453,000","-1,311,000","-1,452,000","-1,703,000","-1,471,000","-1,305,000","-444,000","-336,000","-352,000","-256,000","-444,000","-473,000","-852,000",,,,,,,,,,,,,,,,,,,,,,,,,,,,,,,,,,,,,,,,,,,,,,,,,,,,,,,,,,,,,,,,,,,,,,,,,
EBIT,"314,299,000","74,520,000","87,220,000","82,753,000","69,807,000","60,807,000","66,252,000","68,110,000","63,525,000","47,530,000","63,302,000","22,397,000","64,841,000","47,545,000","55,711,000","45,109,000","55,496,000","42,716,000","48,589,000","55,376,000","45,884,000","42,956,000","39,855,000","48,184,000","39,085,000","16,650,000","32,930,000","-19,368,000","40,721,000","30,398,000","36,612,000","25,567,000","39,167,000","46,186,000","43,718,000","41,630,000","-99,884,000","37,667,000","41,809,000","49,344,000","46,261,000","35,543,000","36,093,000","44,312,000","39,408,000","29,256,000","34,325,000","37,926,000","32,706,000","23,527,000","31,117,000","33,247,000","32,751,000","27,830,000","28,616,000","30,809,000","28,050,000","24,829,000","22,711,000","24,469,000","22,085,000","18,378,000","21,365,000","20,008,000","16,140,000","16,224,000","17,123,000","17,448,000","15,342,000","-162,285,000","15,828,000","-15,163,000","17,439,000","23,965,000","23,941,000","29,141,000","25,564,000","21,324,000","17,123,000","15,416,000","14,036,000","10,171,000","20,801,000","26,251,000","-15,520,000","20,361,000","18,150,000","23,858,000","19,673,000","15,980,000","14,700,000","17,900,000","15,500,000","12,000,000","10,100,000","12,300,000","11,400,000","8,900,000","7,200,000","9,100,000","6,100,000","4,800,000","4,300,000","4,400,000","4,800,000","4,400,000","4,000,000","3,600,000","3,000,000","2,800,000","2,400,000","2,800,000","2,300,000","2,100,000","2,100,000","2,200,000","1,800,000","1,500,000","1,300,000","1,700,000","7,400,000","1,200,000","1,000,000","-35,100,000","12,900,000","12,900,000","12,800,000"
EBITDA,"339,242,000"
ReconciledCostOfRevenue,"2,860,354,000","717,571,000","718,744,000","748,103,000","675,937,000","642,280,000","648,794,000","627,963,000","595,374,000","637,133,000","687,886,000","746,460,000","707,806,000","626,150,000","618,747,000","650,050,000","655,201,000","608,837,000","665,604,000","634,165,000","595,289,000","582,779,000","587,490,000","631,329,000","581,786,000","552,595,000","487,548,000","492,918,000","493,390,000","494,966,000","502,257,000","572,712,000","552,065,000","517,213,000","559,385,000","610,454,000","609,091,000","556,879,000","570,342,000","630,824,000","586,972,000","536,368,000","597,907,000","578,393,000","591,419,000","537,705,000","535,471,000","545,380,000","489,967,000","406,023,000","472,174,000","502,827,000","476,707,000","455,984,000","574,342,000","574,924,000","498,387,000","403,618,000","414,138,000","377,699,000","349,938,000","300,872,000","324,734,000","347,892,000","315,803,000","272,331,000","296,805,000","246,197,000","308,450,000","226,491,000","202,053,000","377,168,000","332,104,000","194,701,000","193,846,000","203,788,000","177,682,000","147,788,000","192,292,000","150,718,000","145,226,000","139,879,000","136,865,000","145,793,000","144,787,000","136,301,000","130,429,000","316,170,000","114,075,000","107,090,000","98,300,000","87,100,000","85,400,000","71,900,000","68,200,000","158,200,000","52,500,000","73,900,000","51,700,000","56,900,000","47,000,000","44,000,000","44,700,000","89,700,000","29,700,000","29,800,000","28,500,000","27,900,000","23,400,000","22,200,000","22,300,000","25,400,000","18,600,000","17,600,000","16,500,000","33,300,000","9,300,000","9,400,000","8,900,000","31,400,000","8,100,000","8,300,000","7,200,000",,,,
ReconciledDepreciation,"24,943,000","6,551,000","6,111,000","6,994,000","5,287,000","5,286,000","6,238,000","5,545,000","6,257,000","6,574,000","6,235,000","7,551,000","6,562,000","6,457,000","8,274,000","8,044,000","10,280,000","10,329,000","9,983,000","11,379,000","11,143,000","12,043,000","11,191,000","11,753,000","12,425,000","11,605,000","9,805,000","9,901,000","10,352,000","10,956,000","12,992,000","12,393,000","12,733,000","13,500,000","15,914,000","15,457,000","17,826,000","16,727,000","12,595,000","14,699,000","13,132,000","13,865,000","15,206,000","14,122,000","14,186,000","13,823,000","13,553,000","9,378,000","8,156,000","8,060,000","7,897,000","7,856,000","6,915,000","6,904,000","5,581,000","5,241,000","5,024,000","4,047,000","4,327,000","3,882,000","3,630,000","2,980,000","3,231,000","2,947,000","3,086,000","3,140,000","3,523,000","3,949,000","3,749,000","4,390,000","4,233,000","4,969,000","4,708,000","4,369,000","4,454,000","5,298,000","4,646,000","3,468,000","3,315,000","5,907,000","6,042,000","5,632,000","5,773,000","7,741,000","4,665,000","4,128,000","4,828,000","2,422,000","3,910,000","3,777,000","3,600,000","4,000,000","4,200,000","2,500,000","2,000,000","1,500,000","1,900,000","1,800,000","1,400,000","1,600,000","1,000,000","1,000,000","900,000","900,000","800,000","900,000","1,000,000","500,000","500,000","400,000","500,000","500,000","300,000","300,000","300,000","400,000","300,000","200,000","200,000","100,000","300,000","200,000","200,000",,,,
NetIncomeFromContinuingOperationNetMinorityInterest,"256,386,000","53,040,000","68,489,000","82,954,000","51,903,000","45,517,000","52,436,000","44,654,000","45,497,000","36,397,000","47,310,000","11,527,000","49,233,000","55,911,000","41,997,000","28,801,000","33,322,000","28,725,000","46,034,000","34,467,000","29,983,000","26,862,000","26,562,000","31,105,000","25,694,000","3,744,000","23,239,000","-31,724,000","26,206,000","19,017,000","25,575,000","22,586,000","26,657,000","31,709,000","27,315,000","25,201,000","-78,385,000","24,820,000","26,224,000","30,432,000","29,054,000","22,284,000","22,610,000","26,400,000","23,839,000","17,500,000","22,301,000","23,141,000","20,639,000","14,329,000","18,709,000","20,495,000","31,011,000","19,214,000","16,308,000","18,198,000","16,135,000","13,673,000","12,900,000","14,133,000","12,402,000","10,383,000","9,426,000","11,492,000","8,379,000","8,105,000","8,488,000","9,848,000","7,404,000","-123,833,000","7,903,000","-11,260,000","9,031,000","13,029,000","12,942,000","15,734,000","13,811,000","11,425,000","9,139,000","7,165,000","8,100,000","5,302,000","11,343,000","14,750,000","-3,829,000","10,534,000","9,370,000","14,834,000","9,920,000","8,124,000","7,600,000","8,700,000","8,500,000","6,500,000","5,400,000","6,500,000","5,500,000","4,500,000","4,100,000","5,200,000","3,600,000","2,900,000","2,600,000","3,100,000","2,600,000","2,300,000","2,000,000","2,500,000","1,900,000","1,700,000","1,600,000","1,800,000","1,400,000","1,300,000","1,200,000","1,400,000","1,100,000","1,000,000","800,000","1,000,000","900,000","700,000","500,000","600,000","600,000","600,000","500,000"
TotalUnusualItemsExcludingGoodwill,"3,273,000",,,"3,110,000","-30,000","230,000",,"-2,350,000","-50,000","1,571,000",,"-19,163,000","0","-28,000",,"-2,142,000","-192,000","-1,918,000",,"-226,000","0","7,149,000","0","-2,632,000","-1,005,000","-17,733,000","-1,001,000","-60,763,000","0","3,113,000","0","23,816,000","8,905,000","21,343,000","4,630,000","898,000","-48,884,000",,,"17,287,000",,,,,,,,,,,,,,,,,,,,"0",,,"-4,226,000",,,,,"0",,"-105,612,000",,,,,,,,,,,,,,,,,,,,,,,"100,000","100,000","100,000","100,000","100,000","100,000","100,000","100,000","100,000","100,000","100,000","900,000","-200,000","-200,000","-200,000","600,000","200,000","100,000","100,000","200,000","100,000","100,000","100,000","100,000",,"100,000",,,"-6,000,000",,,,,,
TotalUnusualItems,"3,273,000",,,"3,110,000","-30,000","230,000",,"-2,350,000","-50,000","1,571,000",,"-19,163,000","0","-28,000",,"-2,142,000","-192,000","-1,918,000",,"-226,000","0","7,149,000","0","-2,632,000","-1,005,000","-17,733,000","-1,001,000","-60,763,000","0","3,113,000","0","23,816,000","8,905,000","21,343,000","4,630,000","898,000","-48,884,000",,,"17,287,000",,,,,,,,,,,,,,,,,,,,"0",,,"-4,226,000",,,,,"0",,"-105,612,000",,,,,,,,,,,,,,,,,,,,,,,"100,000","100,000","100,000","100,000","100,000","100,000","100,000","100,000","100,000","100,000","100,000","900,000","-200,000","-200,000","-200,000","600,000","200,000","100,000","100,000","200,000","100,000","100,000","100,000","100,000",,"100,000",,,"-6,000,000",,,,,,
NormalizedEBITDA,"335,969,000","81,071,000","93,331,000","86,637,000","75,124,000","65,863,000","72,490,000","76,005,000","69,832,000","52,533,000","69,537,000","49,111,000","71,403,000","54,030,000","63,985,000","55,295,000","65,968,000","54,963,000","58,572,000","66,981,000","57,027,000","47,850,000","51,046,000","62,569,000","52,515,000","45,988,000","43,736,000","51,296,000","51,073,000","38,241,000","49,604,000","14,144,000","42,995,000","38,343,000","55,002,000","56,189,000","-33,174,000","54,394,000","54,404,000","64,043,000","59,393,000","49,408,000","51,299,000","58,434,000","53,594,000","43,079,000","47,878,000","47,304,000","40,862,000","31,587,000","39,014,000","41,103,000","39,666,000","34,734,000","34,197,000","36,050,000","33,074,000","28,876,000","27,038,000","28,351,000","25,715,000","21,358,000","28,822,000","22,955,000","19,226,000","19,364,000","20,646,000","21,397,000","19,091,000","-52,283,000","20,061,000","-10,194,000","22,147,000","28,334,000","28,395,000","34,439,000","30,210,000","24,792,000","20,438,000","21,323,000","20,078,000","15,803,000","26,574,000","33,992,000","-10,855,000","24,489,000","22,978,000","26,280,000","23,583,000","19,757,000","18,300,000","21,900,000","19,600,000","14,400,000","12,000,000","13,700,000","13,200,000","10,600,000","8,500,000","10,600,000","7,000,000","5,700,000","5,100,000","4,400,000","5,800,000","5,500,000","5,200,000","3,500,000","3,300,000","3,100,000","2,800,000","3,100,000","2,500,000","2,300,000","2,300,000","2,500,000","2,100,000","1,600,000","1,500,000","1,800,000","13,700,000","1,400,000","1,200,000","-35,100,000","12,900,000","12,900,000","12,800,000"
TaxRateForCalcs,"0.149","0.257","0.188","0.27","0.226","0.215","0.17","0.303","0.241","0.173","0.211","0.307","0.196","0.27","0.204","0.268","0.348","0.256","0.014","0.335","0.304","0.326","0.28","0.296","0.296","0.4","0.257","0.4","0.322","0.335","0.264","0.35","0.272","0.27","0.338","0.338","0.337","0.3","0.35","0.351","0.35","0.345","0.347","0.347","0.344","0.349","0.311","0.369","0.362","0.382","0.394","0.364","0.039","0.288","0.35","0.4","0.35","0.35","0.35","0.35","0.35","0.35","0.4","0.4","0.4","0.4","0.4","0.345","0.377","0.25","0.4","0.37","0.4","0.4","0.4","0.4","0.4","0.4","0.4","0.4","0.314","0.39","0.39","0.39","0.4","0.4","0.4","0.31","0.4","0.4","0.4","0.4","0.4","0.4","0.4","0.4","0.4","0.4","0.4","0.4","0.4","0.4","0.4","0.4","0.4","0.395","0.4","0.39","0.4","0.393","0.385","0.4","0.4","0.381","0.4","0.4","0.389","0.375","0.4","0.4","0.4","0.4","0.375","0.4","0.4","0.4","0.4"
TaxEffectOfUnusualItems,"488,193.465","0","0","839,700","-6,774.713","49,408.113","0","-711,490.78","-12,056.17","271,746.712","0","-5,884,972.726","0","-7,560","0","-573,895.777","-66,836.465","-490,474.472","0","-75,737.102","0","2,329,967.383","0","-779,262.122","-297,548.294","-7,093,200","-257,257","-24,305,200","0","1,043,400.434","0","8,335,600","2,422,160","5,762,610","1,564,940","303,392.647","-16,473,908","0","0","0","0","0","0","0","0","0","0","0","0","0","0","0","0","0","0","0","0","0","0","0","0","0","-1,690,400","0","0","0","0","0","0","-26,403,639.639","0","0","0","0","0","0","0","0","0","0","0","0","0","0","0","0","0","0","0","0","0","0","40,000","40,000","40,000","40,000","40,000","40,000","40,000","40,000","40,000","40,000","40,000","360,000","-80,000","-78,947.368","-80,000","234,146.341","80,000","39,285.714","38,461.538","80,000","40,000","38,095.238","40,000","40,000","0","37,500","0","0","-2,400,000","0","0","0","0","0","0"