name,ttm,03/31/2022,12/31/2021,09/30/2021,06/30/2021,03/31/2021,12/31/2020,09/30/2020,06/30/2020,03/31/2020,12/31/2019,09/30/2019,06/30/2019,03/31/2019,12/31/2018,09/30/2018,06/30/2018,03/31/2018,12/31/2017,09/30/2017,06/30/2017,03/31/2017,12/31/2016,09/30/2016,06/30/2016,03/31/2016,12/31/2015,09/30/2015,06/30/2015,03/31/2015,12/31/2014,09/30/2014,06/30/2014,03/31/2014,12/31/2013,09/30/2013,06/30/2013,03/31/2013,12/31/2012,09/30/2012,06/30/2012,03/31/2012,12/31/2011,09/30/2011,06/30/2011,03/31/2011,12/31/2010,09/30/2010,06/30/2010,03/31/2010,12/31/2009,09/30/2009,06/30/2009,03/31/2009,12/31/2008,09/30/2008,06/30/2008,03/31/2008,12/31/2007,09/30/2007,06/30/2007,03/31/2007,12/31/2006,09/30/2006,06/30/2006,03/31/2006,12/31/2005,09/30/2005,06/30/2005,03/31/2005,12/31/2004,09/30/2004,06/30/2004,03/31/2004,12/31/2003,09/30/2003,06/30/2003,03/31/2003,12/31/2002,09/30/2002,06/30/2002,03/31/2002,12/31/2001,09/30/2001,06/30/2001,03/31/2001,12/31/2000,09/30/2000,06/30/2000,03/31/2000,12/31/1999,09/30/1999,06/30/1999,03/31/1999,12/31/1998,09/30/1998,06/30/1998,03/31/1998,12/31/1997,09/30/1997,06/30/1997,03/31/1997,12/31/1996,09/30/1996,06/30/1996,03/31/1996,12/31/1995,09/30/1995,06/30/1995,03/31/1995,12/31/1994,09/30/1994,06/30/1994,03/31/1994,12/31/1993,09/30/1993,06/30/1993,03/31/1993,12/31/1992,09/30/1992,06/30/1992,03/31/1992,12/31/1991,09/30/1991,06/30/1991,03/31/1991
TotalRevenue,"1,932,694,000","555,997,000","487,676,000","450,382,000","438,639,000","403,518,000","326,908,000","304,772,000","286,133,000","341,500,000","301,790,000","345,905,000","390,597,000","410,374,000","363,403,000","384,719,000","428,904,000","425,382,000","376,034,000","370,988,000","364,399,000","357,501,000","307,294,000","306,195,000","330,214,000","321,794,000","307,809,000","308,836,000","376,067,000","402,059,000","383,277,000","449,579,000","523,731,000","538,940,000","494,407,000","497,510,000","593,291,000","578,387,000","493,638,000","404,719,000","459,233,000","463,088,000","402,917,000","398,805,000","404,447,000","280,829,000","232,669,000","222,818,000","229,656,000","196,448,000","146,516,000","141,496,000","206,983,000","232,604,000","258,598,000","255,463,000","269,114,000","253,525,000","204,938,000","195,472,000","210,333,000","226,278,000","165,563,000","156,120,000","175,194,000","182,577,000","96,583,000","102,712,000","134,709,000","136,129,000","105,920,000","116,487,000","121,188,000","166,976,000","120,469,000","111,218,000","131,001,000","128,984,000","108,607,000","104,660,000","125,837,000","123,716,000","100,560,000","100,519,000","120,349,000","136,047,000","113,368,000","119,798,000","145,576,000","164,327,000","134,400,000","136,000,000","159,000,000","158,600,000","143,000,000","149,200,000","181,200,000","187,400,000","165,900,000","156,700,000","187,400,000","180,200,000","144,600,000","145,700,000","167,000,000","177,300,000","158,300,000","149,500,000","157,600,000","157,700,000","114,600,000","97,800,000","102,700,000","91,900,000","52,100,000","30,800,000","36,000,000","31,500,000","28,400,000","28,300,000","28,300,000","28,200,000","25,100,000","25,000,000","25,000,000","25,000,000"
	OperatingRevenue,"1,932,694,000","555,997,000","487,676,000","450,382,000","438,639,000","403,518,000","326,908,000","304,772,000","286,133,000","341,500,000","301,790,000","345,905,000","390,597,000","410,374,000","363,403,000","384,719,000","428,904,000","425,382,000","376,034,000","370,988,000","364,399,000","357,501,000","307,294,000","306,195,000","330,214,000","321,794,000","307,809,000","308,836,000","376,067,000","402,059,000","383,277,000","449,579,000","523,731,000","538,940,000","494,407,000","497,510,000","593,291,000","578,387,000","493,638,000","404,719,000","459,233,000","463,088,000","402,917,000","398,805,000","404,447,000","280,829,000","232,669,000","222,818,000","229,656,000","196,448,000","146,516,000","141,496,000","206,983,000","232,604,000","258,598,000","255,463,000","269,114,000","253,525,000","204,938,000","195,472,000","210,333,000","226,278,000","165,563,000","156,120,000","175,194,000","182,577,000","96,583,000","102,712,000","134,709,000","136,129,000","105,920,000","116,487,000","121,188,000","166,976,000","120,469,000","111,218,000","131,001,000","128,984,000","108,607,000","104,660,000","125,837,000","123,716,000","100,560,000","100,519,000","120,349,000","136,047,000","113,368,000","119,798,000","145,576,000","164,327,000","134,400,000","136,000,000","159,000,000","158,600,000","143,000,000","149,200,000","181,200,000","187,400,000","165,900,000","156,700,000","187,400,000","180,200,000","144,600,000","145,700,000","167,000,000","177,300,000","158,300,000","149,500,000","157,600,000","157,700,000","114,600,000","97,800,000","102,700,000","91,900,000","52,100,000","30,800,000","36,000,000","31,500,000","28,400,000","28,300,000","28,300,000","28,200,000","25,100,000","25,000,000","25,000,000","25,000,000"
CostOfRevenue,"1,661,688,000","469,268,000","425,161,000","390,090,000","377,169,000","350,253,000","301,017,000","273,455,000","256,266,000","314,256,000","283,458,000","318,805,000","352,289,000","365,110,000","326,714,000","341,015,000","370,592,000","365,821,000","340,712,000","331,323,000","320,837,000","317,772,000","274,751,000","273,219,000","285,139,000","289,906,000","290,000,000","282,683,000","325,014,000","359,265,000","365,043,000","404,280,000","501,171,000","484,390,000","445,129,000","435,004,000","506,636,000","481,636,000","442,109,000","337,558,000","377,147,000","369,725,000","344,409,000","345,811,000","340,556,000","224,557,000","206,676,000","194,872,000","195,753,000","170,361,000","147,330,000","144,526,000","177,237,000","202,541,000","230,597,000","218,040,000","227,168,000","221,181,000","193,603,000","177,178,000","183,022,000","199,087,000","163,421,000","139,040,000","152,752,000","151,463,000","89,929,000","91,739,000","112,207,000","112,048,000","92,830,000","98,686,000","99,872,000","139,683,000","112,529,000","105,921,000","124,930,000","118,589,000","108,915,000","101,634,000","110,953,000","111,577,000","105,174,000","97,678,000","113,473,000","120,599,000","98,880,000","107,053,000","126,465,000","133,305,000","115,400,000","116,700,000","127,500,000","128,100,000","121,100,000","121,500,000","145,900,000","146,400,000","134,900,000","125,700,000","149,300,000","143,400,000","117,200,000","115,300,000","129,300,000","137,000,000","121,400,000","116,100,000","123,400,000","123,100,000","88,500,000","77,100,000","82,500,000","73,500,000","41,300,000","25,000,000","28,300,000",,,,,,,,,
GrossProfit,"271,006,000","86,729,000","62,515,000","60,292,000","61,470,000","53,265,000","25,891,000","31,317,000","29,867,000","27,244,000","18,332,000","27,100,000","38,308,000","45,264,000","36,689,000","43,704,000","58,312,000","59,561,000","35,322,000","39,665,000","43,562,000","39,729,000","32,543,000","32,976,000","45,075,000","31,888,000","17,809,000","26,153,000","51,053,000","42,794,000","18,234,000","45,299,000","22,560,000","54,550,000","49,278,000","62,506,000","86,655,000","96,751,000","51,529,000","67,161,000","82,086,000","93,363,000","58,508,000","52,994,000","63,891,000","56,272,000","25,993,000","27,946,000","33,903,000","26,087,000","-814,000","-3,030,000","29,746,000","30,063,000","28,001,000","37,423,000","41,946,000","32,344,000","11,335,000","18,294,000","27,311,000","27,191,000","2,142,000","17,080,000","22,442,000","31,114,000","6,654,000","10,973,000","22,502,000","24,081,000","13,090,000","17,801,000","21,316,000","27,293,000","7,940,000","5,297,000","6,071,000","10,395,000","-308,000","3,026,000","14,884,000","12,139,000","-4,614,000","2,841,000","6,876,000","15,448,000","14,488,000","12,745,000","19,111,000","31,022,000","19,000,000","19,300,000","31,500,000","30,500,000","21,900,000","27,700,000","35,300,000","41,000,000","31,000,000","31,000,000","38,100,000","36,800,000","27,400,000","30,400,000","37,700,000","40,300,000","36,900,000","33,400,000","34,200,000","34,600,000","26,100,000","20,700,000","20,200,000","18,400,000","10,800,000","5,800,000","7,700,000",,,,,,,,,
OperatingExpense,"154,030,000","40,697,000","38,190,000","37,392,000","37,751,000","39,034,000","43,132,000","37,233,000","32,968,000","36,847,000","35,854,000","39,716,000","40,738,000","41,128,000","37,614,000","38,881,000","42,087,000","41,461,000","40,262,000","44,806,000","39,604,000","46,790,000","41,625,000","41,230,000","41,125,000","39,835,000","35,966,000","40,615,000","43,522,000","41,985,000","47,571,000","47,813,000","52,027,000","54,286,000","48,727,000","45,451,000","49,749,000","48,868,000","78,761,000","30,995,000","1,117,000","34,692,000","38,998,000","11,607,000","19,937,000","29,393,000","25,289,000","15,424,000","16,475,000","15,957,000","17,609,000","12,736,000","16,826,000","15,986,000","16,452,000","16,160,000","17,557,000","16,224,000","16,713,000","15,597,000","14,135,000","12,848,000","13,781,000","12,373,000","10,707,000","13,906,000","23,963,000","8,730,000","9,562,000","9,956,000","14,075,000","7,936,000","8,645,000","15,522,000","11,793,000","10,389,000","11,656,000","12,085,000","11,029,000","10,837,000","10,877,000","11,084,000","20,073,000","10,881,000","11,439,000","11,623,000","21,672,000","19,595,000","21,783,000","22,962,000","23,500,000","23,200,000","24,900,000","24,900,000","25,200,000","22,700,000","23,400,000","23,400,000","20,400,000","21,800,000","21,100,000","20,000,000","17,200,000","19,100,000","18,500,000","19,600,000","17,500,000","17,100,000","15,600,000","15,900,000","15,300,000","11,500,000","10,100,000","10,300,000","7,000,000","3,400,000","3,600,000",,,,,,,,,
	SellingGeneralAndAdministration,"133,971,000","36,227,000","32,961,000","32,217,000","32,566,000","34,028,000","37,093,000","33,451,000","28,441,000","31,957,000","31,092,000","34,954,000","35,746,000","35,905,000","32,481,000","33,709,000","36,699,000","35,921,000","35,123,000","39,753,000","34,463,000","41,338,000","37,276,000","36,348,000","36,302,000","35,062,000","31,359,000","35,512,000","37,848,000","35,674,000","40,495,000","41,276,000","45,008,000","46,835,000","42,544,000","38,731,000","43,653,000","42,443,000","37,675,000","29,236,000","26,062,000","33,184,000","37,763,000","10,811,000","18,923,000","28,210,000","24,011,000","14,312,000","14,575,000","13,930,000","8,759,000","12,736,000","16,826,000","15,986,000","16,452,000","16,160,000","17,557,000","14,077,000","10,558,000","15,597,000","14,135,000","11,284,000","11,830,000","10,358,000","8,589,000","11,365,000","7,775,000","7,213,000","8,018,000","8,427,000","8,455,000","7,613,000","8,260,000","11,712,000","11,066,000","9,751,000","10,940,000","11,417,000","9,960,000","10,047,000","10,013,000","10,298,000","12,538,000","10,124,000","10,678,000","10,822,000","10,599,000","10,343,000","11,859,000","11,286,000","12,100,000","12,500,000","13,500,000","13,400,000","14,100,000","12,500,000","13,600,000","12,700,000","11,300,000","11,000,000","11,500,000","11,700,000","9,700,000","11,800,000","10,500,000","11,700,000","11,100,000","10,800,000","9,200,000","9,500,000","9,200,000","7,000,000","5,900,000","6,100,000","4,800,000","2,400,000","2,600,000",,,,,,,,,
		GeneralAndAdministrativeExpense,,,,,,,,,,,,,,,,,,,"2,745,000","2,596,000","2,533,000","2,609,000",,"2,285,000","2,109,000","2,294,000","2,292,000","2,121,000","2,895,000","3,225,000","2,832,000",,"3,830,000","3,741,000","3,299,000","3,942,000","3,295,000","3,723,000","3,520,000","3,739,000","2,652,000","2,349,000",,"2,263,000","2,350,000","2,917,000","2,454,000","2,275,000","2,413,000","2,121,000","1,450,000","1,464,000","2,200,000","2,459,000",,,,,,,,,,,,,,,,,,,,,,,,,,,,,,,,,,,,,,,,,,,,,,,,,,,,,,,,,,,,,,,,,,,,,,,,
	ResearchAndDevelopment,"10,471,000","2,920,000","2,653,000","2,370,000","2,528,000","2,553,000","2,231,000","2,240,000","2,132,000","2,410,000","2,389,000","2,309,000","2,544,000","2,617,000","2,924,000","2,591,000","2,754,000","2,877,000","2,394,000","2,457,000","2,608,000","2,843,000","2,181,000","2,597,000","2,714,000","2,479,000","2,315,000","2,982,000","2,779,000","3,086,000","4,244,000","2,862,000","3,189,000","3,710,000","2,884,000","2,778,000","2,801,000","2,702,000","2,692,000","1,759,000","1,189,000","1,508,000","1,235,000","796,000","1,014,000","1,183,000","1,278,000","1,112,000","1,900,000","2,027,000",,,,,,,,,,,,,,,,,"239,000","205,000","210,000","183,000","345,000","323,000","385,000","822,000","727,000","638,000","716,000","668,000","1,069,000","790,000","864,000","786,000","770,000","757,000","761,000","801,000","1,074,000","833,000","1,247,000","1,550,000","1,500,000","1,600,000","1,700,000","1,600,000","1,700,000","1,500,000","1,700,000","2,200,000","2,000,000","2,500,000","1,700,000","700,000","500,000","700,000","700,000","800,000","500,000","600,000","500,000","500,000","600,000","500,000","500,000","500,000",,,,,,,,,,,,
	DepreciationAmortizationDepletionIncomeStatement,,,,,,,,,,,,,,,,,,,,,,,,,,,,,,,,,,,,,,,,,,,,,,,,,,,,,,,,,,,,,,,,,,,,,,,,,,,,,,,,,,,,,,,"9,999,000","8,419,000","8,677,000","10,126,000","9,900,000","9,100,000","9,700,000","9,900,000","9,400,000","8,700,000","8,100,000","8,500,000","7,100,000","8,300,000","7,900,000","7,600,000","7,000,000","6,600,000","7,300,000","7,100,000","5,900,000","5,700,000","5,900,000","5,900,000","5,500,000","4,000,000","3,700,000","3,700,000","2,200,000","1,000,000","1,000,000",,,,,,,,,
		DepreciationAndAmortizationInIncomeStatement,,,,,,,,,,,,,,,,,,,,,,,,,,,,,,,,,,,,,,,,,,,,,,,,,,,,,,,,,,,,,,,,,,,,,,,,,,,,,,,,,,,,,,,"9,999,000","8,419,000","8,677,000","10,126,000","9,900,000","9,100,000","9,700,000","9,900,000","9,400,000","8,700,000","8,100,000","8,500,000","7,100,000","8,300,000","7,900,000","7,600,000","7,000,000","6,600,000","7,300,000","7,100,000","5,900,000","5,700,000","5,900,000","5,900,000","5,500,000","4,000,000","3,700,000","3,700,000","2,200,000","1,000,000","1,000,000",,,,,,,,,
	OtherOperatingExpenses,"9,588,000","1,550,000","2,576,000","2,805,000","2,657,000","2,453,000","3,808,000","1,542,000","2,395,000","2,480,000","2,373,000","2,453,000","2,448,000","2,606,000","2,209,000","2,581,000","2,634,000","2,663,000","2,745,000","2,596,000","2,533,000","2,609,000","2,168,000","2,285,000","2,109,000","2,294,000","2,292,000","2,121,000","2,895,000","3,225,000","2,832,000","3,675,000","3,830,000","3,741,000","3,299,000","3,942,000","3,295,000","3,723,000","38,394,000",,"-26,134,000",,,,,,,,,,,,,,,,,"2,147,000",,,,"1,564,000","-1,673,000","2,015,000","2,118,000","2,541,000","11,213,000","1,312,000","1,334,000","1,346,000","0",,,"2,988,000",,,,,,,,,,,,,,,,,,,,,,,,,,,,,,,,,,,,,,,,,,,,,,,,,,,,
OperatingIncome,"116,976,000","46,032,000","24,325,000","22,900,000","23,719,000","14,231,000","-17,241,000","-5,916,000","-3,101,000","-9,603,000","-17,522,000","-12,616,000","-2,430,000","4,136,000","-925,000","4,823,000","16,225,000","18,100,000","-4,940,000","-5,141,000","3,958,000","-7,061,000","-9,082,000","-8,254,000","3,950,000","-7,947,000","-18,157,000","-14,462,000","7,531,000","809,000","-29,337,000","-2,514,000","-29,467,000","264,000","551,000","17,055,000","36,906,000","47,883,000","-27,232,000","36,166,000","80,969,000","58,671,000","19,510,000","41,387,000","43,954,000","26,879,000","704,000","12,522,000","17,428,000","10,130,000","-18,423,000","-15,766,000","12,920,000","14,077,000","11,549,000","21,263,000","24,389,000","16,120,000","-5,378,000","2,697,000","13,176,000","14,343,000","-11,639,000","4,707,000","11,735,000","17,208,000","-17,309,000","2,243,000","12,940,000","14,125,000","-985,000","9,865,000","12,671,000","11,771,000","-3,853,000","-5,092,000","-5,585,000","-1,690,000","-11,337,000","-7,811,000","4,007,000","1,055,000","-24,687,000","-8,040,000","-4,563,000","3,825,000","-7,184,000","-6,850,000","-2,672,000","8,060,000","-4,500,000","-3,900,000","6,600,000","5,600,000","-3,300,000","5,000,000","11,900,000","17,600,000","10,600,000","9,200,000","17,000,000","16,800,000","10,200,000","11,300,000","19,200,000","20,700,000","19,400,000","16,300,000","18,600,000","18,700,000","10,800,000","9,200,000","10,100,000","8,100,000","3,800,000","2,400,000","4,100,000","31,500,000","-75,900,000","28,300,000","28,300,000","28,200,000","-71,600,000","25,000,000","25,000,000","25,000,000"
NetNonOperatingInterestIncomeExpense,"-32,605,000","-7,907,000","-8,282,000","-7,818,000","-8,598,000","-7,523,000","-7,478,000","-7,251,000","-7,906,000","-7,920,000","-8,253,000","-8,164,000","-7,994,000","-7,593,000","-7,168,000","-7,140,000","-7,140,000","-6,901,000","-6,934,000","-6,665,000","-6,519,000","-6,748,000","-6,307,000","-7,785,000","-7,140,000","-8,101,000","-7,694,000","-7,837,000","-7,686,000","-8,148,000","-7,126,000","-8,855,000","-8,638,000","-8,907,000","-10,325,000","-11,820,000","-11,539,000","-17,313,000","-8,857,000","-5,815,000","-6,037,000","-6,090,000","-5,658,000","-6,616,000","-6,056,000","-6,280,000","-6,954,000","-5,867,000","-6,790,000","-7,056,000","-4,427,000","-3,997,000","-3,878,000","-3,944,000",,,,,,,,,,,,,,,,,,,,,,,,,,,,,,,,,,,,,,,,,,,,,,,,,,,,,,,,,,,,,,,,,,,,,,,,
	InterestIncomeNonOperating,"709,000",,,,,,,,"102,000","115,000","299,000","193,000","301,000","340,000","502,000","456,000","532,000","617,000","717,000","872,000","801,000","973,000","1,024,000","929,000","842,000","411,000","651,000","452,000","956,000","608,000","2,302,000","96,000","288,000","352,000","871,000","594,000","1,530,000","401,000","102,000","372,000","180,000","205,000",,,"93,000",,,,,,,,,,,,,,,,,,,,,,,,,,,,,,,,,,,,,,,,,,,,,,,,,,,,,,,,,,,,,,,,,,,,,,,,,,,,,,,,,
	InterestExpenseNonOperating,"32,605,000","7,907,000","8,282,000","7,818,000","8,598,000","7,523,000","7,478,000","7,251,000","8,008,000","8,035,000","8,552,000","8,357,000","8,295,000","7,933,000","7,670,000","7,596,000","7,672,000","7,518,000","7,651,000","7,537,000","7,320,000","7,721,000","7,331,000","8,714,000","7,982,000","8,512,000","8,345,000","8,289,000","8,642,000","8,756,000","9,428,000","8,951,000","8,926,000","9,259,000","11,196,000","12,414,000","13,069,000","10,441,000","8,959,000","6,187,000","6,217,000","6,295,000","6,214,000","6,616,000","6,149,000","6,280,000","6,954,000","5,867,000","6,790,000","7,056,000","4,427,000","3,997,000","3,878,000","3,944,000",,,,,,,,,,,,,,,,,,,,,,,,,,,,,,,,,,,,,,,,,,,,,,,,,,,,,,,,,,,,,,,,,,,,,,,,
	TotalOtherFinanceCost,,,,,,,,,,,,,,,,,,,,,,,,,,,,,,,,,,,"0",,,"7,273,000",,,,,,,,,,,,,,,,,,,,,,,,,,,,,,,,,,,,,,,,,,,,,,,,,,,,,,,,,,,,,,,,,,,,,,,,,,,,,,,,,,,,,,,,
OtherIncomeExpense,"-15,889,000","-4,866,000","3,469,000","1,064,000","-15,556,000","9,109,000","9,807,000","55,000","8,344,000","-9,921,000","2,684,000","2,800,000","529,000","6,379,000","-2,960,000","7,836,000","-1,665,000","2,701,000","-18,626,000","2,984,000","-3,850,000","6,666,000","2,057,000","3,047,000","4,389,000","8,317,000","5,043,000","-15,030,000","5,950,000","7,675,000","-53,100,000","-10,775,000","6,047,000","164,000","-24,302,000","8,128,000","18,492,000","1,018,000","53,392,000","2,067,000","433,000","6,017,000","2,653,000","-556,000","2,177,000","-15,942,000","-10,580,000","-72,000","-3,149,000","333,000","438,000","644,000","647,000","1,409,000","-40,257,000","-358,000","1,497,000","-1,242,000","-5,989,000","140,000","1,731,000","-15,125,000","2,254,000","-1,506,000","-1,028,000","-1,705,000","-11,478,000","-1,403,000","-8,155,000","-436,000","1,046,000","-3,916,000","876,000","-2,942,000","2,762,000","-2,462,000","2,005,000","478,000","-2,800,000","-8,850,000","1,680,000","328,000","-6,940,000","1,095,000","470,000","2,252,000","985,000","-38,000","38,743,000","216,000","1,000,000","400,000","-200,000","200,000","-400,000","300,000","400,000",,"200,000","900,000","400,000","500,000","300,000","6,100,000","1,600,000","500,000","800,000","1,200,000","1,400,000","100,000","700,000","-200,000","0","200,000","100,000","-200,000","200,000",,,,,,,,,
	GainOnSaleOfSecurity,"7,860,000","5,317,000","2,895,000","416,000","-768,000","9,477,000","-1,283,000","-1,336,000","8,836,000","-17,242,000","1,781,000","-2,266,000","-1,239,000","5,723,000","-3,993,000","855,000","-3,043,000","-4,311,000","-1,108,000","1,295,000","-4,760,000","5,340,000","1,285,000","958,000","2,182,000","4,823,000","601,000","-15,333,000","3,647,000","5,966,000","-19,377,000","-13,270,000","3,747,000","-1,697,000","-3,219,000","6,175,000","-5,898,000","-120,000",,,,,,,,,,,,,,,,,,,,,,,,,,,,,,,,,,,,,,,,,,,,,,,,,,,,,,,,,,,,,,,,,,,,,,,,,,,,,,,,,,,,,,,,
	EarningsFromEquityInterest,"990,000","248,000","409,000","273,000","60,000","64,000","124,000","227,000","-2,241,000","605,000","100,000","445,000","974,000","875,000","794,000","1,016,000","1,067,000","1,116,000","874,000","1,391,000","530,000","849,000","567,000","800,000","1,152,000","497,000","415,000","515,000","867,000","-7,000","-5,000","1,163,000","532,000","418,000","329,000","826,000","460,000","-185,000",,,,,,,,,,,,,,,,,,,,,,,,,,,,,,"322,000","846,000","1,192,000","857,000","-367,000","788,000",,,,,,,,,,,,,,,,,,,,,,,,,,,,,,,,,,,,,,,,,,,,,,,,,,,,,
	SpecialIncomeCharges,"-25,584,000","-10,780,000","-40,000","132,000","-14,896,000","791,000","8,125,000","-58,000","544,000","6,586,000","-708,000","4,636,000","397,000","370,000","0",,,"181,000","-18,613,000","-542,000","70,000","-262,000","0","732,000","0","2,342,000","2,418,000","0","0","1,476,000","-33,133,000","0","0","516,000","-22,734,000","0","22,451,000","-6,357,000","47,428,000","2,067,000","433,000","6,017,000","2,653,000","-556,000","2,177,000","-15,942,000","-10,580,000","-72,000","-3,149,000","333,000",,,"647,000",,"-40,257,000","-358,000","1,497,000","-1,242,000","-5,989,000","140,000","1,731,000","-15,125,000","2,254,000","-1,506,000","-1,028,000","-1,705,000","-9,118,000","-1,725,000","-9,001,000","-1,628,000","189,000","-3,549,000","88,000","-2,942,000","2,762,000","-2,462,000","2,005,000","478,000","-2,800,000","-8,850,000","1,680,000","328,000","-6,940,000","1,095,000","470,000","2,252,000","985,000","-38,000","38,743,000","216,000","1,000,000","400,000","-200,000","200,000","-400,000","300,000","400,000",,"200,000","900,000","400,000","500,000","300,000","6,100,000","1,600,000","500,000","800,000","1,200,000","1,400,000","100,000","700,000","-200,000",,"200,000",,"-200,000","200,000",,,,,,,,,
		RestructuringAndMergernAcquisition,,,,,,,,,,,,,,,,,,,,,,,,,,,,,,,,,,,"0",,,,"-26,700,000",,,,,,,,,,,,,,,,,,,,,,,,,,,,,,,,,,,,,,,,,,,,,,,,,,,,,,,,,,,,,,,,,,,,,,,,,,,,,,,,,,,,,,,
		ImpairmentOfCapitalAssets,,,,,,,,,,,,,,,"0",,,,"9,917,000",,,,,,,,,"0","0",,"41,706,000","0","34,797,000",,,,,,,,,,,,,,,,,,,,,,,,,,,,,,,,,,,,,,,,,,,,,,,,,,,,,,,,,,,,,,,,,,,,,,,,,,,,,,,,,,,,,,,,,,,,,
		OtherSpecialCharges,,,"0",,"14,270,000",,"-3,664,000",,,"-4,936,000",,,,,,,,,"18,646,000",,,,,,,,,,,,,,,,"22,734,000",,"-22,451,000",,,,,,,,,,"-798,000","-401,000",,,,,,,,,,,,,,,,,,,,,,,,,,,,,,,,,,,,,,,,,,,,,,,,,,,,,,,,,,,,,,,,,,,,,,,,,,,,,,
		GainOnSaleOfBusiness,"-10,890,000","-10,890,000","0","0",,"0","4,855,000","0",,"1,302,000","0","4,695,000",,,,,,,,,,,,,,,,,,,,,,,,,,,,,,,,,,,"-11,378,000","-473,000",,,,,,,,,,,,,,,,,,,,,,,,,,,,,,,,,,,,,,,,,,,,,,,,,,,,,,,,,,,,,,,,,,,,,,,,,,,,,,
		GainOnSaleOfPPE,"-424,000","110,000","-40,000","132,000","-626,000","791,000","-394,000","-58,000","544,000","348,000",,"-59,000","397,000","370,000",,,,"181,000","33,000","-542,000","70,000","-262,000","0",,"0","2,342,000",,,,,,,,,,,,,,,,,,,,,,,,,,,,,,,,,,,,,,,,,,,,,,,,,,,,,,,,,,,,,,,,,,,,,,,,,,,,,,,,,,,,,,,,,,,,,,,,,,,,
	OtherNonOperatingIncomeExpenses,"845,000","349,000","205,000","243,000","48,000","-1,223,000","2,841,000","1,222,000","1,205,000","130,000","1,511,000","-15,000","397,000","-589,000","239,000","5,965,000","311,000","5,715,000","221,000","840,000","310,000","739,000","205,000","1,289,000","1,055,000","655,000","1,609,000","-212,000","1,436,000","1,716,000","-585,000","1,332,000","1,768,000","1,443,000","1,322,000","1,127,000","1,479,000","1,323,000","660,000",,,,,,,,,,,,,,,,,,,,,,,,,,,,,,,,,,,,,,,,,,,,,,,,,,,,,,,,,,,,,,,,,,,,,,,,,,,,,,,,,,,,,,,
PretaxIncome,"68,482,000","33,259,000","19,512,000","16,146,000","-435,000","15,817,000","-14,912,000","-13,112,000","-2,663,000","-27,444,000","-23,091,000","-17,980,000","-9,895,000","2,922,000","-11,053,000","5,519,000","7,420,000","13,900,000","-30,500,000","-8,822,000","-6,411,000","-7,143,000","-13,332,000","-12,992,000","1,199,000","-7,731,000","-20,808,000","-37,329,000","5,795,000","336,000","-89,563,000","-22,144,000","-32,058,000","-8,479,000","-34,076,000","13,363,000","43,859,000","31,588,000","17,303,000","32,418,000","75,365,000","55,487,000","16,505,000","34,215,000","40,075,000","4,657,000","-16,830,000","6,583,000","7,489,000","3,407,000","-34,114,000","-19,119,000","9,689,000","11,542,000","-29,895,000","17,171,000","22,178,000","13,556,000","-826,000","-800,000","10,477,000","-4,967,000","-15,899,000","813,000","9,339,000","14,321,000","-19,468,000","371,000","3,766,000","12,446,000","-2,500,000","2,116,000","8,932,000","6,667,000","-6,221,000","-12,642,000","-8,618,000","-6,187,000","-19,111,000","-21,872,000","510,000","-3,820,000","-29,813,000","-11,878,000","-9,489,000","438,000","-11,447,000","-12,007,000","30,443,000","1,713,000","-9,500,000","-9,500,000","500,000","200,000","-8,600,000","700,000","7,700,000","13,400,000","6,500,000","5,800,000","13,200,000","15,000,000","7,500,000","14,800,000","16,900,000","17,700,000","16,300,000","14,800,000","16,700,000","15,500,000","8,800,000","6,900,000","8,200,000","6,100,000","2,300,000","1,900,000","3,800,000",,,,,,,,,
TaxProvision,"7,236,000","8,681,000","-8,778,000","5,342,000","1,991,000","2,594,000","4,569,000","342,000","1,980,000","55,000","2,714,000","2,064,000","-3,218,000","1,915,000","3,024,000","2,841,000","1,683,000","-786,000","5,239,000","2,396,000","126,000","3,442,000","703,000","-2,074,000","3,648,000","1,004,000","35,087,000","283,000","1,515,000","1,396,000","-6,174,000","-5,127,000","-7,167,000","-3,351,000","-13,866,000","5,711,000","21,003,000","12,199,000","21,891,000","13,589,000","31,040,000","20,093,000","2,414,000","12,690,000","14,798,000","7,693,000","-6,526,000","2,568,000","2,920,000","1,329,000","-7,631,000","-8,006,000","3,779,000","4,501,000","-11,489,000","6,868,000","8,872,000","5,422,000","254,000","78,000","5,515,000","-2,484,000","-6,359,000","325,000","3,736,000","5,728,000",,"-811,000","-434,000","1,245,000","-1,207,000","635,000","3,289,000","1,391,000",,"740,000","-431,000","-309,000","-3,380,000","-4,208,000","127,000","-955,000","-8,282,000","-2,376,000","-2,891,000","210,000","-3,480,000","-4,562,000","11,568,000","651,000","-3,600,000","-3,600,000","200,000","100,000","-3,300,000","300,000","2,900,000","5,100,000","2,500,000","2,200,000","5,000,000","5,700,000","2,800,000","5,600,000","6,400,000","6,700,000","6,500,000","5,900,000","6,700,000","6,200,000","3,500,000","2,600,000","3,100,000","2,300,000","900,000","700,000","1,400,000",,,,,,,,,
NetIncomeCommonStockholders,"59,934,000","23,922,000","27,598,000","11,187,000","-2,773,000","13,574,000","-17,214,000","-12,643,000","-5,045,000","-25,486,000","-24,835,000","-19,635,000","-7,085,000","1,201,000","-13,432,000","-1,750,000","1,019,000","14,022,000","-32,690,000","-12,900,000","-10,333,000","-10,512,000","-14,065,000","-11,319,000","-3,799,000","-14,360,000","-57,427,000","-42,527,000","6,771,000","232,000","-53,046,000","-9,067,000","-20,511,000","2,163,000","-15,580,000","8,093,000","23,217,000","19,475,000","-3,501,000","19,579,000","44,056,000","35,419,000","14,461,000","21,163,000","25,285,000","-3,036,000","-10,304,000","4,015,000","4,569,000","2,078,000","-26,483,000","-11,113,000","5,910,000","7,041,000","-18,406,000","10,303,000","13,306,000","8,134,000","-8,848,000","-878,000","4,962,000","-2,483,000","-9,540,000","488,000","5,603,000","8,593,000","-5,541,000","1,182,000","4,200,000","11,201,000","-1,293,000","1,481,000","5,643,000","5,276,000","-9,210,000","-13,382,000","-8,187,000","-5,878,000","-15,731,000","-17,664,000","383,000","-2,865,000","-21,531,000","-9,502,000","-3,984,000","228,000","-7,967,000","-7,445,000","18,875,000","1,062,000","-5,900,000","-5,900,000","300,000","100,000","-5,300,000","400,000","4,800,000","8,300,000","4,000,000","3,600,000","8,200,000","9,300,000","4,700,000","9,200,000","10,500,000","11,000,000","9,800,000","8,900,000","10,000,000","9,300,000","5,300,000","4,300,000","5,100,000","3,800,000","1,400,000","1,200,000","2,400,000","1,400,000","1,100,000","800,000","800,000","800,000","-900,000","-900,000","-900,000","-900,000"
	NetIncome,"59,934,000","23,922,000","27,598,000","11,187,000","-2,773,000","13,574,000","-17,214,000","-12,643,000","-5,045,000","-25,486,000","-24,835,000","-19,144,000","-6,424,000","1,977,000","-12,291,000","2,295,000","5,697,000","16,365,000","-30,278,000","-12,018,000","-6,293,000","-11,453,000","-12,984,000","-9,952,000","-1,899,000","-9,152,000","-51,160,000","-31,476,000","6,771,000","232,000","-53,046,000","-9,067,000","-20,511,000","2,163,000","-15,580,000","8,093,000","23,217,000","19,475,000","-3,501,000","19,579,000","44,056,000","35,419,000","14,461,000","21,163,000","25,285,000","-3,036,000","-10,304,000","4,015,000","4,569,000","2,078,000","-26,483,000","-11,113,000","5,910,000","7,041,000","-18,406,000","10,303,000","13,306,000","8,134,000","-8,848,000","-878,000","4,962,000","-2,483,000","-9,540,000","488,000","5,603,000","8,593,000","-5,541,000","1,182,000","4,200,000","11,201,000","-1,293,000","1,481,000","5,643,000","5,276,000","-9,210,000","-13,382,000","-8,187,000","-5,878,000","-15,731,000","-17,664,000","383,000","-2,865,000","-21,531,000","-9,502,000","-3,984,000","228,000","-7,967,000","-7,445,000","18,875,000","1,062,000","-5,900,000","-5,900,000","300,000","100,000","-5,300,000","400,000","4,800,000","8,300,000","4,000,000","3,600,000","8,200,000","9,300,000","4,700,000","9,200,000","10,500,000","11,000,000","9,800,000","8,900,000","10,000,000","9,300,000","5,300,000","4,300,000","5,100,000","3,800,000","1,400,000","1,200,000","2,400,000","1,400,000","1,100,000","800,000","800,000","800,000","-900,000","-900,000","-900,000","-900,000"
		NetIncomeIncludingNoncontrollingInterests,"61,246,000","24,578,000","28,290,000","10,804,000","-2,426,000","13,223,000","-19,481,000","-13,454,000","-4,643,000","-27,499,000","-25,805,000","-20,044,000","-6,677,000","1,007,000","-14,077,000","2,678,000","5,737,000","14,686,000","-35,739,000","-11,218,000","-6,537,000","-10,585,000","-14,035,000","-10,918,000","-2,449,000","-8,735,000","-55,895,000","-37,612,000","4,280,000","-1,060,000","-83,389,000","-17,017,000","-24,891,000","-5,128,000","-20,210,000","7,652,000","22,856,000","19,389,000","-4,588,000","18,829,000","44,325,000","35,394,000","14,091,000","21,525,000","25,277,000","-3,036,000","-10,304,000","4,015,000","4,569,000","2,078,000","-26,483,000","-11,113,000","5,910,000","7,041,000","-18,406,000","10,303,000","13,306,000","8,134,000","-8,848,000","-878,000","4,962,000","-2,483,000","-9,540,000","488,000","5,603,000","8,593,000","-5,541,000","1,182,000","4,200,000","11,201,000","-1,293,000","1,481,000","5,643,000","5,276,000","-9,210,000","-13,382,000","-8,187,000","-5,878,000","-15,731,000","-17,664,000","383,000","-2,865,000","-21,531,000","-9,502,000","-3,984,000","228,000","-7,967,000","-7,445,000","18,875,000","1,062,000","-5,900,000","-5,900,000","300,000","100,000","-5,300,000","400,000","4,800,000","8,300,000","4,000,000","3,600,000","8,200,000","9,300,000","4,700,000","9,200,000","11,800,000","11,700,000","10,600,000","9,300,000","10,000,000","9,300,000","5,300,000","4,300,000","5,100,000","3,800,000","1,400,000","1,200,000","2,400,000","1,400,000","1,100,000","800,000","800,000","800,000","-900,000","-900,000","-900,000","-900,000"
			NetIncomeContinuousOperations,"61,246,000","24,578,000","28,290,000","10,804,000","-2,426,000","13,223,000","-19,481,000","-13,454,000","-4,643,000","-27,499,000","-25,805,000","-20,044,000","-6,677,000","1,007,000","-14,077,000","2,678,000","5,737,000","14,686,000","-35,739,000","-11,218,000","-6,537,000","-10,585,000","-14,035,000","-10,918,000","-2,449,000","-8,735,000","-55,895,000","-37,612,000","4,280,000","-1,060,000","-83,389,000","-17,017,000","-24,891,000","-5,128,000","-20,210,000","7,652,000","22,856,000","19,389,000","-4,588,000","18,829,000","44,325,000","35,394,000","14,091,000","21,525,000","25,277,000","-3,036,000","-10,304,000","4,015,000","4,569,000","2,078,000","-26,483,000","-11,113,000","5,910,000","7,041,000","-18,406,000","10,303,000","13,306,000","8,134,000","-8,848,000","-878,000","4,962,000","-2,483,000","-9,540,000","488,000","5,603,000","8,593,000","-5,541,000","1,182,000","4,200,000","11,201,000","-1,293,000","1,481,000","5,643,000","5,276,000","-9,210,000","-13,382,000","-8,187,000","-5,878,000","-15,731,000","-17,664,000","383,000","-2,865,000","-21,531,000","-9,502,000","-6,598,000","228,000","-7,967,000","-7,445,000","18,875,000","1,062,000","-5,900,000","-5,900,000","300,000","100,000","-5,300,000","400,000","4,800,000","8,300,000","4,000,000","3,600,000","8,200,000","9,300,000","4,700,000","9,200,000","10,500,000","11,000,000","9,800,000","8,900,000","10,000,000","9,300,000","5,300,000","4,300,000","5,100,000","3,800,000","1,400,000","1,200,000","2,400,000","1,400,000","1,100,000","1,000,000","1,000,000","1,000,000","-900,000","-900,000","-900,000","-900,000"
			NetIncomeExtraordinary,,,,,,,,,,,,,,,,,,,,,,,,,,,,,,,,,,,,,,,,,,,,,,,,,,,,,,,,,,,,,,,,,,,,,,,,,,,,,,,,,,,,,,,,,,,,,,,,,,,,,,,,,,,,,,,,,,,,,,,"0","-100,000","-100,000","-100,000",,,,
			NetIncomeFromTaxLossCarryforward,,,,,,,,,,,,,,,,,,,,,,,,,,,,,,,,,,,,,,,,,,,,,,,,,,,,,,,,,,,,,,,,,,,,,,,,,,,,,,,,,,,"0",,"2,614,000",,,,,,,,,,,,,,,,,,,,,,,,,,,,,,,,,,"0","-100,000","-100,000","-100,000",,,,
		MinorityInterests,"-1,312,000","-656,000","-692,000","383,000","-347,000","351,000","2,267,000","811,000","-402,000","2,013,000","970,000","900,000","253,000","970,000","1,786,000","-383,000","-40,000","1,679,000","5,461,000","-800,000","244,000","-868,000","1,051,000","966,000","550,000","-417,000","4,735,000","6,136,000","2,491,000","1,292,000","30,343,000","7,950,000","4,380,000","7,291,000","4,630,000","441,000","361,000","86,000","1,087,000","750,000","-269,000","25,000","370,000","-362,000","8,000",,,,,,,,,,,,,,,,,,,,,,,,,,,,,,,,,,,,,,,,,,,,,,,,,,,,,,,,,,"0","0","-1,300,000","-700,000","-800,000","-400,000",,,,,,,,,,,,,,,,,,
	PreferredStockDividends,,,,,,,,,,,,,,,,,,,,,,,"1,081,000",,,,"6,267,000","11,051,000",,,,,,,,,,,,,,,,,,,,,,,,,,,,,,,,,,,,,,,,,,,,,,,,,,,,,,,,,,,,,,,,,,,,,,,,,,,,,,,,,,,,,,,,,,,,,,,,,,
	OtherunderPreferredStockDividend,,,,,,,"0","0","0","0","0","491,000","661,000","776,000","1,141,000","4,045,000","4,678,000","2,343,000","2,412,000","882,000","4,040,000","-941,000","1,081,000","1,367,000","1,900,000","5,208,000","6,267,000","11,051,000",,,,,,,,,,,,,,,,,,,,,,,,,,,,,,,,,,,,,,,,,,,,,,,,,,,,,,,,,,,,,,,,,,,,,,,,,,,,,,,,,,,,,,,,,,,,,,,,,,
AverageDilutionEarnings,,,,,,,,,,,,,,,,,,,,,,,,,"0",,,,"609,000",,"0","0","0",,"609,000","610,000","609,000","772,000",,,,,,,,,,,,,,,,,,,,,,,,,,,,,,,,,,,,,,,,,,,,,,,,,,,,,,,,,,,,,,,,,,,,,,,,,,,,,,,,,,,,,,,,
DilutedNIAvailtoComStockholders,"59,934,000","23,922,000","27,598,000","11,187,000","-2,773,000","13,574,000","-17,214,000","-12,643,000","-5,045,000","-25,486,000","-24,835,000","-19,635,000","-7,085,000","1,201,000","-13,432,000","-1,750,000","1,019,000","14,022,000","-32,690,000","-12,900,000","-10,333,000","-10,512,000","-14,065,000","-11,319,000","-3,799,000","-14,360,000","-57,427,000","-42,527,000","7,380,000","232,000","-53,046,000","-9,067,000","-20,511,000","2,163,000","-14,971,000","8,703,000","23,826,000","20,247,000","1,071,000","19,579,000","44,056,000","35,419,000","14,461,000","21,163,000","25,285,000","-3,036,000","-10,304,000","4,015,000","4,569,000","2,078,000","-26,483,000","-11,113,000","5,910,000","7,041,000","-18,406,000","10,303,000","13,306,000","8,134,000","-8,848,000","-878,000","4,962,000","-2,483,000","-9,540,000","488,000","5,603,000","8,593,000","-5,541,000","1,182,000","4,200,000","11,201,000","-1,293,000","1,481,000","5,643,000","5,276,000","-9,210,000","-13,382,000","-8,187,000","-5,878,000","-15,731,000","-17,664,000","383,000","-2,865,000","-21,531,000","-9,502,000","-3,984,000","228,000","-7,967,000","-7,445,000","18,875,000","1,062,000","-5,900,000","-5,900,000","300,000","100,000","-5,300,000","400,000","4,800,000","8,300,000","4,000,000","3,600,000","8,200,000","9,300,000","4,700,000","9,200,000","10,500,000","11,000,000","9,800,000","8,900,000","10,000,000","9,300,000","5,300,000","4,300,000","5,100,000","3,800,000","1,400,000","1,200,000","2,400,000","1,400,000","1,100,000","800,000","800,000","800,000","-900,000","-900,000","-900,000","-900,000"
BasicEPS,,"0.37","0.44","0.18","-0.04","0.22","-0.28","-0.21","-0.08","-0.42","-0.41","-0.33","-0.12","0.02","-0.22","-0.03","0.02","0.23","-0.55","-0.22","-0.17","-0.18","-0.26","-0.21","-0.07","-0.27","-1.07","-0.79","0.13","0.004","-0.99","-0.17","-0.38","0.04","-0.29","0.15","0.43","0.38","-0.07","0.46","1.05","0.84","0.34","0.5","0.6","-0.07",,"0.12","0.13","0.06",,"-0.32","0.17","0.2",,"0.3","0.384","0.24",,"-0.024","0.144","-0.096",,"0.016","0.224","0.352",,"0.048","0.2","0.544",,"0.072","0.256","0.2",,"-0.512","-0.312","-0.224",,"-0.68","0.016","-0.112",,"-0.368","-0.152","0.008",,"-0.288","0.728","0.04",,"-0.224","0.008","0.008",,"0.016","0.176","0.304",,"0.136","0.304","0.288",,"0.328","0.368","0.392",,"0.336","0.299","0.299",,"0.1","0.1","0.075",,"0.025","0.05","0.025",,"0.025","0.025","0.025",,"-0.025","-0.025","-0.025"
DilutedEPS,,"0.37","0.44","0.18","-0.04","0.22","-0.28","-0.21","-0.08","-0.42","-0.41","-0.33","-0.12","0.02","-0.22","-0.03","0.02","0.23","-0.55","-0.22","-0.17","-0.18","-0.26","-0.21","-0.07","-0.27","-1.07","-0.79","0.12","0.004","-0.99","-0.17","-0.38","0.04","-0.29","0.15","0.4","0.3","-0.07","0.39","0.84","0.68","0.29","0.42","0.49","-0.07",,"0.11","0.12","0.06",,"-0.32","0.17","0.2",,"0.3","0.384","0.232",,"-0.024","0.144","-0.096",,"0.016","0.192","0.288",,"0.048","0.184","0.408",,"0.072","0.256","0.2",,"-0.512","-0.312","-0.224",,"-0.68","0.016","-0.112",,"-0.368","-0.152","0.008",,"-0.288","0.728","0.04",,"-0.224","0.008","0.008",,"0.016","0.176","0.304",,"0.136","0.304","0.288",,"0.272","0.304","0.32",,"0.28","0.224","0.224",,"0.075","0.075","0.075",,"0.025","0.05","0.025",,"0.025","0.025","0.025",,"-0.025","-0.025","-0.025"
BasicAverageShares,,"63,860,000","62,861,000","62,340,000","61,717,000","61,466,000","61,376,000","60,926,000","60,602,000","60,360,000","60,287,000","60,161,000","60,000,000","59,946,000","59,917,000","59,897,000","59,750,000","59,711,000","59,618,000","59,600,000","59,557,000","58,572,000","53,978,000","53,946,000","53,884,000","53,854,000","53,729,000","53,707,000","53,686,000","53,663,000","53,534,000","53,497,000","53,486,000","53,470,000","53,453,000","53,440,000","53,426,000","51,816,000","47,047,000","42,180,000","42,158,000","42,105,000","42,088,000","42,028,000","41,981,000","40,511,000",,"34,868,000","34,815,000","34,772,000",,"34,746,000","34,704,000","34,624,000",,"34,499,000","34,357,500","34,265,000",,"34,138,750","34,016,250","26,017,500",,"24,663,750","24,618,750","24,480,000",,"24,277,500","21,125,000","20,440,000",,"20,405,000","21,723,750","26,496,250",,"26,325,000","26,141,250","25,986,250",,"26,020,000","25,961,250","25,908,750",,"25,845,000","25,787,500","25,781,250",,"25,866,250","25,867,500","25,832,500",,"26,339,286","25,793,750","26,087,500",,"25,000,000","27,272,727","27,302,632",,"26,470,588","26,973,684","32,291,667",,"28,048,780","28,532,609","28,061,224",,"26,488,095","33,482,143","20,893,750",,"20,181,250","20,181,250","20,181,250",,"16,858,750","16,858,750","16,978,750",,"17,093,750","17,093,750","17,093,750",,"36,160,714","36,160,714","36,160,714"
DilutedAverageShares,,"64,350,000","63,163,000","62,601,000","61,717,000","62,414,000","61,376,000","60,926,000","60,602,000","60,360,000","60,287,000","60,161,000","60,000,000","59,946,000","59,917,000","59,897,000","59,878,000","59,876,000","59,618,000","59,600,000","59,557,000","58,572,000","53,978,000","53,946,000","53,884,000","53,854,000","53,729,000","53,707,000","59,489,000","53,817,000","53,534,000","53,497,000","53,486,000","53,774,000","53,453,000","59,391,000","59,504,000","66,614,000","47,278,000","53,326,000","53,516,000","53,450,000","53,254,000","53,061,000","53,394,000","40,511,000",,"51,773,000","51,407,000","35,329,000",,"34,746,000","35,265,000","35,177,000",,"34,883,000","34,773,750","34,737,500",,"34,138,750","34,686,250","26,017,500",,"25,075,000","32,601,250","32,406,250",,"24,521,250","31,482,500","31,338,750",,"20,532,500","21,795,000","26,496,250",,"26,325,000","26,141,250","25,986,250",,"26,020,000","25,967,500","25,908,750",,"25,845,000","25,787,500","25,781,250",,"25,866,250","25,867,500","25,832,500",,"26,339,286","25,793,750","26,087,500",,"25,000,000","27,272,727","27,302,632",,"26,470,588","26,973,684","32,291,667",,"33,823,529","34,539,474","34,375,000",,"31,785,714","33,482,143","20,893,750",,"20,181,250","20,181,250","20,181,250",,"16,858,750","16,858,750","16,978,750",,"17,093,750","17,093,750","17,093,750",,"36,160,714","36,160,714","36,160,714"
TotalOperatingIncomeAsReported,"115,652,000","44,708,000","24,325,000","22,900,000","23,719,000","14,231,000","-15,839,000","-6,808,000","-3,101,000","-9,603,000","-17,522,000","-12,616,000","-2,430,000","4,136,000","-925,000","4,823,000","16,225,000","18,100,000","-4,940,000","-5,141,000","3,958,000","-7,061,000","-9,082,000","-8,254,000","3,950,000","-7,947,000","-18,157,000","-14,462,000","7,531,000","809,000","-65,908,000","-2,514,000","-29,467,000","264,000","551,000","17,055,000","36,906,000","47,883,000","-1,098,000","36,166,000","80,969,000","58,671,000","19,510,000","41,387,000","43,954,000","26,879,000","704,000","12,522,000","17,428,000","10,130,000","-30,125,000","-15,766,000","12,920,000","14,077,000","11,549,000","21,263,000","24,389,000","16,120,000","-5,378,000","2,697,000","13,176,000","14,343,000","-11,639,000","4,707,000","11,735,000","17,208,000","-17,309,000","2,243,000","12,940,000","14,125,000","-985,000","9,865,000","12,671,000","11,771,000","-3,853,000","-5,092,000","-5,585,000","-1,690,000","-11,337,000","-7,811,000","4,007,000","1,055,000","-24,687,000","-8,040,000","-4,563,000","3,825,000","-7,184,000","-6,850,000","-2,672,000","8,060,000","-4,500,000","-3,900,000","6,600,000","5,600,000","-3,300,000","5,000,000","11,900,000","17,600,000","10,600,000","9,200,000","17,000,000","16,800,000","10,200,000","11,300,000","19,200,000","20,700,000","19,400,000","16,300,000","18,600,000","18,700,000","10,800,000","9,200,000","10,100,000","8,100,000","3,800,000","2,400,000","4,100,000",,,,,,,,,
TotalExpenses,"1,815,718,000","509,965,000","463,351,000","427,482,000","414,920,000","389,287,000","344,149,000","310,688,000","289,234,000","351,103,000","319,312,000","358,521,000","393,027,000","406,238,000","364,328,000","379,896,000","412,679,000","407,282,000","380,974,000","376,129,000","360,441,000","364,562,000","316,376,000","314,449,000","326,264,000","329,741,000","325,966,000","323,298,000","368,536,000","401,250,000","412,614,000","452,093,000","553,198,000","538,676,000","493,856,000","480,455,000","556,385,000","530,504,000","520,870,000","368,553,000","378,264,000","404,417,000","383,407,000","357,418,000","360,493,000","253,950,000","231,965,000","210,296,000","212,228,000","186,318,000","164,939,000","157,262,000","194,063,000","218,527,000","247,049,000","234,200,000","244,725,000","237,405,000","210,316,000","192,775,000","197,157,000","211,935,000","177,202,000","151,413,000","163,459,000","165,369,000","113,892,000","100,469,000","121,769,000","122,004,000","106,905,000","106,622,000","108,517,000","155,205,000","124,322,000","116,310,000","136,586,000","130,674,000","119,944,000","112,471,000","121,830,000","122,661,000","125,247,000","108,559,000","124,912,000","132,222,000","120,552,000","126,648,000","148,248,000","156,267,000","138,900,000","139,900,000","152,400,000","153,000,000","146,300,000","144,200,000","169,300,000","169,800,000","155,300,000","147,500,000","170,400,000","163,400,000","134,400,000","134,400,000","147,800,000","156,600,000","138,900,000","133,200,000","139,000,000","139,000,000","103,800,000","88,600,000","92,600,000","83,800,000","48,300,000","28,400,000","31,900,000",,,,,,,,,
NetIncomeFromContinuingAndDiscontinuedOperation,"59,934,000","23,922,000","27,598,000","11,187,000","-2,773,000","13,574,000","-17,214,000","-12,643,000","-5,045,000","-25,486,000","-24,835,000","-19,144,000","-6,424,000","1,977,000","-12,291,000","2,295,000","5,697,000","16,365,000","-30,278,000","-12,018,000","-6,293,000","-11,453,000","-12,984,000","-9,952,000","-1,899,000","-9,152,000","-51,160,000","-31,476,000","6,771,000","232,000","-53,046,000","-9,067,000","-20,511,000","2,163,000","-15,580,000","8,093,000","23,217,000","19,475,000","-3,501,000","19,579,000","44,056,000","35,419,000","14,461,000","21,163,000","25,285,000","-3,036,000","-10,304,000","4,015,000","4,569,000","2,078,000","-26,483,000","-11,113,000","5,910,000","7,041,000","-18,406,000","10,303,000","13,306,000","8,134,000","-8,848,000","-878,000","4,962,000","-2,483,000","-9,540,000","488,000","5,603,000","8,593,000","-5,541,000","1,182,000","4,200,000","11,201,000","-1,293,000","1,481,000","5,643,000","5,276,000","-9,210,000","-13,382,000","-8,187,000","-5,878,000","-15,731,000","-17,664,000","383,000","-2,865,000","-21,531,000","-9,502,000","-6,598,000","228,000","-7,967,000","-7,445,000","18,875,000","1,062,000","-5,900,000","-5,900,000","300,000","100,000","-5,300,000","400,000","4,800,000","8,300,000","4,000,000","3,600,000","8,200,000","9,300,000","4,700,000","9,200,000","10,500,000","11,000,000","9,800,000","8,900,000","10,000,000","9,300,000","5,300,000","4,300,000","5,100,000","3,800,000","1,400,000","1,200,000","2,400,000","1,400,000","1,100,000","1,000,000","1,000,000","1,000,000","-900,000","-900,000","-900,000","-900,000"
NormalizedIncome,"75,785,232.499","27,959,157","25,513,850","10,820,388","8,661,720","4,989,952","-22,208,660","-11,625,380","-11,892,400","-17,707,120","-25,618,290","-20,874,100","-5,859,860","-2,470,890","-9,376,110","1,670,850","8,040,110","19,379,900","-18,445,400","-12,469,800","-3,479,000","-14,499,800","-13,755,000","-10,756,720","-3,208,200","-13,451,000","-52,971,400","-22,276,200","4,072,220","-3,347,600","-4,155,761.955","1,150,900","-23,420,307.412","3,181,200","1,289,450","4,079,250","12,457,550","19,548,200","-34,993,500","18,235,450","43,774,550","31,580,881.197","12,196,024.356","21,512,785.182","23,911,873.886","7,326,300","-3,826,500.297","4,058,913.11","6,490,188.543","1,874,896.39","-26,483,000","-11,113,000","5,515,349.365","7,041,000","6,379,761.565","10,517,808.34","12,407,800","8,879,236.648","-4,955,150","-969,000","3,836,850","7,348,250","-10,892,485.062","1,391,970.48","6,219,800","9,616,047.622","3,577,000","2,217,000","9,600,600","12,666,147.678","-1,406,400","3,964,964.556","5,587,403.941","7,604,182.391","-11,972,000","-11,904,800","-10,091,726.735","-6,332,127.041","-13,426,212.181","-10,516,670.08","-878,647.059","-3,111,000","-16,518,920.035","-10,377,963.125","-6,924,805.775","-1,123,200","-8,652,550.363","-7,421,437.911","-5,146,092.698","928,087.566","-6,521,052.632","-6,148,421.053","420,000","-20,000","-5,053,488.372","220,000","4,550,649.351","8,300,000","3,876,923.077","3,041,379.31","7,951,515.152","8,990,000","4,512,000","5,408,108.108","9,505,917.16","10,689,265.537","9,319,018.405","8,178,378.378","9,160,000","9,240,000","4,878,409.091","4,424,637.681","5,100,000","3,675,409.836","1,400,000","1,326,315.789","2,273,684.211","1,400,000","1,100,000","1,000,000","1,000,000","1,000,000","-900,000","-900,000","-900,000","-900,000"
InterestIncome,"709,000",,,,,,,,"102,000","115,000","299,000","193,000","301,000","340,000","502,000","456,000","532,000","617,000","717,000","872,000","801,000","973,000","1,024,000","929,000","842,000","411,000","651,000","452,000","956,000","608,000","2,302,000","96,000","288,000","352,000","871,000","594,000","1,530,000","401,000","102,000","372,000","180,000","205,000",,,"93,000",,,,,,,,,,,,,"515,000","677,000","835,000",,,"163,000","162,000","223,000",,,,,,,,,,,,,,,,,,,,,,,,,,,,,,,,,,,,,,,,,,,,,,,,,,,,,,,,,,,,,
InterestExpense,"32,605,000","7,907,000","8,282,000","7,818,000","8,598,000","7,523,000","7,478,000","7,251,000","8,008,000","8,035,000","8,552,000","8,357,000","8,295,000","7,933,000","7,670,000","7,596,000","7,672,000","7,518,000","7,651,000","7,537,000","7,320,000","7,721,000","7,331,000","8,714,000","7,982,000","8,512,000","8,345,000","8,289,000","8,642,000","8,756,000","9,428,000","8,951,000","8,926,000","9,259,000","11,196,000","12,414,000","13,069,000","10,441,000","8,959,000","6,187,000","6,217,000","6,295,000","6,214,000","6,616,000","6,149,000","6,280,000","6,954,000","5,867,000","6,790,000","7,056,000","4,427,000","3,997,000","3,878,000","3,944,000","3,696,000","3,734,000","3,708,000","3,984,000","4,059,000","4,472,000","4,430,000",,"5,004,000","4,565,000","3,709,000","3,723,000","1,894,000",,"2,353,000","2,589,000","2,561,000",,"4,615,000","5,150,000","5,130,000","5,088,000",,,"4,974,000","5,211,000","5,177,000","5,203,000","4,951,000","4,933,000","5,396,000","5,639,000","5,248,000","5,119,000",,"6,563,000",,"6,000,000",,"5,600,000","4,900,000","4,700,000",,,,,"4,300,000","2,500,000","2,900,000","2,500,000","2,500,000","2,700,000","3,200,000","2,400,000","3,100,000","3,300,000","2,500,000","2,100,000","1,900,000","2,000,000","1,600,000","300,000","500,000",,,,,,,,,
NetInterestIncome,"-32,605,000","-7,907,000","-8,282,000","-7,818,000","-8,598,000","-7,523,000","-7,478,000","-7,251,000","-7,906,000","-7,920,000","-8,253,000","-8,164,000","-7,994,000","-7,593,000","-7,168,000","-7,140,000","-7,140,000","-6,901,000","-6,934,000","-6,665,000","-6,519,000","-6,748,000","-6,307,000","-7,785,000","-7,140,000","-8,101,000","-7,694,000","-7,837,000","-7,686,000","-8,148,000","-7,126,000","-8,855,000","-8,638,000","-8,907,000","-10,325,000","-11,820,000","-11,539,000","-17,313,000","-8,857,000","-5,815,000","-6,037,000","-6,090,000","-5,658,000","-6,616,000","-6,056,000","-6,280,000","-6,954,000","-5,867,000","-6,790,000","-7,056,000","-4,427,000","-3,997,000","-3,878,000","-3,944,000","-2,344,000","-3,734,000","-3,708,000","-3,469,000","-3,382,000","-3,637,000","-4,430,000",,"-4,841,000","-4,403,000","-3,486,000","-3,723,000","-1,894,000",,"-2,353,000","-2,589,000","-2,561,000",,"-4,615,000","-5,150,000","-5,130,000","-5,088,000",,,"-4,974,000","-5,211,000","-5,177,000","-5,203,000","-4,951,000","-4,933,000","-5,396,000","-5,639,000","-5,248,000","-5,119,000",,"-6,563,000",,"-6,000,000",,"-5,600,000","-4,900,000","-4,700,000",,,,,"-4,300,000","-2,500,000","-2,900,000","-2,500,000","-2,500,000","-2,700,000","-3,200,000","-2,400,000","-3,100,000","-3,300,000","-2,500,000","-2,100,000","-1,900,000","-2,000,000","-1,600,000","-300,000","-500,000",,,,,,,,,
EBIT,"101,087,000","41,166,000","27,794,000","23,964,000","8,163,000","23,340,000","-7,434,000","-5,861,000","5,345,000","-19,409,000","-14,539,000","-9,623,000","-1,600,000","10,855,000","-3,383,000","13,115,000","15,092,000","21,418,000","-22,849,000","-1,285,000","909,000","578,000","-6,001,000","-4,278,000","9,181,000","781,000","-12,463,000","-29,040,000","14,437,000","9,092,000","-80,135,000","-13,193,000","-23,132,000","780,000","-22,880,000","25,777,000","56,928,000","42,029,000","26,262,000","38,605,000","81,582,000","61,782,000","22,719,000","40,831,000","46,224,000","10,937,000","-9,876,000","12,450,000","14,279,000","10,463,000","-29,687,000","-15,122,000","13,567,000","15,486,000","-23,640,000","21,263,000","24,389,000","16,120,000","-5,378,000","2,697,000","13,176,000","14,343,000","-11,639,000","4,707,000","11,735,000","17,208,000","-17,309,000","2,243,000","12,940,000","14,125,000","-985,000","9,865,000","12,671,000","11,771,000","-3,853,000","-5,092,000","-5,585,000","-1,690,000","-11,337,000","-7,811,000","4,007,000","1,055,000","-24,687,000","-8,040,000","-4,563,000","3,825,000","-7,184,000","-6,850,000","-2,672,000","8,060,000","-4,500,000","-3,900,000","6,600,000","5,600,000","-3,300,000","5,000,000","11,900,000","17,600,000","10,600,000","9,200,000","17,000,000","16,800,000","10,200,000","11,300,000","19,200,000","20,700,000","19,400,000","16,300,000","18,600,000","18,700,000","10,800,000","9,200,000","10,100,000","8,100,000","3,800,000","2,400,000","4,100,000","31,500,000","-75,900,000","28,300,000","28,300,000","28,200,000","-71,600,000","25,000,000","25,000,000","25,000,000"
EBITDA,"147,866,000"
ReconciledCostOfRevenue,"1,661,688,000","469,268,000","425,161,000","390,090,000","377,169,000","350,253,000","301,017,000","273,455,000","256,266,000","314,256,000","283,458,000","318,805,000","352,289,000","365,110,000","326,714,000","341,015,000","370,592,000","365,821,000","340,712,000","331,323,000","320,837,000","317,772,000","274,751,000","273,219,000","285,139,000","289,906,000","290,000,000","282,683,000","325,014,000","359,265,000","365,043,000","404,280,000","501,171,000","484,390,000","445,129,000","435,004,000","506,636,000","481,636,000","442,109,000","337,558,000","377,147,000","369,725,000","344,409,000","345,811,000","340,556,000","224,557,000","206,676,000","194,872,000","195,753,000","170,361,000","147,330,000","144,526,000","177,237,000","202,541,000","230,597,000","218,040,000","227,168,000","221,181,000","193,603,000","177,178,000","183,022,000","199,087,000","163,421,000","139,040,000","152,752,000","151,463,000","89,929,000","91,739,000","112,207,000","112,048,000","92,830,000","98,686,000","99,872,000","139,683,000","112,529,000","105,921,000","124,930,000","118,589,000","108,915,000","101,634,000","110,953,000","111,577,000","105,174,000","97,678,000","113,473,000","120,599,000","98,880,000","107,053,000","126,465,000","133,305,000","115,400,000","116,700,000","127,500,000","128,100,000","121,100,000","121,500,000","145,900,000","146,400,000","134,900,000","125,700,000","149,300,000","143,400,000","117,200,000","115,300,000","129,300,000","137,000,000","121,400,000","116,100,000","123,400,000","123,100,000","88,500,000","76,500,000","82,600,000","73,500,000","41,300,000","24,900,000","28,300,000",,,,,,,,,
ReconciledDepreciation,"46,779,000","11,348,000","11,646,000","11,427,000","12,358,000","12,560,000","14,279,000","13,257,000","13,334,000","13,785,000","13,029,000","13,538,000","13,136,000","14,673,000","14,223,000","13,220,000","14,845,000","15,330,000","14,415,000","14,543,000","15,020,000","14,466,000","14,879,000","14,274,000","15,366,000","15,249,000","16,637,000","16,377,000","18,124,000","18,480,000","20,915,000","20,974,000","23,540,000","23,275,000","24,289,000","16,302,000","20,047,000","19,984,000","18,230,000","12,312,000","11,710,000","11,843,000","12,155,000","11,607,000","11,847,000","9,299,000","9,950,000","8,982,000","9,354,000","9,281,000","9,537,000","8,470,000","8,323,000","7,966,000","8,825,000","7,151,000","7,239,000","7,153,000","7,153,000","6,745,000","7,257,000","7,465,000","7,390,000","6,972,000","6,245,000","6,243,000","4,892,000","4,939,000","5,453,000","5,462,000","9,644,000","3,914,000","4,614,000","6,735,000","8,673,000","7,824,000","7,913,000","7,867,000","8,522,000","7,305,000","8,918,000","8,877,000","9,585,000","9,200,000","8,992,000","9,486,000","9,999,000","8,419,000","8,677,000","10,126,000","9,900,000","9,100,000","9,700,000","9,900,000","9,400,000","8,700,000","8,100,000","8,500,000","7,100,000","8,300,000","7,900,000","7,600,000","7,000,000","6,600,000","7,300,000","7,100,000","5,900,000","5,700,000","5,900,000","5,900,000","5,500,000","4,600,000","3,600,000","3,700,000","2,200,000","1,100,000","1,000,000",,,,,,,,,
NetIncomeFromContinuingOperationNetMinorityInterest,"59,934,000","23,922,000","27,598,000","11,187,000","-2,773,000","13,574,000","-17,214,000","-12,643,000","-5,045,000","-25,486,000","-24,835,000","-19,144,000","-6,424,000","1,977,000","-12,291,000","2,295,000","5,697,000","16,365,000","-30,278,000","-12,018,000","-6,293,000","-11,453,000","-12,984,000","-9,952,000","-1,899,000","-9,152,000","-51,160,000","-31,476,000","6,771,000","232,000","-53,046,000","-9,067,000","-20,511,000","2,163,000","-15,580,000","8,093,000","23,217,000","19,475,000","-3,501,000","19,579,000","44,056,000","35,419,000","14,461,000","21,163,000","25,285,000","-3,036,000","-10,304,000","4,015,000","4,569,000","2,078,000","-26,483,000","-11,113,000","5,910,000","7,041,000","-18,406,000","10,303,000","13,306,000","8,134,000","-8,848,000","-878,000","4,962,000","-2,483,000","-9,540,000","488,000","5,603,000","8,593,000","-5,541,000","1,182,000","4,200,000","11,201,000","-1,293,000","1,481,000","5,643,000","5,276,000","-9,210,000","-13,382,000","-8,187,000","-5,878,000","-15,731,000","-17,664,000","383,000","-2,865,000","-21,531,000","-9,502,000","-6,598,000","228,000","-7,967,000","-7,445,000","18,875,000","1,062,000","-5,900,000","-5,900,000","300,000","100,000","-5,300,000","400,000","4,800,000","8,300,000","4,000,000","3,600,000","8,200,000","9,300,000","4,700,000","9,200,000","10,500,000","11,000,000","9,800,000","8,900,000","10,000,000","9,300,000","5,300,000","4,300,000","5,100,000","3,800,000","1,400,000","1,200,000","2,400,000","1,400,000","1,100,000","1,000,000","1,000,000","1,000,000","-900,000","-900,000","-900,000","-900,000"
TotalUnusualItemsExcludingGoodwill,"-17,724,000","-5,463,000","2,855,000","548,000","-15,664,000","10,268,000","6,842,000","-1,394,000","9,380,000","-10,656,000","1,073,000","2,370,000","-842,000","6,093,000","-3,993,000","855,000","-3,043,000","-4,130,000","-19,721,000","753,000","-4,690,000","5,078,000","1,285,000","958,000","2,182,000","7,165,000","3,019,000","-15,333,000","3,647,000","5,966,000","-52,510,000","-13,270,000","3,747,000","-1,697,000","-25,953,000","6,175,000","16,553,000","-120,000","48,450,000","2,067,000","433,000","6,017,000","2,653,000","-556,000","2,177,000","-15,942,000","-10,580,000","-72,000","-3,149,000","333,000",,,"647,000",,"-40,257,000","-358,000","1,497,000","-1,242,000","-5,989,000","140,000","1,731,000","-15,125,000","2,254,000","-1,506,000","-1,028,000","-1,705,000","-9,118,000","-1,725,000","-9,001,000","-1,628,000","189,000","-3,549,000","88,000","-2,942,000","2,762,000","-2,462,000","2,005,000","478,000","-2,800,000","-8,850,000","1,680,000","328,000","-6,940,000","1,095,000","470,000","2,252,000","985,000","-38,000","38,743,000","216,000","1,000,000","400,000","-200,000","200,000","-400,000","300,000","400,000",,"200,000","900,000","400,000","500,000","300,000","6,100,000","1,600,000","500,000","800,000","1,200,000","1,400,000","100,000","700,000","-200,000",,"200,000",,"-200,000","200,000",,,,,,,,,
TotalUnusualItems,"-17,724,000","-5,463,000","2,855,000","548,000","-15,664,000","10,268,000","6,842,000","-1,394,000","9,380,000","-10,656,000","1,073,000","2,370,000","-842,000","6,093,000","-3,993,000","855,000","-3,043,000","-4,130,000","-19,721,000","753,000","-4,690,000","5,078,000","1,285,000","958,000","2,182,000","7,165,000","3,019,000","-15,333,000","3,647,000","5,966,000","-52,510,000","-13,270,000","3,747,000","-1,697,000","-25,953,000","6,175,000","16,553,000","-120,000","48,450,000","2,067,000","433,000","6,017,000","2,653,000","-556,000","2,177,000","-15,942,000","-10,580,000","-72,000","-3,149,000","333,000",,,"647,000",,"-40,257,000","-358,000","1,497,000","-1,242,000","-5,989,000","140,000","1,731,000","-15,125,000","2,254,000","-1,506,000","-1,028,000","-1,705,000","-9,118,000","-1,725,000","-9,001,000","-1,628,000","189,000","-3,549,000","88,000","-2,942,000","2,762,000","-2,462,000","2,005,000","478,000","-2,800,000","-8,850,000","1,680,000","328,000","-6,940,000","1,095,000","470,000","2,252,000","985,000","-38,000","38,743,000","216,000","1,000,000","400,000","-200,000","200,000","-400,000","300,000","400,000",,"200,000","900,000","400,000","500,000","300,000","6,100,000","1,600,000","500,000","800,000","1,200,000","1,400,000","100,000","700,000","-200,000",,"200,000",,"-200,000","200,000",,,,,,,,,
NormalizedEBITDA,"165,590,000","57,977,000","36,585,000","34,843,000","36,185,000","25,632,000","3,000","8,790,000","9,299,000","5,032,000","-2,583,000","1,545,000","12,378,000","19,435,000","14,833,000","25,480,000","32,980,000","40,878,000","11,287,000","12,505,000","20,619,000","9,966,000","7,593,000","9,038,000","22,365,000","8,865,000","1,155,000","2,670,000","28,914,000","21,606,000","-6,710,000","21,051,000","-3,339,000","25,752,000","27,362,000","35,904,000","60,422,000","62,133,000","-3,958,000","48,850,000","92,859,000","67,608,000","32,221,000","52,994,000","55,894,000","36,178,000","10,654,000","21,504,000","26,782,000","19,411,000","-20,150,000","-6,652,000","21,243,000","23,452,000","25,442,000","28,772,000","30,131,000","24,515,000","7,764,000","9,302,000","18,702,000","36,933,000","-6,503,000","13,185,000","19,008,000","25,156,000","-3,299,000","8,907,000","27,394,000","21,215,000","8,470,000","17,328,000","17,197,000","21,448,000","2,058,000","5,194,000","323,000","5,699,000","-15,000","8,344,000","11,245,000","9,604,000","-8,162,000","65,000","3,959,000","11,059,000","1,830,000","1,607,000","-32,738,000","17,970,000","4,400,000","4,800,000","16,500,000","15,300,000","6,500,000","13,400,000","19,600,000","26,100,000","17,500,000","16,600,000","24,500,000","23,900,000","16,900,000","11,800,000","24,900,000","27,300,000","24,500,000","20,800,000","23,100,000","24,500,000","15,600,000","14,000,000","13,800,000","11,600,000","6,000,000","3,700,000","4,900,000","31,500,000","-75,900,000","28,300,000","28,300,000","28,200,000","-71,600,000","25,000,000","25,000,000","25,000,000"
TaxRateForCalcs,"0.106","0.261","0.27","0.331","0.27","0.164","0.27","0.27","0.27","0.27","0.27","0.27","0.33","0.27","0.27","0.27","0.23","0.27","0.4","0.4","0.4","0.4","0.4","0.16","0.4","0.4","0.4","0.4","0.26","0.4","0.069","0.23","0.224","0.4","0.35","0.35","0.35","0.39","0.35","0.35","0.35","0.362","0.146","0.371","0.369","0.35","0.388","0.39","0.39","0.39","0.224","0.35","0.39","0.39","0.384","0.4","0.4","0.4","0.35","0.35","0.35","0.35","0.4","0.4","0.4","0.4","0","0.4","0.4","0.1","0.4","0.3","0.368","0.209","0","0.4","0.05","0.05","0.177","0.192","0.249","0.25","0.278","0.2","0.305","0.4","0.304","0.38","0.38","0.38","0.379","0.379","0.4","0.4","0.384","0.4","0.377","0.381","0.385","0.379","0.379","0.38","0.373","0.378","0.379","0.379","0.399","0.399","0.4","0.4","0.398","0.377","0.378","0.377","0.391","0.368","0.368","0.4","0.4","0.4","0.4","0.4","0.4","0.4","0.4","0.4"
TaxEffectOfUnusualItems,"-1,872,767.501","-1,425,843","770,850","181,388","-4,229,280","1,683,952","1,847,340","-376,380","2,532,600","-2,877,120","289,710","639,900","-277,860","1,645,110","-1,078,110","230,850","-699,890","-1,115,100","-7,888,400","301,200","-1,876,000","2,031,200","514,000","153,280","872,800","2,866,000","1,207,600","-6,133,200","948,220","2,386,400","-3,619,761.955","-3,052,100","837,692.588","-678,800","-9,083,550","2,161,250","5,793,550","-46,800","16,957,500","723,450","151,550","2,178,881.197","388,024.356","-206,214.818","803,873.886","-5,579,700","-4,102,500.297","-28,086.89","-1,227,811.457","129,896.39","0","0","252,349.365","0","-15,471,238.435","-143,191.66","598,800","-496,763.352","-2,096,150","49,000","605,850","-5,293,750","901,514.938","-602,029.52","-411,200","-681,952.378","0","-690,000","-3,600,400","-162,852.322","75,600","-1,065,035.444","32,403.941","-613,817.609","0","-984,800","100,273.265","23,872.959","-495,212.181","-1,702,670.08","418,352.941","82,000","-1,927,920.035","219,036.875","143,194.225","900,800","299,449.637","-14,437.911","14,721,907.302","82,087.566","378,947.368","151,578.947","-80,000","80,000","-153,488.372","120,000","150,649.351","0","76,923.077","341,379.31","151,515.152","190,000","112,000","2,308,108.108","605,917.16","189,265.537","319,018.405","478,378.378","560,000","40,000","278,409.091","-75,362.319","0","75,409.836","0","-73,684.211","73,684.211","0","0","0","0","0","0","0","0","0"