name,ttm,03/31/2022,12/31/2021,09/30/2021,06/30/2021,03/31/2021,12/31/2020,09/30/2020,06/30/2020,03/31/2020,12/31/2019,09/30/2019,06/30/2019,03/31/2019,12/31/2018,09/30/2018,06/30/2018,03/31/2018,12/31/2017,09/30/2017,06/30/2017,03/31/2017,12/31/2016,09/30/2016,06/30/2016,03/31/2016,12/31/2015,09/30/2015,06/30/2015,03/31/2015,12/31/2014,09/30/2014,06/30/2014,03/31/2014,12/31/2013,09/30/2013,06/30/2013,03/31/2013,12/31/2012,09/30/2012,06/30/2012,03/31/2012,12/31/2011,09/30/2011,06/30/2011,03/31/2011,12/31/2010,09/30/2010,06/30/2010,03/31/2010,12/31/2009,09/30/2009,06/30/2009,03/31/2009,12/31/2008,09/30/2008,06/30/2008,03/31/2008,12/31/2007,09/30/2007,06/30/2007,03/31/2007,12/31/2006,09/30/2006,06/30/2006,03/31/2006,12/31/2005,09/30/2005,06/30/2005,03/31/2005,12/31/2004,09/30/2004,06/30/2004,03/31/2004,12/31/2003,09/30/2003
TotalRevenue,"3,650,803,000","987,486,000","895,586,000","868,943,000","898,788,000","800,629,000","637,989,000","631,185,000","476,425,000","652,524,000","725,238,000","650,489,000","689,828,000","690,608,000","605,912,000","594,595,000","629,237,000","627,705,000","545,076,000","540,507,000","566,262,000","567,686,000","484,710,000","481,637,000","508,808,000","515,559,000","454,351,000","438,089,000","454,698,000","460,230,000","404,425,000","385,218,000","395,363,000","397,142,000","376,020,000","334,770,000","352,119,000","359,676,000","309,531,000","308,656,000","320,275,000","324,869,000","276,616,000","269,253,000","279,572,000","283,785,000","244,594,000","245,613,000","255,162,000","259,624,000","227,368,000","226,467,000","242,423,000","246,073,000","234,202,000","217,735,000","217,311,000","211,213,000","186,312,000","189,454,000","180,986,000","178,337,000","152,558,000","148,454,000","146,720,000","149,399,000","117,633,000","114,327,000","115,757,000","111,067,000","96,947,000","92,247,000","87,870,000","83,898,000","75,391,000","72,428,000"
	OperatingRevenue,"3,650,803,000","987,486,000","895,586,000","868,943,000","898,788,000","800,629,000","637,989,000","631,185,000","476,425,000","652,524,000","725,238,000","650,489,000","689,828,000","690,608,000","605,912,000","594,595,000","629,237,000","627,705,000","545,076,000","540,507,000","566,262,000","567,686,000","484,710,000","481,637,000","508,808,000","515,559,000","454,351,000","438,089,000","454,698,000","460,230,000","404,425,000","385,218,000","395,363,000","397,142,000","376,020,000","334,770,000","352,119,000","359,676,000","309,531,000","308,656,000","320,275,000","324,869,000","276,616,000","269,253,000","279,572,000","283,785,000","244,594,000","245,613,000","255,162,000","259,624,000","227,368,000","226,467,000","242,423,000","246,073,000","234,202,000","217,735,000","217,311,000","211,213,000","186,312,000","189,454,000","180,986,000","178,337,000","152,558,000","148,454,000","146,720,000","149,399,000","117,633,000","114,327,000","115,757,000","111,067,000","96,947,000","92,247,000","87,870,000","83,898,000","75,391,000","72,428,000"
CostOfRevenue,"3,029,884,000","819,789,000","748,267,000","727,615,000","734,213,000","647,349,000","548,972,000","535,284,000","461,262,000","569,019,000","596,574,000","537,236,000","563,618,000","562,522,000","505,348,000","493,887,000","510,672,000","503,045,000","449,041,000","440,789,000","455,705,000","451,069,000","398,344,000","391,036,000","407,636,000","408,313,000","371,332,000","362,014,000","377,657,000","369,680,000","334,808,000","317,835,000","320,754,000","318,379,000","309,733,000","274,703,000","284,076,000","289,048,000","252,872,000","251,109,000","257,029,000","260,483,000","228,055,000","218,771,000","226,816,000","227,199,000","201,015,000","199,741,000","205,211,000","205,576,000","186,038,000","185,926,000","196,129,000","200,312,000","209,050,000","181,615,000","175,525,000","168,567,000","165,238,000","152,093,000","144,157,000","140,085,000","122,584,000","117,821,000","116,501,000","117,459,000","94,946,000","91,354,000","58,015,000","55,417,000","49,122,000","46,019,000","43,738,000","65,405,000",,"23,420,000"
GrossProfit,"620,919,000","167,697,000","147,319,000","141,328,000","164,575,000","153,280,000","89,017,000","95,901,000","15,163,000","83,505,000","128,664,000","113,253,000","126,210,000","128,086,000","100,564,000","100,708,000","118,565,000","124,660,000","96,035,000","99,718,000","110,557,000","116,617,000","86,366,000","90,601,000","101,172,000","107,246,000","83,019,000","76,075,000","77,041,000","90,550,000","69,617,000","67,383,000","74,609,000","78,763,000","66,287,000","60,067,000","68,043,000","70,628,000","56,659,000","57,547,000","63,246,000","64,386,000","48,561,000","50,482,000","52,756,000","56,586,000","43,579,000","45,872,000","49,951,000","54,048,000","41,330,000","40,541,000","46,294,000","45,761,000","25,152,000","36,120,000","41,786,000","42,646,000","21,074,000","37,361,000","36,829,000","38,252,000","29,974,000","30,633,000","30,219,000","31,940,000","22,687,000","22,973,000","57,742,000","55,650,000","47,825,000","46,228,000","44,132,000","18,493,000",,"49,008,000"
OperatingExpense,"314,932,000","78,205,000","82,296,000","79,601,000","74,830,000","71,849,000","67,229,000","60,209,000","62,921,000","67,120,000","76,546,000","68,308,000","72,611,000","67,624,000","67,207,000","65,244,000","64,276,000","59,703,000","57,935,000","54,205,000","56,343,000","67,584,000","55,402,000","52,120,000","51,360,000","54,424,000","48,332,000","45,519,000","45,345,000","41,950,000","41,948,000","38,578,000","40,199,000","38,562,000","41,821,000","34,268,000","38,219,000","32,403,000","33,023,000","29,789,000","31,979,000","34,965,000","29,209,000","27,397,000","28,988,000","26,377,000","26,142,000","24,380,000","26,522,000","23,784,000","23,254,000","23,461,000","24,786,000","23,564,000","14,286,000","22,699,000","24,746,000","21,946,000","9,656,000","20,168,000","21,927,000","18,552,000","18,224,000","16,392,000","15,938,000","17,843,000","12,976,000","11,849,000","45,058,000","41,873,000","39,678,000","35,661,000","34,027,000","7,814,000","-89,304,000","40,702,000"
	SellingGeneralAndAdministration,"161,062,000","40,294,000","42,673,000","41,234,000","36,861,000","36,712,000","30,983,000","25,951,000","29,615,000","32,954,000","38,221,000","35,225,000","39,960,000","35,983,000","35,961,000","35,023,000","35,004,000","30,175,000","28,700,000","26,123,000","28,223,000","40,248,000","27,862,000","26,162,000","26,711,000","30,060,000","24,992,000","21,927,000","23,620,000","21,797,000","20,676,000","19,469,000","21,311,000","20,200,000","21,042,000","17,060,000","21,789,000","17,367,000","8,628,000","17,961,000","20,433,000","23,618,000","18,224,000","16,826,000","18,435,000","15,751,000","15,720,000","14,118,000","16,260,000","13,447,000","12,914,000","13,066,000","14,170,000","13,093,000","2,250,000","13,212,000","15,649,000","12,697,000","-608,000","12,140,000","14,697,000","11,907,000","12,508,000","10,812,000","10,783,000","12,937,000","8,935,000","8,031,000","41,583,000","38,625,000","36,364,000","32,885,000","31,555,000","4,569,000","4,691,000","4,121,000"
		GeneralAndAdministrativeExpense,"161,062,000","40,294,000","42,673,000","41,234,000","36,861,000","36,712,000","30,983,000","25,951,000","29,615,000","32,954,000","38,221,000","35,225,000","39,960,000","35,983,000","35,961,000","35,023,000","35,004,000","30,175,000","28,700,000","26,123,000","28,223,000","40,248,000","27,862,000","26,162,000","26,711,000","30,060,000","24,992,000","21,927,000","23,620,000","21,797,000","20,676,000","19,469,000","21,311,000","20,200,000","21,042,000","17,060,000","21,789,000","17,367,000","17,451,000",,,,,,,,,,,,,,,,,,,,,,,,,,,,,,,,,,,,,
			OtherGandA,"161,062,000","40,294,000","42,673,000","41,234,000","36,861,000","36,712,000","30,983,000","25,951,000","29,615,000","32,954,000","38,221,000","35,225,000","39,960,000","35,983,000","35,961,000","35,023,000","35,004,000","30,175,000","28,700,000","26,123,000","28,223,000","40,248,000","27,862,000","26,162,000","26,711,000","30,060,000","24,992,000","21,927,000","23,620,000","21,797,000","20,676,000","19,469,000","21,311,000","20,200,000","21,042,000","17,060,000","21,789,000","17,367,000","17,451,000",,,,,,,,,,,,,,,,,,,,,,,,,,,,,,,,,,,,,
	DepreciationAmortizationDepletionIncomeStatement,"129,512,000","33,620,000","32,615,000","31,627,000","31,650,000","30,869,000","30,443,000","29,364,000","29,016,000","29,054,000","30,970,000","28,347,000","28,454,000","27,773,000","25,724,000","25,843,000","25,165,000","24,484,000","24,263,000","23,534,000","23,106,000","22,596,000","22,246,000","20,941,000","20,238,000","19,539,000","18,700,000","17,843,000","16,816,000","16,335,000","15,497,000","15,164,000","14,433,000","14,085,000","14,698,000","12,462,000","12,190,000","12,212,000","11,996,000","11,828,000","11,546,000","11,347,000","10,985,000","10,571,000","10,553,000","10,600,000","10,422,000","10,262,000","10,262,000","10,337,000","10,340,000","10,395,000","10,616,000","10,471,000","10,638,000","9,444,000","9,066,000","8,546,000","8,543,000","8,028,000","7,230,000","6,645,000","5,716,000","5,580,000","5,155,000","4,906,000","4,041,000","3,818,000","3,475,000","3,248,000","3,314,000","2,776,000","2,472,000","2,349,000","2,243,000","2,160,000"
		DepreciationAndAmortizationInIncomeStatement,"129,512,000","33,620,000","32,615,000","31,627,000","31,650,000","30,869,000","30,443,000","29,364,000","29,016,000","29,054,000","30,970,000","28,347,000","28,454,000","27,773,000","25,724,000","25,843,000","25,165,000","24,484,000","24,263,000","23,534,000","23,106,000","22,596,000","22,246,000","20,941,000","20,238,000","19,539,000","18,700,000","17,843,000","16,816,000","16,335,000","15,497,000","15,164,000","14,433,000","14,085,000","14,698,000","12,462,000","12,190,000","12,212,000","11,996,000","11,828,000","11,546,000","11,347,000","10,985,000","10,571,000","10,553,000","10,600,000","10,422,000","10,262,000","10,262,000","10,337,000","10,340,000","10,395,000","10,616,000","10,471,000","10,638,000","9,444,000","9,066,000","8,546,000","8,543,000","8,028,000","7,230,000","6,645,000","5,716,000","5,580,000","5,155,000","4,906,000","4,041,000","3,818,000","3,475,000","3,248,000","3,314,000","2,776,000","2,472,000","2,349,000","2,243,000","2,160,000"
	OtherOperatingExpenses,"24,358,000","4,291,000","7,008,000","6,740,000","6,319,000","4,268,000","5,803,000","4,894,000","4,290,000","5,112,000","7,355,000","4,736,000","4,197,000","3,868,000","5,522,000","4,378,000","4,107,000","5,044,000","4,972,000","4,548,000","5,014,000","4,740,000","5,294,000","5,017,000","4,411,000","4,825,000","4,640,000","5,749,000","4,909,000","3,818,000","5,775,000","3,945,000","4,455,000","4,277,000","6,081,000","4,746,000","4,240,000","2,824,000","3,576,000",,,,,,,"26,000",,,,,,,,,"1,398,000","43,000","31,000","703,000",,,,,,,,,,,,,,,,"896,000","-96,238,000","34,421,000"
OperatingIncome,"305,987,000","89,492,000","65,023,000","61,727,000","89,745,000","81,431,000","21,788,000","35,692,000","-47,758,000","16,385,000","52,118,000","44,945,000","53,599,000","60,462,000","33,357,000","35,464,000","54,289,000","64,957,000","38,100,000","45,513,000","54,214,000","49,033,000","30,964,000","38,481,000","49,812,000","52,822,000","34,687,000","30,556,000","31,696,000","48,600,000","27,669,000","28,805,000","34,410,000","40,201,000","24,466,000","25,799,000","29,824,000","38,225,000","23,636,000","27,758,000","31,267,000","29,421,000","19,352,000","23,085,000","23,768,000","30,209,000","17,437,000","21,492,000","23,429,000","30,264,000","18,076,000","17,080,000","21,508,000","22,197,000","10,866,000","13,421,000","17,040,000","20,700,000","11,418,000","17,193,000","14,902,000","19,700,000","11,750,000","14,241,000","14,281,000","14,097,000","9,711,000","11,124,000","12,684,000","13,777,000","8,147,000","10,567,000","10,105,000","10,679,000","232,092,000","8,306,000"
NetNonOperatingInterestIncomeExpense,"-2,600,000","-397,000","-624,000","-604,000","-975,000","-1,460,000","-1,490,000","-1,502,000","-1,030,000","-69,000","-12,000","81,000","691,000","754,000","219,000","-168,000","-283,000","-359,000","-366,000","-500,000","-379,000","-332,000","-353,000","-288,000","-309,000","-305,000","-479,000","-470,000","-495,000","-515,000","-520,000","-492,000","-514,000","-558,000","-514,000","-525,000","-567,000","-595,000","-571,000","-603,000","-568,000","-605,000","-637,000","-669,000","-542,000","-565,000","-595,000","-644,000","-704,000","-730,000","-756,000","-784,000","-876,000","-857,000",,,,,,,,,,,,,,,,,,,,,,
	InterestExpenseNonOperating,"2,600,000","397,000","624,000","604,000","975,000","1,460,000",,,,"69,000","12,000","-81,000","-691,000","-754,000","-219,000","168,000","283,000","359,000","366,000","500,000","379,000","332,000","353,000","288,000","309,000","305,000","479,000","470,000","495,000","515,000","520,000","492,000","514,000","558,000","514,000","525,000","567,000","595,000","571,000","603,000","568,000","605,000","637,000","669,000","542,000","565,000","595,000","644,000","704,000","730,000","756,000","784,000","876,000","857,000",,,,,,,,,,,,,,,,,,,,,,
	TotalOtherFinanceCost,,,,,,,"1,490,000","1,502,000","1,030,000","69,000","12,000","-81,000","-691,000","-754,000","-219,000","168,000","283,000","359,000","366,000","500,000","379,000","332,000","353,000","288,000","309,000","305,000","479,000","470,000","495,000","515,000","520,000","492,000","514,000","558,000","514,000","525,000","567,000","595,000","571,000",,,,,,,"565,000",,,,,,,,,,,,,,,,,,,,,,,,,,,,,,
OtherIncomeExpense,"330,000","980,000","-1,109,000","237,000","222,000","-721,000","-1,295,000","-715,000","350,000","-1,103,000","1,571,000","-215,000","-175,000","96,000","53,000","361,000","423,000","238,000","-302,000","357,000","470,000","309,000","155,000","-9,000","445,000","341,000","-621,000","449,000","467,000","372,000","1,000","426,000","344,000","195,000","1,730,000","70,000","191,000","123,000","-1,436,000","117,000","101,000","22,000","-1,047,000","58,000","77,000","103,000","-1,703,000","111,000","-100,000","-158,000","-3,273,000","201,000","-14,000","86,000","-1,367,000","2,000","39,000","-634,000","-1,683,000","66,000","93,000","97,000","69,000","47,000","47,000","88,000","43,000","65,000","-30,000","52,000","18,000","22,000","29,000",,,
	EarningsFromEquityInterest,"-86,000","334,000","-925,000","266,000","239,000","-217,000","97,000","1,000","-90,000","-508,000","278,000","-154,000","141,000","113,000","203,000","381,000","445,000","324,000","339,000","359,000","470,000","320,000","280,000","4,000","475,000","352,000","353,000","449,000","467,000","372,000","627,000","410,000","353,000","212,000","142,000","173,000","218,000","180,000","125,000","141,000","121,000","41,000","95,000","71,000","97,000","103,000",,"155,000",,,,,"64,000",,"31,000","45,000","70,000","69,000","38,000","66,000","93,000","97,000","69,000","47,000","47,000","88,000","43,000","65,000","-30,000","52,000","18,000","22,000","29,000",,,
	SpecialIncomeCharges,"416,000","646,000","-184,000","-29,000","-17,000","-504,000","-1,392,000","-716,000","440,000","-595,000","1,293,000","-61,000","-316,000","-17,000","-150,000","-20,000","-22,000","-86,000","-641,000","-2,000","0","-11,000","-125,000","-13,000","-30,000","-11,000","-974,000","0","0","0","-626,000","16,000","-9,000","-17,000","1,588,000","-103,000","-27,000","-57,000","-1,561,000","-24,000","-20,000","-19,000","-1,142,000","-13,000","-20,000","-26,000","-1,703,000","-44,000","-100,000","-158,000","-3,273,000","201,000","-14,000","86,000","-1,398,000","-43,000","-31,000","-703,000",,,,,,,,,,,,,,,,,,
		ImpairmentOfCapitalAssets,"-416,000","-646,000","184,000","29,000","17,000","504,000","1,392,000","716,000","-440,000","595,000","-1,293,000","61,000","316,000","17,000","150,000","20,000","22,000","86,000","641,000","2,000","0","11,000","125,000","13,000","30,000","11,000","974,000","0","0","0","626,000","-16,000","9,000","17,000","212,000","103,000","27,000","57,000","1,561,000","24,000","20,000","19,000","1,142,000","13,000","20,000","26,000",,"44,000","100,000","158,000","3,273,000","-201,000","14,000","-86,000",,,,,,,,,,,,,,,,,,,,,,
		GainOnSaleOfPPE,,,,,,,,,,,,,,,,,,,,,,,,,,,,,,,"0",,,,"1,800,000",,,,,,,,,,,,,,,,,,,,,,,,,,,,,,,,,,,,,,,,,
PretaxIncome,"303,717,000","90,075,000","63,290,000","61,360,000","88,992,000","79,250,000","19,003,000","33,475,000","-48,438,000","15,213,000","53,677,000","44,811,000","54,115,000","61,312,000","33,629,000","35,657,000","54,429,000","64,836,000","37,432,000","45,370,000","54,305,000","49,010,000","30,766,000","38,184,000","49,948,000","52,858,000","33,587,000","30,535,000","31,668,000","48,457,000","27,150,000","28,739,000","34,240,000","39,838,000","25,682,000","25,344,000","29,448,000","37,753,000","21,629,000","27,272,000","30,800,000","28,838,000","17,668,000","22,474,000","23,303,000","29,747,000","15,212,000","20,959,000","22,717,000","29,484,000","14,083,000","16,533,000","20,682,000","21,511,000","9,030,000","12,550,000","16,111,000","19,866,000","10,494,000","16,331,000","14,404,000","19,272,000","11,483,000","14,148,000","14,125,000","13,634,000","9,506,000","10,915,000","12,348,000","13,845,000",,,"9,635,000","7,737,000",,
TaxProvision,"39,505,000","12,747,000","8,547,000","7,144,000","11,067,000","12,820,000","-1,673,000","3,072,000","-15,132,000","-1,939,000","9,066,000","6,785,000","7,427,000","9,119,000","1,936,000","5,398,000","8,466,000","8,457,000","7,422,000","13,046,000","15,126,000","12,987,000","8,858,000","11,381,000","15,087,000","15,857,000","9,567,000","9,141,000","9,402,000","14,876,000","7,528,000","9,017,000","10,215,000","12,230,000","7,523,000","7,500,000","8,583,000","10,534,000","6,923,000","8,778,000","9,952,000","9,085,000","4,831,000","6,058,000","6,604,000","9,272,000","4,550,000","6,478,000","7,049,000","9,606,000","4,909,000","5,431,000","6,436,000","6,715,000","2,891,000","3,906,000","5,639,000","6,953,000","3,274,000","5,779,000","5,147,000","6,976,000","3,637,000","4,998,000","5,294,000","5,452,000","3,193,000","3,854,000","4,358,000","4,887,000",,,"5,893,000","0",,
EarningsFromEquityInterestNetOfTax,,,,,,,,,,,,,,,,,,,,,,,,,,,,,,,,,,,,,,,,,,,,,"97,000","103,000","73,000","155,000","92,000","108,000","36,000","36,000","64,000","85,000",,,,,,,,,,,,,,,,,,,,,,
NetIncomeCommonStockholders,"256,346,000","75,202,000","53,058,000","52,606,000","75,480,000","64,150,000","19,549,000","29,230,000","-33,553,000","16,029,000","42,686,000","36,531,000","44,845,000","50,390,000","30,332,000","29,125,000","44,227,000","54,541,000","28,618,000","31,014,000","37,581,000","34,313,000","20,725,000","25,675,000","33,605,000","35,593,000","22,982,000","20,482,000","21,138,000","32,292,000","18,595,000","18,881,000","23,081,000","26,465,000","17,119,000","17,170,000","19,963,000","26,171,000","13,924,000","18,067,000","20,310,000","18,869,000","12,297,000","15,798,000","16,076,000","19,793,000","10,060,000","13,952,000","15,036,000","19,241,000","8,709,000","10,695,000","13,741,000","14,334,000","6,139,000","8,644,000","10,472,000","12,913,000","7,220,000","10,552,000","9,257,000","12,296,000","7,846,000","9,150,000","8,831,000","8,182,000","6,313,000","7,061,000","7,990,000","8,958,000","-184,000","7,743,000","3,742,000","7,737,000","6,157,000","5,283,000"
	NetIncome,"256,346,000","75,202,000","53,058,000","52,606,000","75,480,000","64,150,000","19,549,000","29,230,000","-33,553,000","16,029,000","42,686,000","36,531,000","44,845,000","50,390,000","30,332,000","29,125,000","44,227,000","54,541,000","28,618,000","31,014,000","37,581,000","34,313,000","20,725,000","25,675,000","33,605,000","35,593,000","22,982,000","20,482,000","21,138,000","32,292,000","18,595,000","18,881,000","23,081,000","26,465,000","17,119,000","17,170,000","19,963,000","26,171,000","13,924,000","18,067,000","20,310,000","18,869,000","12,297,000","15,798,000","16,076,000","19,793,000","10,060,000","13,952,000","15,036,000","19,241,000","8,709,000","10,695,000","13,741,000","14,334,000","6,139,000","8,644,000","10,472,000","12,913,000","7,220,000","10,552,000","9,257,000","12,296,000","7,846,000","9,150,000","8,831,000","8,182,000","6,313,000","7,061,000","7,990,000","8,958,000","-184,000","7,743,000","3,742,000","7,737,000","6,157,000","5,283,000"
		NetIncomeIncludingNoncontrollingInterests,"264,212,000","77,328,000","54,743,000","54,216,000","77,925,000","66,430,000","20,676,000","30,403,000","-33,306,000","17,152,000","44,611,000","38,026,000","46,688,000","52,193,000","31,693,000","30,259,000","45,963,000","56,379,000","30,010,000","32,324,000","39,179,000","36,023,000","21,908,000","26,803,000","34,861,000","37,001,000","24,020,000","21,394,000","22,266,000","33,581,000","19,622,000","19,722,000","24,025,000","27,608,000","18,159,000","17,844,000","20,865,000","27,219,000","14,706,000","18,494,000","20,848,000","19,753,000","12,837,000","16,416,000","16,699,000","20,475,000","10,662,000","14,481,000","15,668,000","19,878,000","9,174,000","11,102,000","14,246,000","14,796,000","6,498,000","8,586,000","10,751,000","13,174,000","7,314,000","10,650,000","9,487,000","12,585,000","8,070,000","9,226,000","8,909,000","8,389,000","6,460,000","7,242,000","8,184,000","8,985,000","-488,000","9,468,000","3,742,000","5,778,000","4,536,000","3,643,000"
			NetIncomeContinuousOperations,"264,212,000","77,328,000","54,743,000","54,216,000","77,925,000","66,430,000","20,676,000","30,403,000","-33,306,000","17,152,000","44,611,000","38,026,000","46,688,000","52,193,000","31,693,000","30,259,000","45,963,000","56,379,000","30,010,000","32,324,000","39,179,000","36,023,000","21,908,000","26,803,000","34,861,000","37,001,000","24,020,000","21,394,000","22,266,000","33,581,000","19,622,000","19,722,000","24,025,000","27,608,000","18,159,000","17,844,000","20,865,000","27,219,000","14,706,000","18,494,000","20,848,000","19,753,000","12,837,000","16,416,000","16,699,000","20,475,000","10,662,000","14,481,000","15,668,000","19,878,000","9,174,000","11,102,000","14,246,000","14,796,000","6,139,000","8,644,000","10,472,000","12,913,000","7,220,000","10,552,000","9,257,000","12,296,000","7,846,000","9,150,000","8,831,000","8,182,000","6,313,000","7,061,000","7,990,000","8,958,000","-184,000","7,743,000","3,742,000","5,778,000","4,536,000","3,643,000"
		MinorityInterests,"-7,866,000","-2,126,000","-1,685,000","-1,610,000","-2,445,000","-2,280,000","-1,127,000","-1,173,000","-247,000","-1,123,000","-1,925,000","-1,495,000","-1,843,000","-1,803,000","-1,361,000","-1,134,000","-1,736,000","-1,838,000","-1,392,000","-1,310,000","-1,598,000","-1,710,000","-1,183,000","-1,128,000","-1,256,000","-1,408,000","-1,038,000","-912,000","-1,128,000","-1,289,000","-1,027,000","-841,000","-944,000","-1,143,000","-1,040,000","-674,000","-902,000","-1,048,000","-782,000","-427,000","-538,000","-884,000","-540,000","-618,000","-623,000","-682,000","-602,000","-529,000","-632,000","-637,000","-465,000","-407,000","-505,000","-462,000","-359,000","58,000","-279,000","-261,000","-94,000","-98,000","-230,000","-289,000","-224,000","-76,000","-78,000","-207,000","-147,000","-181,000","-194,000","-27,000","304,000","-1,725,000",,"1,959,000","1,621,000","1,640,000"
	OtherunderPreferredStockDividend,,,,,,,,,,,,,,,,,,,,,,,,,,,,,,,,,,,,,,,,,,,,,,,,,,,,,"505,000",,,,,,,,,,,,,,,,,,,,,,,
DilutedNIAvailtoComStockholders,"256,346,000","75,202,000","53,058,000","52,606,000","75,480,000","64,150,000","19,549,000","29,230,000","-33,553,000","16,029,000","42,686,000","36,531,000","44,845,000","50,390,000","30,332,000","29,125,000","44,227,000","54,541,000","28,618,000","31,014,000","37,581,000","34,313,000","20,725,000","25,675,000","33,605,000","35,593,000","22,982,000","20,482,000","21,138,000","32,292,000","18,595,000","18,881,000","23,081,000","26,465,000","17,119,000","17,170,000","19,963,000","26,171,000","13,924,000","18,067,000","20,310,000","18,869,000","12,297,000","15,798,000","16,076,000","19,793,000","10,060,000","13,952,000","15,036,000","19,241,000","8,709,000","10,695,000","13,741,000","14,334,000","6,139,000","8,644,000","10,472,000","12,913,000","7,220,000","10,552,000","9,257,000","12,296,000","7,846,000","9,150,000","8,831,000","8,182,000","6,313,000","7,061,000","7,990,000","8,958,000","-184,000","7,743,000","3,742,000","7,737,000","6,157,000","5,283,000"
BasicEPS,,"1.09","0.76","0.75","1.08","0.92","0.28","0.42","-0.48","0.23","0.61","0.53","0.63","0.7","0.42","0.41","0.62","0.76","0.4","0.44","0.53","0.48","0.29","0.36","0.48","0.51","0.33","0.29","0.3","0.46","0.27","0.27","0.33","0.38","0.24","0.24","0.29","0.38","0.2","0.26","0.29","0.27","0.18","0.22","0.23","0.27",,"0.19","0.21","0.27",,"0.15","0.2","0.21",,"0.12","0.14","0.17",,"0.14","0.12","0.17",,"0.12","0.12","0.11",,"0.1","0.12","0.068",,"0.05","0.029","0.105",,"0.055"
DilutedEPS,,"1.08","0.76","0.75","1.08","0.91","0.28","0.42","-0.48","0.23","0.61","0.52","0.63","0.7","0.42","0.4","0.62","0.76","0.4","0.43","0.53","0.48","0.29","0.36","0.47","0.5","0.32","0.29","0.3","0.46","0.26","0.27","0.33","0.37","0.24","0.24","0.28","0.37","0.19","0.25","0.28","0.27","0.17","0.22","0.22","0.27",,"0.19","0.21","0.27",,"0.15","0.19","0.2",,"0.12","0.14","0.17",,"0.14","0.12","0.16",,"0.12","0.12","0.11",,"0.1","0.11","0.063",,"0.045","0.026","0.095",,"0.051"
BasicAverageShares,,"69,086,000","69,601,000","69,808,000","69,790,000","69,637,000","69,525,000","69,446,000","69,361,000","69,422,000","69,431,000","69,573,000","71,362,000","71,753,000","71,584,000","71,508,000","71,445,000","71,333,000","71,138,000","71,067,000","70,973,000","70,779,000","70,569,000","70,477,000","70,368,000","70,169,000","70,143,000","70,117,000","70,026,000","69,841,000","69,500,000","69,544,000","69,705,000","70,132,000","70,581,000","70,361,000","70,030,000","69,359,000","70,097,000","70,482,000","70,129,000","69,405,000","69,214,000","70,800,000","71,261,000","72,052,000",,"71,660,000","71,471,000","70,690,000",,"70,204,000","69,909,000","69,426,000",,"71,947,000","74,252,000","74,744,000",,"74,729,000","74,613,000","74,327,000",,"74,052,000","73,907,000","73,363,000",,"69,471,000","67,710,000","134,696,000",,"100,316,000","132,508,000","47,454,000",,"95,304,000"
DilutedAverageShares,,"69,373,000","69,969,000","70,146,000","70,161,000","70,137,000","70,052,000","69,898,000","69,361,000","69,852,000","69,888,000","69,939,000","71,733,000","72,187,000","72,182,000","72,006,000","71,897,000","71,805,000","71,753,000","71,532,000","71,437,000","71,334,000","71,215,000","70,981,000","70,876,000","70,764,000","70,865,000","70,735,000","70,648,000","70,528,000","70,359,000","70,395,000","70,577,000","71,080,000","71,813,000","71,620,000","71,267,000","70,583,000","71,509,000","71,928,000","71,587,000","70,830,000","70,463,000","72,186,000","72,791,000","73,727,000",,"73,002,000","72,961,000","72,226,000",,"71,550,000","71,361,000","70,506,000",,"73,303,000","75,996,000","76,443,000",,"76,794,000","76,912,000","76,726,000",,"76,323,000","76,540,000","76,460,000",,"73,833,000","72,628,000","145,400,000",,"108,620,000","141,644,000","51,470,000",,"103,608,000"
TotalOperatingIncomeAsReported,"306,403,000","90,138,000","64,839,000","61,698,000","89,728,000","80,927,000","20,396,000","34,976,000","-47,318,000","15,790,000","53,411,000","44,884,000","53,283,000","60,445,000","33,207,000","35,444,000","54,267,000","64,871,000","37,459,000","45,511,000","54,214,000","49,022,000","30,839,000","38,468,000","49,782,000","52,811,000","33,713,000","30,556,000","31,696,000","48,600,000","27,043,000","28,821,000","34,401,000","40,184,000","26,054,000","25,696,000","29,797,000","38,168,000","22,075,000","27,734,000","31,247,000","29,402,000","18,210,000","23,072,000","23,748,000","30,209,000","15,734,000","21,448,000","23,329,000","30,106,000","14,803,000","17,281,000","21,494,000","22,283,000","10,866,000","13,421,000","17,040,000","20,700,000","11,418,000","17,193,000","14,902,000","19,700,000","11,750,000","14,241,000","14,281,000","14,097,000","9,711,000","11,124,000","12,684,000","13,777,000","8,147,000","10,567,000","10,105,000","10,679,000","8,731,000","8,306,000"
RentExpenseSupplemental,"61,921,000","16,368,000","15,508,000","15,089,000","14,956,000","14,452,000","13,956,000","13,723,000","13,251,000","13,471,000","13,358,000","12,994,000","13,051,000","13,128,000","12,491,000","12,330,000","12,119,000","11,851,000","11,569,000","11,257,000","11,112,000","10,869,000","10,103,000","10,266,000","10,184,000","10,027,000","9,741,000","9,325,000","9,138,000","8,979,000","8,624,000","8,380,000","8,128,000","8,042,000","7,588,000","7,181,000","7,152,000","7,057,000","6,677,000",,,,,,,,,,,,,,,,,,,,,,,,,,,,,,,,,,,,,
TotalExpenses,"3,344,816,000","897,994,000","830,563,000","807,216,000","809,043,000","719,198,000","616,201,000","595,493,000","524,183,000","636,139,000","673,120,000","605,544,000","636,229,000","630,146,000","572,555,000","559,131,000","574,948,000","562,748,000","506,976,000","494,994,000","512,048,000","518,653,000","453,746,000","443,156,000","458,996,000","462,737,000","419,664,000","407,533,000","423,002,000","411,630,000","376,756,000","356,413,000","360,953,000","356,941,000","351,554,000","308,971,000","322,295,000","321,451,000","285,895,000","280,898,000","289,008,000","295,448,000","257,264,000","246,168,000","255,804,000","253,576,000","227,157,000","224,121,000","231,733,000","229,360,000","209,292,000","209,387,000","220,915,000","223,876,000","223,336,000","204,314,000","200,271,000","190,513,000","174,894,000","172,261,000","166,084,000","158,637,000","140,808,000","134,213,000","132,439,000","135,302,000","107,922,000","103,203,000","103,073,000","97,290,000","88,800,000","81,680,000","77,765,000","73,219,000","-156,701,000","64,122,000"
NetIncomeFromContinuingAndDiscontinuedOperation,"256,346,000","75,202,000","53,058,000","52,606,000","75,480,000","64,150,000","19,549,000","29,230,000","-33,553,000","16,029,000","42,686,000","36,531,000","44,845,000","50,390,000","30,332,000","29,125,000","44,227,000","54,541,000","28,618,000","31,014,000","37,581,000","34,313,000","20,725,000","25,675,000","33,605,000","35,593,000","22,982,000","20,482,000","21,138,000","32,292,000","18,595,000","18,881,000","23,081,000","26,465,000","17,119,000","17,170,000","19,963,000","26,171,000","13,924,000","18,067,000","20,310,000","18,869,000","12,297,000","15,798,000","16,076,000","19,793,000","10,060,000","13,952,000","15,036,000","19,241,000","8,709,000","10,695,000","13,741,000","14,334,000","6,139,000","8,644,000","10,472,000","12,913,000","7,220,000","10,552,000","9,257,000","12,296,000","7,846,000","9,150,000","8,831,000","8,182,000","6,313,000","7,061,000","7,990,000","8,958,000","-184,000","7,743,000","3,742,000","7,737,000","6,157,000","5,283,000"
NormalizedIncome,"255,984,109.846","74,647,732","53,217,151.714","52,631,636","75,494,892","64,572,352","20,565,160","29,880,128","-33,855,720","16,463,350","41,611,386.609","36,582,789","45,117,708","50,404,467","30,473,364.596","29,141,980","44,245,568","54,615,820","29,131,902.81","31,015,424","37,581,000","34,321,085","20,814,010.596","25,684,126","33,625,940","35,600,700","23,678,563.551","20,482,000","21,138,000","32,292,000","19,047,426.225","18,870,024","23,087,318","26,476,781","15,996,171.093","17,241,688","19,982,130.501","26,212,095.622","14,985,355.865","18,083,275.154","20,323,537.662","18,882,014.321","13,126,740.435","15,807,495.773","16,090,332.06","19,793,000","11,253,622.535","13,982,400.496","15,104,970.375","19,347,522.996","10,841,109.778","10,560,027.4","13,750,643.361","14,274,846.265","7,089,423.256","8,673,616.892","10,492,149.711","13,369,953.539","7,220,000","10,552,000","9,257,000","12,296,000","7,846,000","9,150,000","8,831,000","8,182,000","6,313,000","7,061,000","7,990,000","8,958,000","-184,000","7,743,000","3,742,000","7,737,000","6,157,000","5,283,000"
InterestExpense,"2,600,000","397,000","624,000","604,000","975,000","1,460,000",,,,"69,000","12,000","-81,000","-691,000","-754,000","-219,000","168,000","283,000","359,000","366,000","500,000","379,000","332,000","353,000","288,000","309,000","305,000","479,000","470,000","495,000","515,000","520,000","492,000","514,000","558,000","514,000","525,000","567,000","595,000","571,000","603,000","568,000","605,000","637,000","669,000","542,000","565,000","595,000","644,000","704,000","730,000","756,000","784,000","876,000","857,000",,,,,,,,,,,,,,,,,,,,,,
NetInterestIncome,"-2,600,000","-397,000","-624,000","-604,000","-975,000","-1,460,000","-1,490,000","-1,502,000","-1,030,000","-69,000","-12,000","81,000","691,000","754,000","219,000","-168,000","-283,000","-359,000","-366,000","-500,000","-379,000","-332,000","-353,000","-288,000","-309,000","-305,000","-479,000","-470,000","-495,000","-515,000","-520,000","-492,000","-514,000","-558,000","-514,000","-525,000","-567,000","-595,000","-571,000","-603,000","-568,000","-605,000","-637,000","-669,000","-542,000","-565,000","-595,000","-644,000","-704,000","-730,000","-756,000","-784,000","-876,000","-857,000",,,,,,,,,,,,,,,,,,,,,,
EBIT,"306,317,000","90,472,000","63,914,000","61,964,000","89,967,000","80,710,000","19,025,000","35,692,000","-47,758,000","16,385,000","52,118,000","44,945,000","53,599,000","60,462,000","33,357,000","35,464,000","54,289,000","64,957,000","38,100,000","45,513,000","54,214,000","49,033,000","30,964,000","38,481,000","49,812,000","52,822,000","34,687,000","30,556,000","31,696,000","48,600,000","27,669,000","28,805,000","34,410,000","40,201,000","24,466,000","25,799,000","29,824,000","38,225,000","23,396,000","27,875,000","31,368,000","29,443,000","18,305,000","23,143,000","23,845,000","30,312,000","15,807,000","21,603,000","23,421,000","30,214,000","14,839,000","17,317,000","21,558,000","22,368,000","10,866,000","13,421,000","17,040,000","20,700,000","11,418,000","17,193,000","14,902,000","19,700,000","11,750,000","14,241,000","14,281,000","14,097,000","9,711,000","11,124,000","12,684,000","13,777,000","8,147,000","10,567,000","10,105,000","10,679,000","232,092,000","8,306,000"
EBITDA,"435,829,000"
ReconciledCostOfRevenue,"3,029,884,000","819,789,000","748,267,000","727,615,000","734,213,000","647,349,000","548,972,000","535,284,000","461,262,000","569,019,000","596,574,000","537,236,000","563,618,000","562,522,000","505,348,000","493,887,000","510,672,000","503,045,000","449,041,000","440,789,000","455,705,000","451,069,000","398,344,000","391,036,000","407,636,000","408,313,000","371,332,000","362,014,000","377,657,000","369,680,000","334,808,000","317,835,000","320,754,000","318,379,000","309,733,000","274,703,000","284,076,000","289,048,000","252,872,000","251,109,000","257,029,000","260,483,000","228,055,000","218,771,000","226,816,000","227,199,000","201,015,000","199,741,000","205,211,000","205,576,000","186,038,000","185,926,000","196,129,000","200,312,000","209,050,000","181,615,000","175,525,000","168,567,000","165,238,000","152,093,000","144,157,000","140,085,000","122,584,000","117,821,000","116,501,000","117,459,000","94,946,000","91,354,000","58,015,000","55,417,000","49,122,000","46,019,000","43,738,000","65,405,000",,"23,420,000"
ReconciledDepreciation,"129,512,000","33,620,000","32,615,000","31,627,000","31,650,000","30,869,000","30,443,000","29,364,000","29,016,000","29,054,000","30,970,000","28,347,000","28,454,000","27,773,000","25,724,000","25,843,000","25,165,000","24,484,000","24,263,000","23,534,000","23,106,000","22,596,000","22,246,000","20,941,000","20,238,000","19,539,000","18,700,000","17,843,000","16,816,000","16,335,000","15,497,000","15,164,000","14,433,000","14,085,000","14,698,000","12,462,000","12,190,000","12,212,000","11,996,000","11,828,000","11,546,000","11,347,000","10,985,000","10,571,000","10,553,000","10,600,000","10,422,000","10,262,000","10,262,000","10,337,000","10,340,000","10,395,000","10,616,000","10,471,000","10,638,000","9,444,000","9,066,000","8,546,000","8,543,000","8,028,000","7,230,000","6,645,000","5,716,000","5,580,000","5,155,000","4,906,000","4,041,000","3,818,000","3,475,000","3,248,000","3,314,000","2,776,000","2,472,000","2,349,000","2,243,000","2,160,000"
NetIncomeFromContinuingOperationNetMinorityInterest,"256,346,000","75,202,000","53,058,000","52,606,000","75,480,000","64,150,000","19,549,000","29,230,000","-33,553,000","16,029,000","42,686,000","36,531,000","44,845,000","50,390,000","30,332,000","29,125,000","44,227,000","54,541,000","28,618,000","31,014,000","37,581,000","34,313,000","20,725,000","25,675,000","33,605,000","35,593,000","22,982,000","20,482,000","21,138,000","32,292,000","18,595,000","18,881,000","23,081,000","26,465,000","17,119,000","17,170,000","19,963,000","26,171,000","13,924,000","18,067,000","20,310,000","18,869,000","12,297,000","15,798,000","16,076,000","19,793,000","10,060,000","13,952,000","15,036,000","19,241,000","8,709,000","10,695,000","13,741,000","14,334,000","6,139,000","8,644,000","10,472,000","12,913,000","7,220,000","10,552,000","9,257,000","12,296,000","7,846,000","9,150,000","8,831,000","8,182,000","6,313,000","7,061,000","7,990,000","8,958,000","-184,000","7,743,000","3,742,000","7,737,000","6,157,000","5,283,000"
TotalUnusualItemsExcludingGoodwill,"416,000","646,000","-184,000","-29,000","-17,000","-504,000","-1,392,000","-716,000","440,000","-595,000","1,293,000","-61,000","-316,000","-17,000","-150,000","-20,000","-22,000","-86,000","-641,000","-2,000","0","-11,000","-125,000","-13,000","-30,000","-11,000","-974,000","0","0","0","-626,000","16,000","-9,000","-17,000","1,588,000","-103,000","-27,000","-57,000","-1,561,000","-24,000","-20,000","-19,000","-1,142,000","-13,000","-20,000","-26,000","-1,703,000","-44,000","-100,000","-158,000","-3,273,000","201,000","-14,000","86,000","-1,398,000","-43,000","-31,000","-703,000",,,,,,,,,,,,,,,,,,
TotalUnusualItems,"416,000","646,000","-184,000","-29,000","-17,000","-504,000","-1,392,000","-716,000","440,000","-595,000","1,293,000","-61,000","-316,000","-17,000","-150,000","-20,000","-22,000","-86,000","-641,000","-2,000","0","-11,000","-125,000","-13,000","-30,000","-11,000","-974,000","0","0","0","-626,000","16,000","-9,000","-17,000","1,588,000","-103,000","-27,000","-57,000","-1,561,000","-24,000","-20,000","-19,000","-1,142,000","-13,000","-20,000","-26,000","-1,703,000","-44,000","-100,000","-158,000","-3,273,000","201,000","-14,000","86,000","-1,398,000","-43,000","-31,000","-703,000",,,,,,,,,,,,,,,,,,
NormalizedEBITDA,"435,413,000","123,446,000","96,713,000","93,620,000","121,634,000","112,083,000","50,860,000","65,772,000","-19,182,000","46,034,000","81,795,000","73,353,000","82,369,000","88,252,000","59,231,000","61,327,000","79,476,000","89,527,000","63,004,000","69,049,000","77,320,000","71,640,000","53,335,000","59,435,000","70,080,000","72,372,000","54,361,000","48,399,000","48,512,000","64,935,000","43,792,000","43,953,000","48,852,000","54,303,000","37,576,000","38,364,000","42,041,000","50,494,000","36,953,000","39,727,000","42,934,000","40,809,000","30,432,000","33,727,000","34,418,000","40,912,000","27,932,000","31,909,000","33,783,000","40,709,000","28,452,000","27,511,000","32,188,000","32,753,000","22,902,000","22,908,000","26,137,000","29,949,000","19,961,000","25,221,000","22,132,000","26,345,000","17,466,000","19,821,000","19,436,000","19,003,000","13,752,000","14,942,000","16,159,000","17,025,000","11,461,000","13,343,000","12,577,000","13,028,000","234,335,000","10,466,000"
TaxRateForCalcs,"0.13","0.142","0.135","0.116","0.124","0.162","0.27","0.092","0.312","0.27","0.169","0.151","0.137","0.149","0.058","0.151","0.156","0.13","0.198","0.288","0.279","0.265","0.288","0.298","0.302","0.3","0.285","0.299","0.297","0.307","0.277","0.314","0.298","0.307","0.293","0.304","0.291","0.279","0.32","0.322","0.323","0.315","0.273","0.27","0.283","0.312","0.299","0.309","0.31","0.326","0.349","0.328","0.311","0.312","0.32","0.311","0.35","0.35","0.312","0.354","0.357","0.362","0.317","0.353","0.375","0.4","0.336","0.353","0.353","0.353","0.4","0.4","0.4","0","0.4","0.4"
TaxEffectOfUnusualItems,"54,109.846","91,732","-24,848.286","-3,364","-2,108","-81,648","-375,840","-65,872","137,280","-160,650","218,386.609","-9,211","-43,292","-2,533","-8,635.404","-3,020","-3,432","-11,180","-127,097.19","-576","0","-2,915","-35,989.404","-3,874","-9,060","-3,300","-277,436.449","0","0","0","-173,573.775","5,024","-2,682","-5,219","465,171.093","-31,312","-7,869.499","-15,904.378","-499,644.135","-7,724.846","-6,462.338","-5,985.679","-312,259.565","-3,504.227","-5,667.94","0","-509,377.465","-13,599.504","-31,029.625","-51,477.004","-1,140,890.222","66,027.4","-4,356.639","26,846.265","-447,576.744","-13,383.108","-10,850.289","-246,046.461","0","0","0","0","0","0","0","0","0","0","0","0","0","0","0","0","0","0"