name,ttm,03/31/2022,12/31/2021,09/30/2021,06/30/2021,03/31/2021,12/31/2020,09/30/2020,06/30/2020,03/31/2020,12/31/2019,09/30/2019,06/30/2019,03/31/2019,12/31/2018,09/30/2018,06/30/2018,03/31/2018,12/31/2017,09/30/2017,06/30/2017,03/31/2017,12/31/2016,09/30/2016,06/30/2016,03/31/2016,12/31/2015,09/30/2015,06/30/2015,03/31/2015,12/31/2014,09/30/2014,06/30/2014,03/31/2014,12/31/2013,09/30/2013,06/30/2013,03/31/2013,12/31/2012,09/30/2012,06/30/2012,03/31/2012,12/31/2011,09/30/2011,06/30/2011,03/31/2011,12/31/2010,09/30/2010,06/30/2010,03/31/2010,12/31/2009,09/30/2009,06/30/2009,03/31/2009,12/31/2008,09/30/2008,06/30/2008,03/31/2008,12/31/2007,09/30/2007,06/30/2007,03/31/2007,12/31/2006,09/30/2006,06/30/2006,03/31/2006,12/31/2005,09/30/2005,06/30/2005,03/31/2005,12/31/2004,09/30/2004,06/30/2004,03/31/2004,12/31/2003,09/30/2003,06/30/2003,03/31/2003
TotalRevenue,"2,248,100,000","564,100,000","615,100,000","553,700,000","515,200,000","417,600,000","369,600,000","363,300,000","344,800,000","320,900,000","286,369,000","254,323,000","265,367,000","260,141,000","257,389,000","234,079,000","290,213,000","314,842,000","248,886,000","242,610,000","228,261,000","204,594,000","174,545,000","146,154,000","129,831,000","112,229,000","103,420,000","122,816,000","117,549,000","125,318,000","120,015,000","117,041,000","132,677,000","144,224,000","126,268,000","107,183,000","110,107,000","100,464,000","90,067,000","100,849,000","101,949,000","110,565,000","86,873,000","105,306,000","133,741,000","126,719,000","120,303,000","118,486,000","105,878,000","98,467,000","72,781,000","41,324,000","23,252,000","22,400,000","47,070,000","60,128,000","67,364,000","92,357,000","92,758,000","95,535,000","104,722,000","110,792,000","107,499,000","104,065,000","68,469,000","57,195,000","38,780,000","27,540,000","39,289,000","41,924,000","41,348,000","47,509,000","54,508,000","40,837,000","25,758,000","16,726,000","17,410,000","17,626,000"
	OperatingRevenue,"2,248,100,000","564,100,000","615,100,000","553,700,000","515,200,000","417,600,000","369,600,000","363,300,000","344,800,000","320,900,000","286,369,000","254,323,000","265,367,000","260,141,000","257,389,000","234,079,000","290,213,000","314,842,000","248,886,000","242,610,000","228,261,000","204,594,000","174,545,000","146,154,000","129,831,000","112,229,000","103,420,000","122,816,000","117,549,000","125,318,000","120,015,000","117,041,000","132,677,000","144,224,000","126,268,000","107,183,000","110,107,000","100,464,000","90,067,000","100,849,000","101,949,000","110,565,000","86,873,000","105,306,000","133,741,000","126,719,000","120,303,000","118,486,000","105,878,000","98,467,000","72,781,000","41,324,000","23,252,000","22,400,000","47,070,000","60,128,000","67,364,000","92,357,000","92,758,000","95,535,000","104,722,000","110,792,000","107,499,000","104,065,000","68,469,000","57,195,000","38,780,000","27,540,000","39,289,000","41,924,000","41,348,000","47,509,000","54,508,000","40,837,000","25,758,000","16,726,000","17,410,000","17,626,000"
CostOfRevenue,"1,791,300,000","450,400,000","486,000,000","439,600,000","415,300,000","330,700,000","292,000,000","288,700,000","270,900,000","255,200,000","230,039,000","206,819,000","217,198,000","215,344,000","211,412,000","199,084,000","244,148,000","266,038,000","204,819,000","199,914,000","184,890,000","167,099,000","144,844,000","122,663,000","110,810,000","97,659,000","90,079,000","103,868,000","98,727,000","105,399,000","101,652,000","106,734,000","111,525,000","120,913,000","104,698,000","91,350,000","94,004,000","86,641,000","78,516,000","86,526,000","87,695,000","94,905,000","77,278,000","92,454,000","114,748,000","109,167,000","105,532,000","101,285,000","91,083,000","86,091,000","64,324,000","38,041,000","24,106,000","25,270,000","46,654,000","54,660,000","59,842,000","80,297,000","81,241,000","82,165,000","88,906,000","94,035,000","91,085,000","88,694,000","57,759,000","49,004,000","33,516,000","24,967,000","33,698,000","35,275,000","34,945,000","39,706,000","45,586,000","34,756,000","21,695,000","14,605,000","14,768,000","16,245,000"
GrossProfit,"456,800,000","113,700,000","129,100,000","114,100,000","99,900,000","86,900,000","77,600,000","74,600,000","73,900,000","65,700,000","56,330,000","47,504,000","48,169,000","44,797,000","45,977,000","34,995,000","46,065,000","48,804,000","44,067,000","42,696,000","43,371,000","37,495,000","29,701,000","23,491,000","19,021,000","14,570,000","13,341,000","18,948,000","18,822,000","19,919,000","18,363,000","10,307,000","21,152,000","23,311,000","21,570,000","15,833,000","16,103,000","13,823,000","11,551,000","14,323,000","14,254,000","15,660,000","9,595,000","12,852,000","18,993,000","17,552,000","14,771,000","17,201,000","14,795,000","12,376,000","8,457,000","3,283,000","-854,000","-2,870,000","416,000","5,468,000","7,522,000","12,060,000","11,517,000","13,370,000","15,816,000","16,757,000","16,414,000","15,371,000","10,710,000","8,191,000","5,264,000","2,573,000","5,591,000","6,649,000","6,403,000","7,803,000","8,922,000","6,081,000","4,063,000","2,121,000","2,642,000","1,381,000"
OperatingExpense,"265,800,000","68,000,000","66,300,000","63,500,000","68,000,000","46,500,000","44,500,000","39,700,000","43,100,000","43,100,000","51,839,000","39,246,000","39,198,000","36,617,000","35,767,000","34,073,000","23,401,000","21,896,000","22,110,000","19,434,000","18,966,000","17,722,000","17,031,000","16,791,000","15,302,000","15,268,000","16,655,000","15,869,000","15,394,000","17,271,000","13,437,000","14,270,000","13,093,000","14,150,000","13,302,000","12,442,000","12,476,000","13,202,000","12,962,000","13,687,000","9,338,000","9,393,000","8,039,000","8,542,000","9,500,000","9,365,000","9,009,000","8,675,000","8,226,000","7,753,000","6,325,000","5,048,000","5,430,000","7,288,000","7,860,000","7,776,000","8,185,000","9,048,000","8,946,000","7,842,000","8,303,000","8,862,000","8,093,000","7,321,000","5,495,000","4,443,000","4,601,000","3,496,000","4,473,000","4,945,000","4,072,000","4,600,000","3,753,000","3,336,000","2,298,000","1,687,000","2,872,000","1,552,000"
	SellingGeneralAndAdministration,"238,700,000","61,200,000","58,600,000","57,000,000","61,900,000","42,300,000","40,400,000","36,200,000","39,300,000","39,700,000","48,225,000","35,612,000","35,277,000","33,186,000","31,708,000","30,789,000","20,486,000","18,867,000","18,846,000","16,712,000","16,192,000","14,816,000","14,213,000","14,344,000","12,943,000","12,992,000","14,396,000","13,517,000","12,993,000","14,705,000","11,741,000","12,464,000","11,295,000","12,383,000","11,915,000","11,032,000","10,987,000","11,945,000","11,844,000","12,378,000","8,050,000","7,987,000","6,777,000","7,290,000","8,063,000","7,760,000","7,473,000","7,220,000","6,836,000","6,696,000","5,548,000","4,277,000","4,682,000","6,372,000","6,831,000","7,292,000","7,579,000","8,263,000","8,236,000","7,194,000","7,518,000","8,020,000","7,179,000","6,515,000","4,762,000","3,845,000","4,171,000","3,001,000","3,724,000","4,258,000","3,558,000","3,914,000","3,092,000","2,784,000","2,163,000","1,328,000","2,537,000","1,226,000"
		GeneralAndAdministrativeExpense,"184,300,000","47,400,000","44,500,000","43,200,000","49,200,000","34,700,000","33,000,000","30,200,000","33,400,000","33,900,000","42,463,000","29,735,000","29,911,000","27,791,000","26,676,000","26,950,000","16,856,000","15,062,000","15,162,000","13,050,000","12,841,000","11,765,000","11,182,000","11,525,000","10,158,000","10,059,000","11,391,000","10,673,000","10,188,000","11,860,000","9,055,000","9,971,000","8,703,000","9,722,000","9,428,000","8,471,000","8,522,000","9,626,000","10,026,000","10,573,000","6,384,000","6,243,000","5,274,000","5,611,000","6,045,000","5,703,000","5,509,000","5,359,000","4,941,000","5,063,000","4,077,000","3,250,000","3,517,000","5,342,000",,,,,,,,,,,,,,,,,,,,,,"733,000","1,984,000","755,000"
			OtherGandA,"184,300,000","47,400,000","44,500,000","43,200,000","49,200,000","34,700,000","33,000,000","30,200,000","33,400,000","33,900,000","42,463,000","29,735,000","29,911,000","27,791,000","26,676,000","26,950,000","16,856,000","15,062,000","15,162,000","13,050,000","12,841,000","11,765,000","11,182,000","11,525,000","10,158,000","10,059,000","11,391,000","10,673,000","10,188,000","11,860,000","9,055,000","9,971,000","8,703,000","9,722,000","9,428,000","8,471,000","8,522,000","9,626,000","10,026,000","10,573,000","6,384,000","6,243,000","5,274,000","5,611,000","6,045,000","5,703,000","5,509,000","5,359,000","4,941,000","5,063,000","4,077,000","3,250,000","3,517,000","5,342,000",,,,,,,,,,,,,,,,,,,,,,"733,000","1,984,000","755,000"
		SellingAndMarketingExpense,"54,400,000","13,800,000","14,100,000","13,800,000","12,700,000","7,600,000","7,400,000","6,000,000","5,900,000","5,800,000","5,762,000","5,877,000","5,366,000","5,395,000","5,032,000","3,839,000","3,630,000","3,805,000","3,684,000","3,662,000","3,351,000","3,051,000","3,031,000","2,819,000","2,785,000","2,933,000","3,005,000","2,844,000","2,805,000","2,845,000","2,686,000","2,493,000","2,592,000","2,661,000","2,487,000","2,561,000","2,465,000","2,319,000","1,818,000","1,805,000","1,666,000","1,744,000","1,503,000","1,679,000","2,018,000","2,057,000","1,964,000","1,861,000","1,895,000","1,633,000","1,471,000","1,027,000","1,165,000","1,030,000",,,,,,,,,,,,,,,,,,,,,,"595,000","553,000","471,000"
	ResearchAndDevelopment,"27,100,000","6,800,000","7,700,000","6,500,000","6,100,000","4,200,000","4,100,000","3,500,000","3,800,000","3,400,000","3,614,000","3,634,000","3,921,000","3,431,000","4,059,000","3,284,000","2,915,000","3,029,000","3,264,000","2,722,000","2,774,000","2,906,000","2,818,000","2,447,000","2,359,000","2,276,000","2,259,000","2,352,000","2,401,000","2,566,000","1,696,000","1,806,000","1,798,000","1,767,000","1,387,000","1,410,000","1,489,000","1,257,000","1,118,000","1,309,000","1,288,000","1,406,000","1,262,000","1,252,000","1,437,000","1,605,000","1,536,000","1,455,000","1,390,000","1,057,000","777,000","771,000","748,000","916,000","1,029,000","484,000","606,000","785,000","710,000","648,000","785,000","842,000","914,000","806,000","733,000","598,000","430,000","495,000","749,000","687,000","514,000","686,000","661,000","552,000","338,000","290,000","268,000","259,000"
	OtherOperatingExpenses,,,,,,,,,,,,,,,,,,,,,,,,,,,,,,,,,,,,,,,,,,,,,,,,,,,,,,,,,,,,,,,,,,,,,,,,,,,,"69,000","67,000","67,000"
OperatingIncome,"191,000,000","45,700,000","62,800,000","50,600,000","31,900,000","40,400,000","33,100,000","34,900,000","30,800,000","22,600,000","4,491,000","8,258,000","8,971,000","8,180,000","10,210,000","922,000","22,664,000","26,908,000","21,957,000","23,262,000","24,405,000","19,773,000","12,670,000","6,700,000","3,719,000","-698,000","-3,314,000","3,079,000","3,428,000","2,648,000","4,926,000","-3,963,000","8,059,000","9,161,000","8,268,000","3,391,000","3,627,000","621,000","-1,411,000","636,000","4,916,000","6,267,000","1,556,000","4,310,000","9,493,000","8,187,000","5,762,000","8,526,000","6,569,000","4,623,000","2,132,000","-1,765,000","-6,284,000","-10,158,000","-7,444,000","-2,308,000","-663,000","3,012,000","2,571,000","5,528,000","7,513,000","7,895,000","8,321,000","8,050,000","5,215,000","3,748,000","663,000","-923,000","1,118,000","1,704,000","2,331,000","3,203,000","5,169,000","2,745,000","1,765,000","434,000","-230,000","-171,000"
NetNonOperatingInterestIncomeExpense,"-26,700,000","-6,400,000","-6,500,000","-6,800,000","-7,000,000","-3,500,000","-3,600,000","-3,900,000","-3,600,000","-4,900,000","-5,717,000","-6,562,000","-6,390,000","-5,319,000","-5,187,000","-2,766,000","-809,000","326,000","-378,000","-19,000","-1,120,000","-938,000","-181,000","-1,336,000","-836,000","-1,091,000","-163,000","-756,000","-359,000","-956,000","-334,000","-437,000","-452,000","-629,000","-653,000","-968,000","-730,000","-957,000","-716,000","-813,000","-14,000","-105,000","-96,000","-275,000","-367,000","-368,000","-133,000","-237,000","-145,000","-155,000","-179,000","-189,000","228,000","-195,000",,,,,,,,,,,,,,,,,,,,,,,,
	InterestIncomeNonOperating,"300,000","0","100,000","100,000","100,000","100,000","200,000","200,000","200,000","300,000","-16,000","74,000",,,,,,,,,,,,,,,,,,,,,,,,,,,,,,,,,,,,,,,,,,,,,,,,,,,,,,,,,,,,,,,,,,
	InterestExpenseNonOperating,"27,000,000","6,400,000","6,600,000","6,900,000","7,100,000","3,600,000","3,800,000","4,100,000","3,800,000","5,200,000","5,701,000","6,636,000",,,,,,,,,,,,,,,,,,,,,,,,,,,,,"14,000",,,,,,,,,,,"189,000",,,,,,,,,,,,,,,,,,,,,,,,,,
	TotalOtherFinanceCost,,,,,,,,,,,"12,300,000","3,492,000","6,390,000","5,319,000","5,187,000","2,766,000","809,000","-326,000","378,000","19,000","1,120,000","938,000","181,000","1,336,000","836,000","1,091,000","163,000","756,000","359,000","956,000","334,000","437,000","452,000","629,000","653,000","968,000","730,000","957,000","716,000","813,000",,"105,000","96,000","275,000","367,000","368,000",,"237,000","145,000","155,000",,"189,000","-228,000","195,000",,,,,,,,,,,,,,,,,,,,,,,,
OtherIncomeExpense,"-3,295,000","5,000","-1,200,000","-1,400,000","-700,000","-4,300,000","-2,500,000","-1,100,000","600,000","-2,700,000","-6,682,000","3,070,000",,,,,,,,,,,,,,,,,,,,,,,,,,,"0","-2,063,000",,,,,,,,,,,,,,,,,,,,,,,,,,"-487,000",,,,"27,000",,,,"-390,000",,,,"-405,000"
	SpecialIncomeCharges,,,,,,,,,,,,,,,,,,,,,,,,,,,,,,,,,,,"0","0",,,"0","-2,063,000",,,,,,,,,,,,,,,,,,,,,,,,,,"-487,000",,,,"27,000",,,,"-390,000",,,,"-405,000"
		RestructuringAndMergernAcquisition,,,,,,,,,,,,,,,,,,,,,,,,,,,,,,,,,,,"0","0",,,"0","2,063,000",,,,,,,,,,,,,,,,,,,,,,,,,,,,,,,,,,,,,,
	OtherNonOperatingIncomeExpenses,"-3,295,000","5,000","-1,200,000","-1,400,000","-700,000","-4,300,000","-2,500,000","-1,100,000","600,000","-2,700,000","-6,682,000","3,070,000",,,,,,,,,,,,,,,,,,,,,,,,,,,,,,,,,,,,,,,,,,,,,,,,,,,,,,,,,,,,,,,,,,
PretaxIncome,"161,000,000","39,300,000","55,100,000","42,400,000","24,200,000","32,600,000","27,000,000","29,900,000","27,800,000","15,000,000","-7,908,000","4,766,000","2,581,000","2,861,000","5,023,000","-1,844,000","21,855,000","27,234,000","21,579,000","23,243,000","23,285,000","18,835,000","12,489,000","5,364,000","2,883,000","-1,789,000","-3,477,000","2,323,000","3,069,000","1,692,000","4,592,000","-4,400,000","7,607,000","8,532,000","7,615,000","2,423,000","2,897,000","-336,000","-2,127,000","-2,240,000","4,902,000","6,162,000","1,460,000","4,035,000","9,126,000","7,819,000","5,629,000","8,289,000","6,424,000","4,468,000","1,953,000","-1,954,000","-6,512,000","-10,353,000","-62,568,000","-2,544,000","-909,000","2,668,000","2,224,000","5,068,000","7,054,000","7,364,000","7,702,000","7,434,000","5,179,000","3,261,000","727,000","-893,000","1,146,000","1,731,000","2,357,000","3,201,000","5,148,000","2,355,000","1,423,000","59,000","-566,000","-576,000"
TaxProvision,"29,400,000","8,500,000","6,300,000","8,400,000","6,200,000","7,000,000","4,300,000","4,800,000","5,700,000","4,500,000","1,780,000","3,878,000","2,835,000","1,507,000","5,335,000","4,596,000","2,895,000","2,493,000","730,000","3,527,000","3,106,000","4,494,000","2,536,000","2,750,000","2,160,000","1,450,000","12,311,000","647,000","862,000","519,000","1,060,000","862,000","1,575,000","1,476,000","1,244,000","375,000","581,000","-25,000","-398,000","-539,000","979,000","1,502,000","-6,341,000","880,000","2,168,000","1,999,000","1,733,000","1,592,000","770,000","618,000","-542,000","-536,000","7,551,000","-3,313,000","-10,352,000","-616,000","-747,000","779,000","153,000","1,527,000","1,958,000","2,179,000","3,040,000","1,874,000","1,222,000","1,130,000","41,000","-327,000","454,000","537,000","222,000","1,288,000","2,059,000","942,000","737,000","38,000","-411,000","-132,000"
NetIncomeCommonStockholders,"122,400,000","27,900,000","45,500,000","31,900,000","17,100,000","25,000,000","22,500,000","24,400,000","21,300,000","9,400,000","-10,316,000","513,000","-202,000","605,000","-1,108,000","-5,997,000","18,960,000","24,741,000","20,849,000","19,716,000","20,179,000","14,341,000","9,953,000","2,614,000","723,000","-3,239,000","-15,788,000","1,676,000","2,207,000","1,173,000","3,532,000","-5,262,000","6,032,000","7,056,000","6,371,000","2,048,000","2,316,000","-311,000","-1,729,000","-1,701,000","3,923,000","4,660,000","7,801,000","3,155,000","6,958,000","5,820,000","3,896,000","6,697,000","5,654,000","3,850,000","2,495,000","-1,418,000","-14,063,000","-7,040,000","-52,216,000","-1,928,000","-162,000","1,889,000","2,071,000","3,541,000","5,096,000","5,185,000","4,662,000","5,560,000","3,957,000","2,131,000","683,000","-566,000","692,000","1,194,000","2,135,000","1,913,000","3,089,000","1,413,000","686,000","21,000","-155,000","-444,000"
	NetIncome,"122,400,000","27,900,000","45,500,000","31,900,000","17,100,000","25,000,000","22,500,000","24,400,000","21,300,000","9,400,000","-10,316,000","513,000","-202,000","605,000","-1,108,000","-5,997,000","18,960,000","24,741,000","20,849,000","19,716,000","20,179,000","14,341,000","9,953,000","2,614,000","723,000","-3,239,000","-15,788,000","1,676,000","2,207,000","1,173,000","3,532,000","-5,262,000","6,032,000","7,056,000","6,371,000","2,048,000","2,316,000","-311,000","-1,729,000","-1,701,000","3,923,000","4,660,000","7,801,000","3,155,000","6,958,000","5,820,000","3,896,000","6,697,000","5,654,000","3,850,000","2,495,000","-1,418,000","-14,063,000","-7,040,000","-52,216,000","-1,928,000","-162,000","1,889,000","2,071,000","3,541,000","5,096,000","5,185,000","4,662,000","5,560,000","3,957,000","2,131,000","683,000","-566,000","692,000","1,194,000","2,135,000","1,913,000","3,089,000","1,413,000","686,000","21,000","-155,000","-444,000"
		NetIncomeIncludingNoncontrollingInterests,"131,600,000","30,800,000","48,800,000","34,000,000","18,000,000","25,600,000","22,700,000","25,100,000","22,100,000","10,500,000","-9,688,000","888,000","-254,000","1,354,000","-312,000","-6,440,000","18,960,000","24,741,000","20,849,000","19,716,000","20,179,000","14,341,000","9,953,000","2,614,000","723,000","-3,239,000","-15,788,000","1,676,000","2,207,000","1,173,000","3,532,000","-5,262,000","6,032,000","7,056,000","6,371,000","2,048,000","2,316,000","-311,000","-1,729,000","-1,701,000","3,923,000","4,660,000","7,801,000","3,155,000","6,958,000","5,820,000","3,896,000","6,697,000","5,654,000","3,850,000","2,495,000","-1,418,000","-14,063,000","-7,040,000","-52,216,000","-1,928,000","-162,000","1,889,000","2,071,000","3,541,000","5,096,000","5,185,000","4,662,000","5,560,000","3,957,000","2,131,000","683,000","-566,000","692,000","1,194,000","2,135,000","1,913,000","3,089,000","1,413,000","686,000","21,000","-155,000","-444,000"
			NetIncomeContinuousOperations,"131,600,000","30,800,000","48,800,000","34,000,000","18,000,000","25,600,000","22,700,000","25,100,000","22,100,000","10,500,000","-9,688,000","888,000","-254,000","1,354,000","-312,000","-6,440,000","18,960,000","24,741,000","20,849,000","19,716,000","20,179,000","14,341,000","9,953,000","2,614,000","723,000","-3,239,000","-15,788,000","1,676,000","2,207,000","1,173,000","3,532,000","-5,262,000","6,032,000","7,056,000","6,371,000","2,048,000","2,316,000","-311,000","-1,729,000","-1,701,000","3,923,000","4,660,000","7,801,000","3,155,000","6,958,000","5,820,000","3,896,000","6,697,000","5,654,000","3,850,000","2,495,000","-1,418,000","-14,063,000","-7,040,000","-52,216,000","-1,928,000","-162,000","1,889,000","2,071,000","3,541,000","5,096,000","5,185,000","4,662,000","5,560,000","3,957,000","2,131,000","683,000","-566,000","692,000","1,194,000","2,135,000","1,913,000","3,089,000","1,413,000","686,000","21,000","-155,000","-444,000"
		MinorityInterests,"-9,200,000","-2,900,000","-3,300,000","-2,100,000","-900,000","-600,000","-200,000","-700,000","-800,000","-1,100,000","-628,000","-375,000","52,000","-749,000","-796,000","443,000",,,,,,,,,,,,,,,,,,,,,,,,,,,,,,,,,,,,,,,,,,,,,,,,,,,,,,,,,,,,,,
DilutedNIAvailtoComStockholders,"122,400,000","27,900,000","45,500,000","31,900,000","17,100,000","25,000,000","22,500,000","24,400,000","21,300,000","9,400,000","-10,316,000","513,000","-202,000","605,000","-1,108,000","-5,997,000","18,960,000","24,741,000","20,849,000","19,716,000","20,179,000","14,341,000","9,953,000","2,614,000","723,000","-3,239,000","-15,788,000","1,676,000","2,207,000","1,173,000","3,532,000","-5,262,000","6,032,000","7,056,000","6,371,000","2,048,000","2,316,000","-311,000","-1,729,000","-1,701,000","3,923,000","4,660,000","7,801,000","3,155,000","6,958,000","5,820,000","3,896,000","6,697,000","5,654,000","3,850,000","2,495,000","-1,418,000","-14,063,000","-7,040,000","-52,216,000","-1,928,000","-162,000","1,889,000","2,071,000","3,541,000","5,096,000","5,185,000","4,662,000","5,560,000","3,957,000","2,131,000","683,000","-566,000","692,000","1,194,000","2,135,000","1,913,000","3,089,000","1,413,000","686,000","21,000","-155,000","-444,000"
BasicEPS,,"0.62","1.01","0.71","0.39","0.62","0.56","0.6","0.53","0.24","-0.26","0.01","-0.01","0.02","-0.03","-0.15","0.49","0.67","0.62","0.59","0.6","0.43","0.3","0.08","0.02","-0.1","-0.49","0.05","0.07","0.04","0.12","-0.18","0.2","0.24","0.22","0.07","0.08","-0.01","-0.06","-0.06","0.17","0.2","0.34","0.14","0.31","0.26",,"0.31","0.26","0.18",,"-0.07","-0.66","-0.33",,"-0.09","-0.01","0.09",,"0.17","0.24","0.25",,"0.27","0.22","0.13",,"-0.03","0.04","0.07",,"0.12","0.19","0.14",,"0","-0.02","-0.04"
DilutedEPS,,"0.61","1","0.7","0.39","0.6","0.55","0.59","0.52","0.23","-0.26","0.01","-0.01","0.02","-0.03","-0.15","0.48","0.66","0.6","0.57","0.59","0.42","0.3","0.08","0.02","-0.1","-0.49","0.05","0.07","0.04","0.12","-0.18","0.2","0.24","0.22","0.07","0.08","-0.01","-0.06","-0.06","0.17","0.2","0.34","0.14","0.3","0.25",,"0.29","0.25","0.17",,"-0.07","-0.66","-0.33",,"-0.09","-0.01","0.09",,"0.16","0.23","0.24",,"0.25","0.21","0.12",,"-0.03","0.04","0.07",,"0.11","0.18","0.13",,"0","-0.02","-0.04"
BasicAverageShares,,"44,927,000","44,886,000","44,757,000","43,328,000","40,564,000","40,521,000","40,367,000","40,087,000","39,817,000","39,778,000","39,557,000","39,399,000","39,122,000","39,009,000","38,930,000","38,802,000","36,723,000","33,602,000","33,540,000","33,433,000","33,061,000","32,877,000","32,759,000","32,565,000","32,309,000","32,212,000","31,993,000","31,615,000","30,485,000","29,498,000","29,477,000","29,438,000","28,877,000","28,582,000","28,451,000","28,370,000","27,978,000","27,854,000","27,656,000","23,292,000","23,013,000","22,850,000","22,804,000","22,734,000","22,468,000",,"21,891,000","21,670,000","21,501,000",,"21,419,000","21,379,000","21,301,000",,"21,708,000","21,643,000","21,564,000",,"21,366,000","21,236,000","21,113,000",,"20,737,000","18,250,000","16,868,000",,"16,252,000","16,217,000","16,188,000",,"16,051,000","16,046,000","10,110,000",,"9,976,000","9,976,000","9,977,000"
DilutedAverageShares,,"45,593,000","45,525,000","45,404,000","44,253,000","41,639,000","41,353,000","41,149,000","40,834,000","40,704,000","39,778,000","40,025,000","39,399,000","39,448,000","39,009,000","38,930,000","39,297,000","37,491,000","34,500,000","34,360,000","34,064,000","33,865,000","33,526,000","33,100,000","32,792,000","32,309,000","32,212,000","32,155,000","31,777,000","30,964,000","29,944,000","29,914,000","29,882,000","29,918,000","29,480,000","28,979,000","28,757,000","27,978,000","27,854,000","27,656,000","23,710,000","23,688,000","23,279,000","23,246,000","23,482,000","23,516,000",,"23,060,000","23,016,000","22,918,000",,"21,419,000","21,379,000","21,301,000",,"21,708,000","21,643,000","22,067,000",,"22,166,000","22,045,000","21,972,000",,"21,879,000","19,168,000","17,787,000",,"16,252,000","17,227,000","17,124,000",,"16,976,000","17,204,000","10,965,000",,"10,245,000","9,976,000","9,977,000"
TotalOperatingIncomeAsReported,"191,000,000","45,700,000","62,800,000","50,600,000","31,900,000","40,400,000","33,100,000","34,900,000","30,800,000","22,600,000","4,491,000","8,258,000","8,971,000","8,180,000","10,210,000","922,000","22,664,000","26,908,000","21,957,000","23,262,000","24,405,000","19,773,000","12,670,000","6,700,000","3,719,000","-698,000","-3,314,000","3,079,000","3,428,000","2,648,000","4,926,000","-3,963,000","8,059,000","9,161,000","8,268,000","3,391,000","3,627,000","621,000","-1,411,000","-1,427,000","4,916,000","6,267,000","1,556,000","4,310,000","9,493,000","8,187,000","5,762,000","8,526,000","6,569,000","4,623,000","2,132,000","-1,765,000","-6,284,000","-10,158,000","-62,524,000","-2,308,000","-663,000","3,012,000","2,571,000","5,528,000","7,513,000","7,895,000","8,321,000","8,050,000","5,215,000","3,748,000","663,000","-923,000","1,118,000","1,704,000","2,331,000","3,203,000","5,169,000","2,745,000","1,765,000","434,000","-230,000","-171,000"
TotalExpenses,"2,057,100,000","518,400,000","552,300,000","503,100,000","483,300,000","377,200,000","336,500,000","328,400,000","314,000,000","298,300,000","281,878,000","246,065,000","256,396,000","251,961,000","247,179,000","233,157,000","267,549,000","287,934,000","226,929,000","219,348,000","203,856,000","184,821,000","161,875,000","139,454,000","126,112,000","112,927,000","106,734,000","119,737,000","114,121,000","122,670,000","115,089,000","121,004,000","124,618,000","135,063,000","118,000,000","103,792,000","106,480,000","99,843,000","91,478,000","100,213,000","97,033,000","104,298,000","85,317,000","100,996,000","124,248,000","118,532,000","114,541,000","109,960,000","99,309,000","93,844,000","70,649,000","43,089,000","29,536,000","32,558,000","54,514,000","62,436,000","68,027,000","89,345,000","90,187,000","90,007,000","97,209,000","102,897,000","99,178,000","96,015,000","63,254,000","53,447,000","38,117,000","28,463,000","38,171,000","40,220,000","39,017,000","44,306,000","49,339,000","38,092,000","23,993,000","16,292,000","17,640,000","17,797,000"
NetIncomeFromContinuingAndDiscontinuedOperation,"122,400,000","27,900,000","45,500,000","31,900,000","17,100,000","25,000,000","22,500,000","24,400,000","21,300,000","9,400,000","-10,316,000","513,000","-202,000","605,000","-1,108,000","-5,997,000","18,960,000","24,741,000","20,849,000","19,716,000","20,179,000","14,341,000","9,953,000","2,614,000","723,000","-3,239,000","-15,788,000","1,676,000","2,207,000","1,173,000","3,532,000","-5,262,000","6,032,000","7,056,000","6,371,000","2,048,000","2,316,000","-311,000","-1,729,000","-1,701,000","3,923,000","4,660,000","7,801,000","3,155,000","6,958,000","5,820,000","3,896,000","6,697,000","5,654,000","3,850,000","2,495,000","-1,418,000","-14,063,000","-7,040,000","-52,216,000","-1,928,000","-162,000","1,889,000","2,071,000","3,541,000","5,096,000","5,185,000","4,662,000","5,560,000","3,957,000","2,131,000","683,000","-566,000","692,000","1,194,000","2,135,000","1,913,000","3,089,000","1,413,000","686,000","21,000","-155,000","-444,000"
NormalizedIncome,"122,400,000","27,900,000","45,500,000","31,900,000","17,100,000","25,000,000","22,500,000","24,400,000","21,300,000","9,400,000","-10,316,000","513,000","-202,000","605,000","-1,108,000","-5,997,000","18,960,000","24,741,000","20,849,000","19,716,000","20,179,000","14,341,000","9,953,000","2,614,000","723,000","-3,239,000","-15,788,000","1,676,000","2,207,000","1,173,000","3,532,000","-5,262,000","6,032,000","7,056,000","6,371,000","2,048,000","2,316,000","-311,000","-1,729,000","-134,409.375","3,923,000","4,660,000","7,801,000","3,155,000","6,958,000","5,820,000","3,896,000","6,697,000","5,654,000","3,850,000","2,495,000","-1,418,000","-14,063,000","-7,040,000","-52,216,000","-1,928,000","-162,000","1,889,000","2,071,000","3,541,000","5,096,000","5,185,000","4,662,000","5,560,000","3,957,000","2,449,245.017","683,000","-566,000","692,000","1,175,376.083","2,135,000","1,913,000","3,089,000","1,647,000","686,000","21,000","-155,000","-131,812.5"
InterestIncome,"300,000","0","100,000","100,000","100,000","100,000","200,000","200,000","200,000","300,000","-16,000","74,000",,,,,,,,,,,,,,,,,,,,,,,,,,,,,,,,,,,,,,,,,,,,,,,,,,,,,,,,,,,,,,,,,,
InterestExpense,"27,000,000","6,400,000","6,600,000","6,900,000","7,100,000","3,600,000","3,800,000","4,100,000","3,800,000","5,200,000","5,701,000","6,636,000",,,,,,,,,,,,,,,,,,,,,,,,,,,,,"14,000",,,,,,,,,,,"189,000",,,,,,,,,,,,,,,,,,,,,,,,,,
NetInterestIncome,"-26,700,000","-6,400,000","-6,500,000","-6,800,000","-7,000,000","-3,500,000","-3,600,000","-3,900,000","-3,600,000","-4,900,000","-5,717,000","-6,562,000","-6,390,000","-5,319,000","-5,187,000","-2,766,000","-809,000","326,000","-378,000","-19,000","-1,120,000","-938,000","-181,000","-1,336,000","-836,000","-1,091,000","-163,000","-756,000","-359,000","-956,000","-334,000","-437,000","-452,000","-629,000","-653,000","-968,000","-730,000","-957,000","-716,000","-813,000","-14,000","-105,000","-96,000","-275,000","-367,000","-368,000","-133,000","-237,000","-145,000","-155,000","-179,000","-189,000","228,000","-195,000",,,,,,,,,,,,,,,,,,,,,,,,
EBIT,"188,000,000","45,700,000","61,700,000","49,300,000","31,300,000","36,200,000","30,800,000","34,000,000","31,600,000","20,200,000","-2,207,000","11,402,000","8,971,000","8,180,000","10,210,000","922,000","22,664,000","26,908,000","21,957,000","23,262,000","24,405,000","19,773,000","12,670,000","6,700,000","3,719,000","-698,000","-3,314,000","3,079,000","3,428,000","2,648,000","4,926,000","-3,963,000","8,059,000","9,161,000","8,268,000","3,391,000","3,627,000","621,000","-3,842,000","636,000","4,916,000","6,267,000","1,556,000","4,310,000","9,493,000","8,187,000","5,762,000","8,526,000","6,569,000","4,623,000","2,132,000","-1,765,000","-6,284,000","-10,158,000","-62,524,000","-2,308,000","-663,000","3,012,000","2,571,000","5,528,000","7,513,000","7,895,000","8,321,000","8,050,000","5,215,000","3,748,000","663,000","-923,000","1,118,000","1,704,000","2,331,000","3,203,000","5,169,000","2,745,000","1,765,000","434,000","-230,000","-171,000"
EBITDA,"262,000,000"
ReconciledCostOfRevenue,"1,791,300,000","450,400,000","486,000,000","439,600,000","415,300,000","330,700,000","292,000,000","288,700,000","270,900,000","255,200,000","230,039,000","206,819,000","217,198,000","215,344,000","211,412,000","199,084,000","244,148,000","266,038,000","204,819,000","199,914,000","184,890,000","167,099,000","144,844,000","122,663,000","110,810,000","97,659,000","90,079,000","103,868,000","98,727,000","105,399,000","101,652,000","106,734,000","111,525,000","120,913,000","104,698,000","91,350,000","94,004,000","86,641,000","78,516,000","86,526,000","87,695,000","94,905,000","77,278,000","92,454,000","114,748,000","109,167,000","105,532,000","101,285,000","91,083,000","86,091,000","64,324,000","38,041,000","24,106,000","25,270,000","46,654,000","54,660,000","59,842,000","80,297,000","81,241,000","82,165,000","88,906,000","94,035,000","91,085,000","88,694,000","57,759,000","49,004,000","33,516,000","24,967,000","33,698,000","35,275,000","34,945,000","39,706,000","45,586,000","34,756,000","21,695,000","14,605,000","14,768,000","16,245,000"
ReconciledDepreciation,"74,000,000","17,900,000","19,600,000","18,400,000","18,100,000","11,400,000","11,200,000","11,100,000","11,200,000","11,300,000","10,794,000","10,482,000","8,615,000","11,709,000","10,707,000","5,296,000","2,698,000","2,414,000","3,124,000","2,540,000","2,603,000","2,445,000","3,179,000","2,880,000","2,843,000","2,837,000","3,451,000","3,161,000","2,287,000","2,041,000","1,977,000","1,973,000","1,970,000","1,968,000","2,297,000","2,337,000","2,174,000","2,305,000","2,758,000","2,760,000","758,000","705,000","773,000","811,000","722,000","639,000","606,000","603,000","589,000","525,000","477,000","493,000","646,000","663,000","1,635,000","1,564,000","1,265,000","1,135,000","965,000","1,272,000","1,015,000","1,123,000","206,000","1,986,000","1,142,000","537,000","596,000","618,000","609,000","565,000","458,000","449,000","469,000","989,000","494,000","418,000","440,000","456,000"
NetIncomeFromContinuingOperationNetMinorityInterest,"122,400,000","27,900,000","45,500,000","31,900,000","17,100,000","25,000,000","22,500,000","24,400,000","21,300,000","9,400,000","-10,316,000","513,000","-202,000","605,000","-1,108,000","-5,997,000","18,960,000","24,741,000","20,849,000","19,716,000","20,179,000","14,341,000","9,953,000","2,614,000","723,000","-3,239,000","-15,788,000","1,676,000","2,207,000","1,173,000","3,532,000","-5,262,000","6,032,000","7,056,000","6,371,000","2,048,000","2,316,000","-311,000","-1,729,000","-1,701,000","3,923,000","4,660,000","7,801,000","3,155,000","6,958,000","5,820,000","3,896,000","6,697,000","5,654,000","3,850,000","2,495,000","-1,418,000","-14,063,000","-7,040,000","-52,216,000","-1,928,000","-162,000","1,889,000","2,071,000","3,541,000","5,096,000","5,185,000","4,662,000","5,560,000","3,957,000","2,131,000","683,000","-566,000","692,000","1,194,000","2,135,000","1,913,000","3,089,000","1,413,000","686,000","21,000","-155,000","-444,000"
TotalUnusualItemsExcludingGoodwill,,,,,,,,,,,,,,,,,,,,,,,,,,,,,,,,,,,"0","0",,,"0","-2,063,000",,,,,,,,,,,,,,,,,,,,,,,,,,"-487,000",,,,"27,000",,,,"-390,000",,,,"-405,000"
TotalUnusualItems,,,,,,,,,,,,,,,,,,,,,,,,,,,,,,,,,,,"0","0",,,"0","-2,063,000",,,,,,,,,,,,,,,,,,,,,,,,,,"-487,000",,,,"27,000",,,,"-390,000",,,,"-405,000"
NormalizedEBITDA,"262,000,000","63,600,000","81,300,000","67,700,000","49,400,000","47,600,000","42,000,000","45,100,000","42,800,000","31,500,000","8,587,000","21,884,000","17,586,000","19,889,000","20,917,000","6,218,000","25,362,000","29,322,000","25,081,000","25,802,000","27,008,000","22,218,000","15,849,000","9,580,000","6,562,000","2,139,000","137,000","6,240,000","5,715,000","4,689,000","6,903,000","-1,990,000","10,029,000","11,129,000","10,565,000","5,728,000","5,801,000","2,926,000","-1,084,000","5,459,000","5,674,000","6,972,000","2,329,000","5,121,000","10,215,000","8,826,000","6,368,000","9,129,000","7,158,000","5,148,000","2,609,000","-1,272,000","-5,638,000","-9,495,000","-60,889,000","-744,000","602,000","4,147,000","3,536,000","6,800,000","8,528,000","9,018,000","8,527,000","10,036,000","6,357,000","4,772,000","1,259,000","-305,000","1,727,000","2,242,000","2,789,000","3,652,000","5,638,000","4,124,000","2,259,000","852,000","210,000","690,000"
TaxRateForCalcs,"0.183","0.216","0.114","0.198","0.256","0.215","0.159","0.16","0.205","0.298","0.27","0.27","0.27","0.27","0.27","0.27","0.132","0.092","0.034","0.152","0.133","0.239","0.203","0.4","0.4","0.4","0.4","0.278","0.281","0.307","0.231","0.35","0.207","0.173","0.163","0.155","0.201","0.074","0.187","0.241","0.2","0.244","0.35","0.218","0.238","0.256","0.308","0.192","0.12","0.138","0.35","0.274","0.35","0.32","0.165","0.242","0.35","0.292","0.069","0.301","0.278","0.296","0.395","0.252","0.236","0.347","0.056","0.366","0.396","0.31","0.094","0.4","0.4","0.4","0.4","0.4","0.4","0.229"
TaxEffectOfUnusualItems,"0","0","0","0","0","0","0","0","0","0","0","0","0","0","0","0","0","0","0","0","0","0","0","0","0","0","0","0","0","0","0","0","0","0","0","0","0","0","0","-496,409.375","0","0","0","0","0","0","0","0","0","0","0","0","0","0","0","0","0","0","0","0","0","0","0","0","0","-168,754.983","0","0","0","8,376.083","0","0","0","-156,000","0","0","0","-92,812.5"