name,ttm,03/31/2022,12/31/2021,09/30/2021,06/30/2021,03/31/2021,12/31/2020,09/30/2020,06/30/2020,03/31/2020,12/31/2019,09/30/2019,06/30/2019,03/31/2019,12/31/2018,09/30/2018,06/30/2018,03/31/2018,12/31/2017,09/30/2017,06/30/2017,03/31/2017,12/31/2016,09/30/2016,06/30/2016,03/31/2016,12/31/2015,09/30/2015,06/30/2015,03/31/2015,12/31/2014,09/30/2014,06/30/2014,03/31/2014,12/31/2013,09/30/2013,06/30/2013,03/31/2013,12/31/2012,09/30/2012,06/30/2012,03/31/2012,12/31/2011,09/30/2011,06/30/2011,03/31/2011,12/31/2010,09/30/2010,06/30/2010,03/31/2010,12/31/2009,09/30/2009,06/30/2009,03/31/2009,12/31/2008,09/30/2008,06/30/2008,03/31/2008,12/31/2007,09/30/2007,06/30/2007,03/31/2007,12/31/2006,09/30/2006,06/30/2006,03/31/2006,12/31/2005,09/30/2005,06/30/2005,03/31/2005,12/31/2004,09/30/2004,06/30/2004,03/31/2004,12/31/2003,09/30/2003,06/30/2003,03/31/2003,12/31/2002,09/30/2002,06/30/2002,03/31/2002,12/31/2001,09/30/2001,06/30/2001,03/31/2001,12/31/2000,09/30/2000,06/30/2000,03/31/2000,12/31/1999,09/30/1999,06/30/1999,03/31/1999,12/31/1998,09/30/1998,06/30/1998,03/31/1998,12/31/1997,09/30/1997,06/30/1997,03/31/1997,12/31/1996,09/30/1996,06/30/1996,03/31/1996,12/31/1995,09/30/1995,06/30/1995,03/31/1995,12/31/1994,09/30/1994,06/30/1994,03/31/1994,12/31/1993,09/30/1993,06/30/1993,03/31/1993
TotalRevenue,"9,300,443,000","2,489,313,000","2,016,805,000","2,093,784,000","2,700,541,000","1,825,004,000","1,393,708,000","1,486,227,000","1,242,001,000","1,032,062,000","998,040,000","1,163,026,000","1,239,817,000","1,015,125,000","988,181,000","1,212,702,000","1,294,440,000","993,857,000","966,091,000","1,056,586,000","1,072,375,000","846,130,000","859,584,000","826,665,000","872,093,000","682,151,000","653,601,000","762,275,000","838,171,000","633,025,000","620,090,000","713,489,000","772,752,000","553,998,000","525,737,000","651,780,000","738,436,000","554,494,000","470,763,000","533,366,000","593,693,000","457,111,000","422,023,000","468,941,000","544,139,000","387,233,000","378,685,000","480,574,000","638,635,000","392,958,000","338,565,000","457,768,000","514,945,000","361,722,000","423,653,000","610,744,000","708,485,000","489,512,000","512,637,000","678,398,000","773,105,000","549,038,000","499,243,000","672,873,000","826,847,000","665,609,000","653,313,000","721,497,000","779,552,000","537,160,000","535,754,000","709,294,000","742,568,000","465,665,000","454,470,000","536,278,000","552,463,000","355,619,000","340,340,000","452,959,000","504,944,000","341,656,000","326,678,000","432,689,000","486,348,000","284,638,000","282,763,000","371,030,000","431,578,000","304,072,000","299,800,000","388,400,000","446,800,000","300,200,000","271,000,000","341,100,000","388,700,000","238,200,000","225,300,000","285,000,000","341,300,000","214,700,000","188,500,000","243,900,000","275,700,000","159,600,000","140,100,000","188,800,000","235,400,000","175,000,000","179,600,000","225,500,000","282,800,000","178,100,000","156,700,000","162,500,000","162,500,000","162,500,000"
	OperatingRevenue,"9,300,443,000","2,489,313,000","2,016,805,000","2,093,784,000","2,700,541,000","1,825,004,000","1,307,726,000","1,522,057,000","1,273,509,000","1,050,706,000","1,012,041,000","1,184,030,000","1,264,507,000","1,031,605,000","1,000,023,000","1,233,690,000","1,320,368,000","1,011,667,000","987,746,000","1,071,427,000","1,090,221,000","856,809,000","869,935,000","839,064,000","887,387,000","693,864,000","661,276,000","773,208,000","850,841,000","641,769,000","627,896,000","723,625,000","784,212,000","562,197,000","499,266,000","660,660,000","749,819,000","560,702,000","501,835,000","533,366,000","593,693,000","457,111,000","422,023,000","468,941,000","544,139,000","387,233,000","378,685,000","480,574,000","638,635,000","392,958,000","338,565,000","457,768,000","514,945,000","361,722,000","423,653,000","610,744,000","708,485,000","489,512,000","512,637,000","678,398,000","773,105,000","549,038,000","499,243,000","672,873,000","826,847,000","665,609,000","653,313,000","721,497,000","779,552,000","537,160,000","535,754,000","709,294,000","742,568,000","465,665,000","454,470,000","536,278,000","552,463,000","355,619,000","340,340,000","452,959,000","504,944,000","341,656,000","326,678,000","432,689,000","486,348,000","284,638,000","282,763,000","371,030,000","431,578,000","304,072,000","299,800,000","388,400,000","446,800,000","300,200,000","271,000,000","341,100,000","388,700,000","238,200,000","225,300,000","285,000,000","341,300,000","214,700,000","188,500,000","243,900,000","275,700,000","159,600,000","140,100,000","188,800,000","235,400,000","175,000,000","179,600,000","225,500,000","282,800,000","178,100,000","156,700,000","162,500,000","162,500,000","162,500,000"
CostOfRevenue,"7,701,667,000","2,010,950,000","1,645,241,000","1,766,229,000","2,279,247,000","1,538,450,000","1,206,653,000","1,245,153,000","1,037,070,000","864,826,000","840,785,000","975,756,000","1,053,091,000","860,858,000","850,538,000","1,054,029,000","1,128,751,000","862,968,000","836,932,000","911,899,000","924,135,000","725,390,000","737,274,000","708,611,000","740,606,000","579,412,000","556,428,000","651,569,000","725,728,000","553,443,000","547,335,000","623,903,000","675,764,000","487,986,000","460,869,000","573,491,000","658,220,000","497,315,000","426,294,000","478,139,000","521,946,000","403,445,000","374,655,000","414,583,000","487,552,000","345,819,000","332,664,000","426,159,000","560,749,000","341,324,000","294,383,000","388,505,000","432,460,000","314,901,000","374,672,000","545,222,000","623,607,000","434,692,000","460,998,000","596,233,000","671,400,000","475,518,000","431,115,000","574,048,000","706,429,000","571,298,000","561,590,000","622,435,000","678,310,000","469,931,000","472,475,000","625,502,000","649,747,000","409,304,000","399,593,000","463,715,000","473,721,000","303,815,000","291,495,000","391,294,000","436,321,000","290,379,000","280,897,000","376,507,000","419,951,000","241,519,000","235,958,000","316,570,000","369,400,000","259,040,000","256,900,000","336,700,000","386,300,000","254,600,000","230,900,000","294,000,000","338,500,000","211,200,000","202,900,000","258,500,000","306,500,000","192,900,000","168,600,000","219,800,000","242,700,000","140,600,000","124,000,000","169,200,000","210,400,000","154,400,000","158,900,000","201,400,000","253,400,000","157,300,000",,,,
GrossProfit,"1,598,776,000","478,363,000","371,564,000","327,555,000","421,294,000","286,554,000","187,055,000","241,074,000","204,931,000","167,236,000","157,255,000","187,270,000","186,726,000","154,267,000","137,643,000","158,673,000","165,689,000","130,889,000","129,159,000","144,687,000","148,240,000","120,740,000","122,310,000","118,054,000","131,487,000","102,739,000","97,173,000","110,706,000","112,443,000","79,582,000","72,755,000","89,586,000","96,988,000","66,012,000","64,868,000","78,289,000","80,216,000","57,179,000","44,469,000","55,227,000","71,747,000","53,666,000","47,368,000","54,358,000","56,587,000","41,414,000","46,021,000","54,415,000","77,886,000","51,634,000","44,182,000","69,263,000","82,485,000","46,821,000","48,981,000","65,522,000","84,878,000","54,820,000","51,639,000","82,165,000","101,705,000","73,520,000","68,128,000","98,825,000","120,418,000","94,311,000","91,723,000","99,062,000","101,242,000","67,229,000","63,279,000","83,792,000","92,821,000","56,361,000","54,877,000","72,563,000","78,742,000","51,804,000","48,845,000","61,665,000","68,623,000","51,277,000","45,781,000","56,182,000","66,397,000","43,119,000","46,805,000","54,460,000","62,178,000","45,032,000","42,900,000","51,700,000","60,500,000","45,600,000","40,100,000","47,100,000","50,200,000","27,000,000","22,400,000","26,500,000","34,800,000","21,800,000","19,900,000","24,100,000","33,000,000","19,000,000","16,100,000","19,600,000","25,000,000","20,600,000","20,700,000","24,100,000","29,400,000","20,800,000",,,,
OperatingExpense,"739,684,000","219,338,000","176,557,000","159,430,000","184,359,000","150,098,000","88,946,000","134,473,000","112,572,000","109,339,000","104,764,000","115,652,000","112,688,000","105,943,000","91,943,000","102,292,000","104,595,000","93,206,000","88,544,000","92,416,000","94,341,000","86,919,000","87,093,000","74,457,000","77,762,000","70,838,000","66,178,000","67,951,000","68,431,000","61,705,000","56,940,000","59,936,000","60,589,000","53,908,000","50,681,000","53,907,000","53,102,000","48,228,000","47,177,000","45,186,000","49,106,000","45,778,000","45,534,000","44,013,000","48,810,000","46,495,000","47,802,000","47,286,000","54,041,000","48,489,000","43,624,000","51,198,000","55,304,000","47,956,000","50,068,000","64,257,000","62,120,000","59,351,000","62,914,000","58,783,000","70,382,000","63,458,000","57,319,000","65,970,000","70,773,000","64,529,000","62,418,000","63,877,000","59,505,000","49,851,000","45,329,000","54,604,000","56,082,000","43,929,000","42,661,000","48,424,000","46,697,000","40,188,000","38,008,000","41,148,000","41,345,000","37,798,000","37,055,000","37,525,000","38,869,000","32,273,000","39,571,000","37,418,000","36,925,000","31,939,000","33,700,000","33,700,000","36,300,000","34,300,000","32,700,000","30,600,000","29,200,000","19,700,000","20,900,000","17,600,000","19,300,000","15,600,000","15,600,000","15,700,000","18,500,000","13,800,000","12,100,000","14,300,000","15,200,000","13,500,000","16,600,000","19,200,000","20,700,000","15,900,000",,,,
	SellingGeneralAndAdministration,"752,305,000","220,150,000","178,149,000","169,467,000","184,539,000","150,098,000","86,826,000","134,649,000","113,781,000","109,339,000","104,764,000","115,652,000","112,688,000","105,943,000","91,943,000","102,292,000","104,595,000","93,206,000","88,544,000","92,416,000","94,341,000","86,919,000","87,093,000","74,457,000","77,762,000","70,838,000","66,178,000","67,951,000","68,431,000","61,705,000","56,940,000","59,936,000","58,989,000","53,908,000","50,042,000","53,020,000","53,102,000","48,228,000","44,849,000","45,186,000","49,106,000","45,778,000","45,534,000","44,013,000","45,328,000","46,495,000","47,802,000","47,286,000","54,041,000","48,489,000","43,716,000","51,198,000","56,020,000","49,092,000","50,255,000","58,046,000","62,120,000","59,351,000","62,914,000","58,783,000","70,382,000","63,458,000","57,319,000","65,970,000","70,773,000","64,529,000","62,418,000","63,877,000","59,505,000","49,851,000","46,720,000","54,604,000","56,082,000","43,929,000","42,661,000","48,424,000","46,697,000","40,188,000","38,008,000","41,148,000","41,345,000","37,798,000","37,055,000","37,525,000","38,869,000","32,273,000","33,143,000","31,885,000","32,045,000","27,318,000","29,200,000","29,100,000","31,600,000","29,900,000","28,200,000","26,400,000","25,300,000","17,300,000","17,700,000","15,200,000","17,000,000","13,500,000","13,500,000","13,600,000","16,400,000","11,800,000","9,600,000","12,500,000","13,500,000","11,900,000","14,600,000","18,000,000","19,500,000","14,700,000",,,,
		GeneralAndAdministrativeExpense,,,,,,,,,,"112,231,000",,,,,,,,,,,,,,,,,,,,,,,,,,,,,,,,,,,,,,,,,,,,,,,,,,,,,,,,,,,,,,,,,,,,,,,,,,,,,,,,,,,,,,,,,,,,,,,,,,,,,,,,,,,,
			SalariesAndWages,,,,,,,,,,"13,992,000",,,,,,,,,,,,,,,,,,,,,,,,,,,,,,,,,,,,,,,,,,,,,,,,,,,,,,,,,,,,,,,,,,,,,,,,,,,,,,,,,,,,,,,,,,,,,,,,,,,,,,,,,,,,
			OtherGandA,,,,,,,,,,"98,239,000",,,,,,,,,,,,,,,,,,,,,,,,,,,,,,,,,,,,,,,,,,,,,,,,,,,,,,,,,,,,,,,,,,,,,,,,,,,,,,,,,,,,,,,,,,,,,,,,,,,,,,,,,,,,
	DepreciationAmortizationDepletionIncomeStatement,,,,,,,,,,,,,,,,,,,,,,,,,,,,,,,,,,,,,,,,,,,,,,,,,,,,,,,,,,,,,,,,,,,,,,,,,,,,,,,,,,,,,,,"6,428,000","5,533,000","4,880,000","4,621,000","4,500,000","4,600,000","4,700,000","4,400,000","4,500,000","4,200,000","3,900,000","2,400,000","3,200,000","2,400,000","2,300,000","2,100,000","2,100,000","2,100,000","2,100,000","2,000,000","2,500,000","1,800,000","1,700,000","1,600,000","2,000,000","1,200,000","1,200,000","1,200,000",,,,
		DepreciationAndAmortizationInIncomeStatement,,,,,,,,,,,,,,,,,,,,,,,,,,,,,,,,,,,,,,,,,,,,,,,,,,,,,,,,,,,,,,,,,,,,,,,,,,,,,,,,,,,,,,,"6,428,000","5,533,000","4,880,000","4,621,000","4,500,000","4,600,000","4,700,000","4,400,000","4,500,000","4,200,000","3,900,000","2,400,000","3,200,000","2,400,000","2,300,000","2,100,000","2,100,000","2,100,000","2,100,000","2,000,000","2,500,000","1,800,000","1,700,000","1,600,000","2,000,000","1,200,000","1,200,000","1,200,000",,,,
	OtherTaxes,,,,,,,,,,,,,,,,,,,,,,,,,,,"0","0","0",,"0","0","1,600,000","0","639,000","887,000",,,"0",,,,,,,,,,,,,,,,,,,,,,,,,,,,,,,,,,,,,,,,,,,,,,,,,,,,,,,,,,,,,,,,,,,,,,,,,,,,,,,
	OtherOperatingExpenses,"-12,621,000","-812,000","-1,592,000","-10,037,000","-180,000",,,"-176,000","-1,209,000",,,,,,,,,,,,,,,,,,,,,,,,,,,,,,,,,,,,"3,482,000",,,,,,,,"-716,000","-1,136,000","-187,000","6,211,000",,,,,,,,,,,,,,,,,,,,,,,,,,,,,,,,,,,,,,,,,,,,,,,,,,,,,,,,,,,,,,
OperatingIncome,"859,092,000","259,025,000","195,007,000","168,125,000","236,935,000","136,456,000","98,109,000","106,601,000","92,359,000","57,897,000","52,491,000","71,618,000","74,038,000","48,324,000","45,700,000","56,381,000","61,094,000","37,683,000","40,615,000","52,271,000","53,899,000","33,821,000","35,217,000","43,597,000","53,725,000","31,901,000","30,995,000","42,755,000","44,012,000","17,877,000","15,815,000","29,650,000","36,399,000","12,104,000","14,187,000","24,382,000","27,114,000","8,951,000","-2,708,000","10,041,000","22,641,000","7,888,000","1,834,000","10,345,000","7,777,000","-5,081,000","-1,781,000","7,129,000","23,845,000","3,145,000","558,000","18,065,000","27,181,000","-1,135,000","-1,087,000","1,265,000","22,758,000","-4,531,000","-11,275,000","23,382,000","31,323,000","10,062,000","10,809,000","32,855,000","49,645,000","29,782,000","29,305,000","35,185,000","41,737,000","17,378,000","17,950,000","29,188,000","36,739,000","12,432,000","12,216,000","24,139,000","32,045,000","11,616,000","10,837,000","20,517,000","27,278,000","13,479,000","8,726,000","18,657,000","27,528,000","10,846,000","7,234,000","17,042,000","25,253,000","13,093,000","9,200,000","18,000,000","24,200,000","11,300,000","7,400,000","16,500,000","21,000,000","7,300,000","1,500,000","8,900,000","15,500,000","6,200,000","4,300,000","8,400,000","14,500,000","5,200,000","4,000,000","5,300,000","9,800,000","7,100,000","4,100,000","4,900,000","8,700,000","4,900,000","-467,300,000","162,500,000","162,500,000","162,500,000"
NetNonOperatingInterestIncomeExpense,"-10,856,000","-4,395,000","-447,000","-3,804,000","-2,210,000","-855,000","-2,169,000","-1,475,000","-1,709,000","-1,567,000","-2,673,000","-1,490,000","-1,725,000","-867,000","-2,660,000","-1,734,000","-2,067,000","-1,061,000","-1,203,000","-1,351,000","-1,511,000","-1,422,000","-1,191,000","-977,000","-895,000","-972,000","-1,438,000","-1,013,000","-1,350,000","-1,038,000","177,000","-670,000","-764,000","-776,000","-1,090,000","-1,000,000","-1,023,000","-1,098,000","-1,188,000","-666,000","-919,000","-770,000","-877,000","-857,000","-797,000","-635,000","-872,000","-777,000","-833,000","-766,000","-1,075,000","-821,000","-1,333,000","-991,000",,,,,,,,,,,,,,,,,,,,,,,,,,,,,,,,,,,,,,,,,,,,,,,,,,,,,,,,,,,,,,,,
	InterestIncomeNonOperating,,,"2,884,000",,"1,689,000","2,296,000","851,000","1,011,000","189,000","341,000","-740,000","410,000","682,000","1,593,000","262,000","211,000","181,000","717,000","190,000","130,000","329,000","82,000","110,000","119,000","208,000","104,000","80,000","47,000","32,000","135,000","1,260,000","346,000","339,000","290,000","177,000","159,000","157,000","147,000","-354,000","302,000","321,000","241,000","117,000","69,000","132,000","248,000","0","111,000","70,000","120,000","133,000","79,000","96,000","83,000",,,,,,,,,,,,,,,,,,,,,,,,,,,,,,,,,,,,,,,,,,,,,,,,,,,,,,,,,,,,,,,,
	InterestExpenseNonOperating,"15,058,000","4,395,000","3,331,000","3,804,000","3,899,000","3,151,000","3,020,000","2,486,000","1,898,000","1,908,000","1,933,000","1,900,000","2,407,000","2,460,000","2,922,000","1,945,000","2,248,000","1,778,000","1,393,000","1,481,000","1,840,000","1,504,000","1,301,000","1,096,000","1,103,000","1,076,000","1,518,000","1,060,000","1,382,000","1,173,000","1,083,000","1,016,000","1,103,000","1,066,000","1,267,000","1,159,000","1,180,000","1,245,000","834,000","968,000","1,240,000","1,011,000","994,000","926,000","929,000","883,000","872,000","888,000","903,000","886,000","1,208,000","900,000","1,429,000","1,074,000",,,,,,,,,,,,,,,,,,,,,,,,,,,,,,,,,,,,,,,,,,,,,,,,,,,,,,,,,,,,,,,,
OtherIncomeExpense,"-3,787,000","-515,000","-1,491,000","-946,000","-835,000","401,000","-7,880,000","554,000","2,701,000","-2,438,000","1,788,000","-1,151,000","199,000","122,000","-2,150,000","610,000","-477,000","6,534,000","863,000","-1,000","21,000","5,000","120,000","5,000","50,000","91,000","-13,000","-141,000","288,000","69,000","114,000","2,688,000","402,000","575,000","-572,000","163,000","95,000","148,000","1,668,000","-1,716,000","6,826,000","-33,000","-2,657,000","-207,000","-3,482,000","-7,000","-528,000","-1,137,000","-212,000","-172,000",,"606,000",,,,"-6,211,000",,,,"-9,000","333,000",,"591,000",,"63,000",,"0",,"-32,000","1,272,000","1,817,000",,"575,000","369,000",,,,,"0",,"1,082,000",,"3,000","85,000","-23,000","181,000","64,000","-60,000","-19,000","46,000","-200,000","500,000","400,000","300,000","200,000",,"100,000","100,000","-2,100,000","100,000","200,000","100,000","-800,000","600,000","300,000","100,000","-400,000","900,000","300,000","300,000","800,000","100,000","100,000","500,000",,,,
	GainOnSaleOfSecurity,,,,,,,"1,994,000","554,000","2,701,000","-3,173,000","-610,000","306,000","203,000","-626,000","-1,675,000","-412,000",,,,,,,,,,,,,,,,,,,,,,,,,,,,,,,,,,,,,,,,,,,,,,,,,,,,,,,,,,,,,,,,,,,,,,,,,,,,,,,,,,,,,,,,,,,,,,,,,,,,,,
	EarningsFromEquityInterest,"-3,787,000","-515,000","-1,491,000","-946,000","-835,000","-630,000",,,,,,,,,,"0","0","0","0","-1,000","21,000","5,000","26,000","50,000","110,000","81,000","91,000","89,000","112,000","83,000","132,000","118,000","78,000","51,000","49,000","18,000","92,000","42,000","54,000","15,000","-52,000","62,000",,,,,,,,,,,,,,,,,,,,,,,,,,,,,,,,,,,,,,,,,,"85,000","-23,000","181,000",,,,,,,,,,,,,,,,,,,,,,,,,,,,,,,,
	SpecialIncomeCharges,,"812,000",,,,"1,031,000","-11,995,000",,,"285,000","-735,000","-1,151,000","199,000","122,000","-475,000","1,022,000","-477,000","6,534,000","70,000",,,,"94,000","-45,000","-60,000","10,000","-104,000","-230,000","176,000","-14,000","-18,000","2,570,000","324,000","524,000","-621,000","145,000","3,000","106,000","1,614,000","-1,731,000","6,878,000","-95,000","-2,657,000","-207,000","-3,482,000","-7,000","-528,000","-1,137,000","-212,000","-172,000",,"606,000",,,,"-6,211,000",,,,"-9,000","333,000",,"591,000",,"63,000",,"0",,"-32,000","1,272,000","1,817,000",,"575,000","369,000",,,,,"0",,"1,082,000",,,,,,"64,000","-60,000","-19,000","46,000","-200,000","500,000","400,000","300,000","200,000",,"100,000","100,000","-2,100,000","100,000","200,000","100,000","-800,000","600,000","300,000","100,000","-400,000","900,000","300,000","300,000","800,000","100,000","100,000","500,000",,,,
		ImpairmentOfCapitalAssets,,,,,,,,,,,,,,,,,,,,,,,,,,,,,,,,,,,,,,,,,,"95,000",,"207,000","3,482,000",,"528,000","1,137,000","212,000","172,000",,,,,,,,,,,,,,,,,,,,,,,,,,,,,,,,,,,,,,,,,,,,,,,,,,,,,,,,,,,,,,,,,,,,
		WriteOff,,"-812,000",,,,"-1,031,000","11,995,000",,,,,,,,,,,,,,,,,,,,,,,,,,,,,,,,,,,,,,,,,,,,,,,,,,,,,,,,,,,,,,,,,,,,,,,,,,,,,,,,,,,,,,,,,,,,,,,,,,,,,,,,,,,,,,,
		OtherSpecialCharges,,,,,,,,,,,,,,,,,,,,,,,,,,,,,,,,,,,,,,,,,,"-708,000",,,,,,,,,,,,,,,,,,,,,,,,,,,,,,,,,,,,,,,,,,,,,,,,,,,,,,,,,,,,,,,,,,,,,,,,,,,,
		GainOnSaleOfPPE,,,,,,,,,,"285,000","-735,000","-1,151,000","199,000","122,000","-475,000","1,022,000","-477,000","6,534,000","70,000",,,,"94,000","-45,000","-60,000","10,000","-104,000","-230,000","176,000","-14,000","-18,000","2,570,000","324,000","524,000","-621,000","145,000","3,000","106,000","-386,000",,,,,,,,,,,,,"606,000",,,,,,,,,,,,,,,,,,,,,,,,,,,,,,,,,,,,,,,,,,,,,,,,,,,,,,,,,,,,,,,,,,
	OtherNonOperatingIncomeExpenses,,"-4,910,000","-1,938,000","-4,750,000","-3,045,000","1,031,000","-174,000","-921,000","992,000","735,000","-150,000","-1,490,000","-1,725,000","-867,000","-4,548,000","-1,734,000","-2,067,000","-1,061,000","-1,203,000","-1,352,000","-1,490,000","-1,417,000","-1,164,000","-927,000","-785,000","-891,000","-1,348,000","-924,000","-1,238,000","-955,000","309,000","-552,000","-686,000","-725,000","-1,041,000","-982,000","-931,000","-1,056,000","-1,134,000",,,,,,,,,,,,,,,,,,,,,,,,,,,,,,,,,,,,,,,,,,,,,,,,,,,,,,,,,,,,,,,,,,,,,,,,,,,,,,,
PretaxIncome,"844,449,000","254,115,000","193,069,000","163,375,000","233,890,000","136,002,000","88,060,000","105,680,000","93,351,000","53,892,000","51,606,000","68,977,000","72,512,000","47,579,000","40,890,000","55,257,000","58,550,000","43,156,000","40,275,000","50,919,000","52,409,000","32,404,000","34,146,000","42,625,000","52,880,000","31,020,000","29,544,000","41,601,000","42,950,000","16,908,000","16,106,000","31,668,000","36,037,000","11,903,000","12,525,000","23,545,000","26,186,000","8,001,000","-2,228,000","7,659,000","28,548,000","7,085,000","-1,700,000","9,281,000","6,980,000","-5,716,000","-3,181,000","5,215,000","22,800,000","2,207,000","-1,763,000","16,638,000","25,848,000","-2,126,000","-3,520,000","-1,229,000","19,647,000","-7,752,000","-14,659,000","19,500,000","27,448,000","6,320,000","8,891,000","30,516,000","46,316,000","26,412,000","26,341,000","31,698,000","37,709,000","15,024,000","11,590,000","25,586,000","33,547,000","9,342,000","7,782,000","20,615,000","28,171,000","7,876,000","5,565,000","18,006,000","25,365,000","10,684,000","6,177,000","15,327,000","23,417,000","7,719,000","4,817,000","13,325,000","21,480,000","10,034,000","5,700,000","15,800,000","21,200,000","8,800,000","5,300,000","13,900,000","18,100,000","5,700,000","-1,700,000","8,100,000","14,400,000","5,200,000","3,600,000","8,000,000","13,800,000","4,400,000","3,700,000","5,200,000","8,900,000","6,000,000","3,600,000","3,200,000","7,300,000","4,100,000",,,,
TaxProvision,"203,205,000","60,984,000","46,063,000","37,628,000","58,530,000","31,751,000","23,303,000","26,819,000","23,657,000","13,322,000","12,930,000","16,396,000","17,367,000","11,577,000","9,258,000","13,189,000","13,420,000","9,574,000","7,112,000","16,250,000","17,835,000","10,770,000","11,906,000","13,861,000","18,643,000","10,765,000","8,983,000","14,718,000","16,066,000","6,104,000","5,149,000","11,176,000","13,588,000","4,235,000","3,865,000","8,530,000","9,813,000","2,245,000","-1,086,000","2,903,000","10,538,000","2,699,000","-634,000","3,293,000","2,502,000","-2,287,000","-3,636,000","2,017,000","8,332,000","487,000","-956,000","6,378,000","9,393,000","-963,000","-2,969,000","535,000","7,470,000","-3,350,000","-4,237,000","7,383,000","10,182,000","2,068,000","-203,000","11,322,000","17,885,000","9,756,000","9,045,000","12,009,000","14,237,000","5,759,000","5,912,000","9,261,000","12,645,000","3,644,000","3,361,000","7,715,000","10,458,000","2,791,000","2,932,000","6,678,000","9,400,000","3,973,000","2,058,000","5,519,000","9,179,000","2,856,000","1,525,000","5,177,000","8,563,000","3,953,000","2,000,000","6,200,000","8,500,000","3,400,000","2,100,000","5,400,000","7,000,000","2,100,000","-1,200,000","2,900,000","5,400,000","1,900,000","1,400,000","3,200,000","5,600,000","1,800,000","1,500,000","2,100,000","3,600,000","2,500,000","1,500,000","1,300,000","3,000,000","1,700,000",,,,
NetIncomeCommonStockholders,"601,059,000","182,897,000","133,364,000","117,089,000","167,712,000","100,136,000","61,159,000","75,009,000","64,576,000","39,100,000","36,787,000","50,560,000","53,131,000","34,675,000","29,784,000","40,267,000","43,026,000","32,109,000","30,523,000","33,037,000","32,979,000","20,700,000","20,436,000","27,356,000","32,841,000","18,938,000","18,630,000","25,215,000","25,629,000","10,039,000","9,039,000","19,056,000","21,580,000","7,153,000","8,333,000","13,957,000","15,615,000","5,176,000","-2,138,000","4,198,000","17,509,000","4,155,000","-1,674,000","5,616,000","4,277,000","-3,670,000","124,000","2,584,000","13,716,000","987,000","-663,000","10,054,000","16,088,000","-1,207,000","-793,000","-1,951,000","11,663,000","-4,576,000","-10,980,000","11,339,000","16,800,000","3,886,000","9,240,000","17,705,000","27,314,000","15,866,000","16,183,000","19,171,000","22,790,000","9,229,000","8,654,000","14,626,000","19,756,000","5,567,000","6,252,000","12,205,000","17,162,000","4,500,000","4,557,000","10,644,000","15,354,000","6,711,000","4,119,000","9,808,000","14,238,000","4,977,000","3,292,000","8,148,000","12,917,000","6,081,000","3,700,000","9,600,000","12,700,000","5,400,000","3,200,000","8,500,000","11,100,000","3,600,000","-500,000","5,200,000","9,000,000","3,300,000","2,200,000","4,800,000","8,200,000","2,600,000","2,200,000","3,100,000","5,300,000","3,500,000","2,100,000","1,900,000","4,300,000","2,400,000","2,100,000","2,800,000","2,800,000","2,700,000"
	NetIncome,"622,032,000","189,703,000","137,906,000","121,041,000","173,382,000","103,311,000","62,952,000","77,204,000","66,463,000","40,159,000","37,736,000","51,859,000","54,515,000","35,540,000","30,502,000","41,219,000","44,044,000","32,833,000","31,115,000","33,693,000","33,642,000","21,062,000","20,750,000","27,819,000","33,398,000","19,212,000","18,900,000","25,556,000","25,976,000","10,162,000","9,313,000","19,234,000","21,789,000","7,216,000","7,995,000","14,091,000","15,772,000","5,224,000","-1,928,000","4,198,000","17,509,000","4,155,000","-1,674,000","5,616,000","4,277,000","-3,670,000","124,000","2,584,000","13,716,000","987,000","-663,000","10,054,000","16,088,000","-1,207,000","-793,000","-1,951,000","11,663,000","-4,576,000","-10,980,000","11,339,000","16,800,000","3,886,000","9,240,000","17,705,000","27,314,000","15,866,000","16,183,000","19,171,000","22,790,000","9,229,000","8,654,000","14,626,000","19,756,000","5,567,000","6,252,000","12,205,000","17,162,000","4,500,000","4,557,000","10,644,000","15,354,000","6,711,000","4,119,000","9,808,000","14,238,000","4,977,000","3,292,000","8,148,000","12,917,000","6,081,000","3,700,000","9,600,000","12,700,000","5,400,000","3,200,000","8,500,000","11,100,000","3,600,000","-500,000","5,200,000","9,000,000","3,300,000","2,200,000","4,800,000","8,200,000","2,600,000","2,200,000","3,100,000","5,300,000","3,500,000","2,100,000","1,900,000","4,300,000","2,400,000","2,100,000","2,800,000","2,800,000","2,700,000"
		NetIncomeIncludingNoncontrollingInterests,"641,244,000","193,131,000","147,006,000","125,747,000","175,360,000","104,251,000","64,757,000","78,861,000","69,694,000","40,570,000","38,676,000","52,581,000","55,145,000","36,002,000","31,632,000","42,068,000","45,130,000","33,582,000","33,163,000","34,669,000","34,574,000","21,634,000","22,240,000","28,764,000","34,237,000","20,255,000","20,561,000","26,883,000","26,884,000","10,804,000","10,957,000","20,492,000","22,449,000","7,668,000","8,660,000","15,015,000","16,373,000","5,756,000","-1,142,000","4,756,000","18,010,000","4,386,000","-1,066,000","5,988,000","4,478,000","-3,429,000","455,000","3,198,000","14,468,000","1,720,000","-807,000","10,260,000","16,455,000","-1,163,000","-551,000","-1,764,000","12,177,000","-4,402,000","-10,422,000","12,117,000","17,266,000","4,252,000","9,094,000","19,194,000","28,431,000","16,656,000","17,296,000","19,689,000","23,472,000","9,265,000","8,672,000","16,325,000","20,902,000","5,698,000","5,769,000","12,900,000","17,713,000","5,085,000","5,128,000","11,328,000","15,965,000","6,711,000","4,432,000","10,426,000","15,032,000","5,044,000","3,568,000","8,292,000","13,224,000","6,104,000","4,400,000","9,600,000","12,700,000","5,400,000","3,200,000","8,500,000","11,100,000","3,600,000","-500,000","5,200,000","9,000,000","3,300,000","2,200,000","4,800,000","8,200,000","2,600,000","2,200,000","3,100,000","5,300,000","3,500,000","2,100,000","1,900,000","4,300,000","2,400,000","2,100,000","2,800,000","2,800,000","2,700,000"
			NetIncomeContinuousOperations,"641,244,000","193,131,000","147,006,000","125,747,000","175,360,000","104,251,000","64,757,000","78,861,000","69,694,000","40,570,000","38,676,000","52,581,000","55,145,000","36,002,000","31,632,000","42,068,000","45,130,000","33,582,000","33,163,000","34,669,000","34,574,000","21,634,000","22,240,000","28,764,000","34,237,000","20,255,000","20,561,000","26,883,000","26,884,000","10,804,000","10,957,000","20,492,000","22,449,000","7,668,000","8,660,000","15,015,000","16,373,000","5,756,000","-1,142,000","4,756,000","18,010,000","4,386,000","-1,066,000","5,988,000","4,478,000","-3,429,000","455,000","3,198,000","14,468,000","1,720,000","-807,000","10,260,000","16,455,000","-1,163,000","324,000","-1,951,000","11,663,000","-4,576,000","-10,980,000","11,339,000","16,800,000","3,886,000","9,240,000","17,705,000","27,314,000","15,866,000","16,183,000","19,171,000","22,790,000","9,229,000","8,654,000","14,626,000","19,756,000","5,567,000","6,252,000","12,205,000","17,162,000","4,500,000","4,557,000","10,644,000","15,354,000","6,711,000","4,119,000","9,808,000","14,238,000","4,977,000","3,292,000","8,148,000","12,917,000","6,081,000","3,700,000","9,600,000","12,700,000","5,400,000","3,200,000","8,500,000","11,100,000","3,600,000","-500,000","5,200,000","9,000,000","3,300,000","2,200,000","4,800,000","8,200,000","2,600,000","2,200,000","3,100,000","5,300,000","3,500,000","2,100,000","1,900,000","4,300,000","2,400,000","1,700,000","2,800,000","2,800,000","2,700,000"
		MinorityInterests,"-19,212,000","-3,428,000","-9,100,000","-4,706,000","-1,978,000","-940,000","-1,805,000","-1,657,000","-3,231,000","-411,000","-940,000","-722,000","-630,000","-462,000","-1,130,000","-849,000","-1,086,000","-749,000","-2,048,000","-976,000","-932,000","-572,000","-1,490,000","-945,000","-839,000","-1,043,000","-1,661,000","-1,327,000","-908,000","-642,000","-1,644,000","-1,258,000","-660,000","-452,000","-665,000","-924,000","-601,000","-532,000","-786,000","-558,000","-501,000","-231,000","-608,000","-372,000","-201,000","-241,000","-331,000","-614,000","-752,000","-733,000","144,000","-206,000","-367,000","-44,000","-242,000","-187,000","-514,000","-174,000","-558,000","-778,000","-466,000","-366,000","146,000","-1,489,000","-1,117,000","-790,000","-1,113,000","-518,000","-682,000","-36,000","-18,000","-1,699,000","-1,146,000","-131,000","483,000","-695,000","-551,000","-585,000","-571,000","-684,000","-611,000",,"-313,000","-618,000","-794,000","-67,000","-276,000","-144,000","-307,000","-23,000",,,,,,,,,,,,,,,,,,,,,,,,,,,,
	OtherunderPreferredStockDividend,"20,973,000","6,806,000","4,542,000","3,952,000","5,670,000","3,175,000","1,793,000","2,195,000","1,887,000","1,059,000","949,000","1,299,000","1,384,000","865,000","718,000","952,000","1,018,000","724,000","592,000","656,000","663,000","362,000","314,000","463,000","557,000","274,000","270,000","341,000","347,000","123,000","274,000","178,000","209,000","63,000",,"134,000","157,000","48,000",,,,,,,,,,,,,,,,,,,,,,,,,,,,,,,,,,,,,,,,,,,,,,,,,,,,,,,,,,,,,,,,,,,,,,,,,,,,,,,,
DilutedNIAvailtoComStockholders,"601,059,000","182,897,000","133,364,000","117,089,000","167,712,000","100,136,000","61,159,000","75,009,000","64,576,000","39,100,000","36,787,000","50,560,000","53,131,000","34,675,000","29,784,000","40,267,000","43,026,000","32,109,000","30,523,000","33,037,000","32,979,000","20,700,000","20,436,000","27,356,000","32,841,000","18,938,000","18,630,000","25,215,000","25,629,000","10,039,000","9,039,000","19,056,000","21,580,000","7,153,000","8,333,000","13,957,000","15,615,000","5,176,000","-2,138,000","4,198,000","17,509,000","4,155,000","-1,674,000","5,616,000","4,277,000","-3,670,000","124,000","2,584,000","13,716,000","987,000","-663,000","10,054,000","16,088,000","-1,207,000","-793,000","-1,951,000","11,663,000","-4,576,000","-10,980,000","11,339,000","16,800,000","3,886,000","9,240,000","17,705,000","27,314,000","15,866,000","16,183,000","19,171,000","22,790,000","9,229,000","8,654,000","14,626,000","19,756,000","5,567,000","6,252,000","12,205,000","17,162,000","4,500,000","4,557,000","10,644,000","15,354,000","6,711,000","4,119,000","9,808,000","14,238,000","4,977,000","3,292,000","8,148,000","12,917,000","6,081,000","3,700,000","9,600,000","12,700,000","5,400,000","3,200,000","8,500,000","11,100,000","3,600,000","-500,000","5,200,000","9,000,000","3,300,000","2,200,000","4,800,000","8,200,000","2,600,000","2,200,000","3,100,000","5,300,000","3,500,000","2,100,000","1,900,000","4,300,000","2,400,000","2,100,000","2,800,000","2,800,000","2,700,000"
BasicEPS,,"3.01","2.21","1.94","2.79","1.67","1.02","1.25","1.08","0.65","0.61","0.84","0.88","0.58","0.5","0.67","0.71","0.53","0.51","0.55","0.547","0.343","0.34","0.453","0.547","0.317","0.313","0.42","0.43","0.17","0.153","0.32","0.36","0.12","0.133","0.237","0.263","0.087","-0.033","0.07","0.293","0.07",,"0.097","0.073","-0.063",,"0.043","0.237","0.017",,"0.173","0.28","-0.02",,"-0.033","0.203","-0.08",,"0.197","0.293","0.067",,"0.313","0.483","0.283",,"0.347","0.413","0.17",,"0.27","0.363","0.103",,"0.23","0.323","0.083",,"0.2","0.287","0.11",,"0.167","0.24","0.083",,"0.133","0.213","0.1",,"0.153","0.203","0.087",,"0.137","0.18","0.067",,"0.1","0.173","0.067",,"0.083","0.16","0.047",,"0.06","0.1","0.067",,"0.037","0.08","0.047",,"0.06","0.06","0.06"
DilutedEPS,,"3","2.21","1.93","2.78","1.67","1.02","1.25","1.08","0.65","0.61","0.84","0.88","0.58","0.5","0.66","0.71","0.53","0.51","0.547","0.547","0.343","0.34","0.453","0.547","0.317","0.31","0.42","0.427","0.17","0.153","0.32","0.36","0.12","0.133","0.237","0.263","0.087","-0.033","0.07","0.293","0.07",,"0.097","0.073","-0.063",,"0.043","0.233","0.017",,"0.17","0.277","-0.02",,"-0.033","0.203","-0.08",,"0.197","0.287","0.067",,"0.303","0.47","0.273",,"0.333","0.4","0.163",,"0.26","0.353","0.1",,"0.22","0.313","0.083",,"0.193","0.273","0.107",,"0.16","0.233","0.083",,"0.133","0.21","0.1",,"0.15","0.2","0.083",,"0.133","0.173","0.067",,"0.1","0.173","0.067",,"0.083","0.16","0.047",,"0.06","0.1","0.067",,"0.037","0.08","0.047",,"0.06","0.06","0.06"
BasicAverageShares,,"63,024,252","62,400,905","62,392,268","62,144,086","61,862,874","61,717,647","61,763,200","61,539,815","61,783,077","61,862,295","61,736,905","61,948,864","61,275,862","61,004,000","61,520,896","62,033,803","61,949,057","61,009,804","61,260,000","61,540,244","61,345,631","61,029,412","61,365,441","61,093,902","60,669,474","60,322,340","60,847,619","60,409,302","59,776,471","60,736,957","60,106,250","60,525,000","60,133,333","59,962,500","59,539,437","59,893,671","60,276,923","57,810,000","59,971,429","59,689,773","58,707,000",,"58,323,000","58,239,000","57,918,000",,"57,603,000","57,777,000","57,774,000",,"57,921,000","57,723,000","57,552,000",,"57,276,000","57,144,000","56,988,000",,"57,291,000","57,381,000","56,955,000",,"56,718,000","56,553,000","55,818,000",,"55,395,000","54,969,000","54,561,000",,"54,249,000","54,150,000","53,883,000",,"53,295,000","53,223,000","53,187,000",,"53,535,000","53,652,000","54,630,000",,"59,409,000","59,376,000","59,142,000",,"60,369,000","60,432,000","60,405,000",,"62,608,696","62,459,016","62,307,692",,"62,195,122","61,666,667","54,000,000",,"52,000,000","51,923,077","49,500,000",,"57,600,000","51,250,000","55,714,286",,"51,666,667","53,000,000","52,500,000",,"51,818,182","53,750,000","51,428,571",,"46,666,667","46,666,667","45,000,000"
DilutedAverageShares,,"63,234,333","62,400,905","62,715,544","62,367,626","61,862,874","61,717,647","61,763,200","61,539,815","61,783,077","61,862,295","61,736,905","61,948,864","61,275,862","61,004,000","62,453,030","62,033,803","61,949,057","61,009,804","61,633,537","61,540,244","61,345,631","61,029,412","61,365,441","61,093,902","60,669,474","60,970,968","60,847,619","60,881,250","59,776,471","60,736,957","60,106,250","60,525,000","60,133,333","59,962,500","59,539,437","59,893,671","60,276,923","57,810,000","59,971,429","59,689,773","59,100,000",,"58,638,000","58,638,000","57,918,000",,"58,248,000","58,593,000","58,551,000",,"58,755,000","58,377,000","57,552,000",,"57,276,000","57,801,000","56,988,000",,"58,083,000","58,461,000","58,227,000",,"58,182,000","58,296,000","57,834,000",,"57,579,000","56,952,000","56,916,000",,"56,352,000","56,106,000","56,127,000",,"55,275,000","54,579,000","54,756,000",,"55,281,000","56,115,000","57,072,000",,"61,350,000","61,164,000","60,729,000",,"61,443,000","61,503,000","61,572,000",,"64,000,000","63,500,000","64,800,000",,"63,750,000","64,038,462","54,000,000",,"52,000,000","51,923,077","49,500,000",,"57,600,000","51,250,000","55,714,286",,"51,666,667","53,000,000","52,500,000",,"51,818,182","53,750,000","51,428,571",,"46,666,667","46,666,667","45,000,000"
TotalOperatingIncomeAsReported,"859,092,000","259,025,000","195,007,000","168,125,000","236,935,000","137,487,000","88,235,000","106,601,000","92,359,000","58,632,000","51,756,000","70,467,000","74,237,000","48,446,000","45,438,000","56,991,000","60,617,000","44,217,000","41,478,000","52,271,000","53,899,000","33,821,000","35,311,000","43,552,000","53,665,000","31,911,000","30,891,000","42,525,000","44,188,000","17,863,000","15,797,000","32,220,000","36,723,000","12,628,000","13,566,000","24,527,000","27,117,000","9,057,000","-1,094,000","8,310,000","29,519,000","7,793,000","-823,000","10,138,000","7,777,000","-5,081,000","-2,309,000","5,992,000","23,633,000","2,973,000","-688,000","17,459,000","27,181,000","-1,135,000","-1,087,000","1,265,000","22,758,000","-4,531,000","-11,275,000","23,382,000","31,323,000","10,062,000","10,809,000","32,855,000","49,645,000","29,782,000","29,305,000","35,185,000","41,737,000","17,378,000","17,950,000","29,188,000","36,739,000","12,432,000","12,216,000","24,139,000","32,045,000","11,616,000","10,837,000","20,517,000","27,278,000","13,479,000","8,726,000","18,657,000","27,528,000","10,846,000","7,234,000","17,042,000","25,253,000","13,093,000","9,200,000","18,000,000","24,200,000","11,300,000","7,400,000","16,500,000","21,000,000","7,300,000","1,500,000","8,900,000","15,500,000","6,200,000","4,300,000","8,400,000","14,500,000","5,200,000","4,000,000","5,300,000","9,800,000","7,100,000","4,100,000","4,900,000","8,700,000","4,900,000",,,,
TotalExpenses,"8,441,351,000","2,230,288,000","1,821,798,000","1,925,659,000","2,463,606,000","1,688,548,000","1,295,599,000","1,379,626,000","1,149,642,000","974,165,000","945,549,000","1,091,408,000","1,165,779,000","966,801,000","942,481,000","1,156,321,000","1,233,346,000","956,174,000","925,476,000","1,004,315,000","1,018,476,000","812,309,000","824,367,000","783,068,000","818,368,000","650,250,000","622,606,000","719,520,000","794,159,000","615,148,000","604,275,000","683,839,000","736,353,000","541,894,000","511,550,000","627,398,000","711,322,000","545,543,000","473,471,000","523,325,000","571,052,000","449,223,000","420,189,000","458,596,000","536,362,000","392,314,000","380,466,000","473,445,000","614,790,000","389,813,000","338,007,000","439,703,000","487,764,000","362,857,000","424,740,000","609,479,000","685,727,000","494,043,000","523,912,000","655,016,000","741,782,000","538,976,000","488,434,000","640,018,000","777,202,000","635,827,000","624,008,000","686,312,000","737,815,000","519,782,000","517,804,000","680,106,000","705,829,000","453,233,000","442,254,000","512,139,000","520,418,000","344,003,000","329,503,000","432,442,000","477,666,000","328,177,000","317,952,000","414,032,000","458,820,000","273,792,000","275,529,000","353,988,000","406,325,000","290,979,000","290,600,000","370,400,000","422,600,000","288,900,000","263,600,000","324,600,000","367,700,000","230,900,000","223,800,000","276,100,000","325,800,000","208,500,000","184,200,000","235,500,000","261,200,000","154,400,000","136,100,000","183,500,000","225,600,000","167,900,000","175,500,000","220,600,000","274,100,000","173,200,000",,,,
NetIncomeFromContinuingAndDiscontinuedOperation,"622,032,000","189,703,000","137,906,000","121,041,000","173,382,000","103,311,000","62,952,000","77,204,000","66,463,000","40,159,000","37,736,000","51,859,000","54,515,000","35,540,000","30,502,000","41,219,000","44,044,000","32,833,000","31,115,000","33,693,000","33,642,000","21,062,000","20,750,000","27,819,000","33,398,000","19,212,000","18,900,000","25,556,000","25,976,000","10,162,000","9,313,000","19,234,000","21,789,000","7,216,000","7,995,000","14,091,000","15,772,000","5,224,000","-1,928,000","4,198,000","17,509,000","4,155,000","-1,674,000","5,616,000","4,277,000","-3,670,000","124,000","2,584,000","13,716,000","987,000","-663,000","10,054,000","16,088,000","-1,207,000","-793,000","-1,951,000","11,663,000","-4,576,000","-10,980,000","11,339,000","16,800,000","3,886,000","9,240,000","17,705,000","27,314,000","15,866,000","16,183,000","19,171,000","22,790,000","9,229,000","8,654,000","14,626,000","19,756,000","5,567,000","6,252,000","12,205,000","17,162,000","4,500,000","4,557,000","10,644,000","15,354,000","6,711,000","4,119,000","9,808,000","14,238,000","4,977,000","3,292,000","8,148,000","12,917,000","6,081,000","3,700,000","9,600,000","12,700,000","5,400,000","3,200,000","8,500,000","11,100,000","3,600,000","-500,000","5,200,000","9,000,000","3,300,000","2,200,000","4,800,000","8,200,000","2,600,000","2,200,000","3,100,000","5,300,000","3,500,000","2,100,000","1,900,000","4,300,000","2,400,000","2,100,000","2,800,000","2,800,000","2,700,000"
NormalizedIncome,"622,032,000","189,703,000","137,906,000","121,041,000","173,382,000","103,311,000","68,746,744.038","76,790,716","64,445,353","42,548,269","36,395,987.443","52,736,062","54,363,760","35,447,646","32,165,213.5","40,754,180","44,411,767","27,749,548","31,115,000","33,693,000","33,642,000","21,062,000","20,688,775.845","27,849,375","33,436,820","19,205,470","18,972,378.283","25,704,580","25,865,824","10,170,946","9,325,245.499","17,571,210","21,587,148","6,878,544","8,424,370.06","13,998,490","15,770,125","5,147,786","-2,977,100","5,272,896.984","13,169,894.634","4,213,810.162","-7,904.706","5,749,554.143","4,277,000","-3,670,000","467,200","3,281,243.72","13,850,527.018","1,121,046.217","-663,000","9,680,303.642","16,088,000","-1,207,000","-793,000","2,086,150","11,663,000","-4,576,000","-10,980,000","11,344,592.462","16,590,528.345","3,886,000","8,885,400","17,705,000","27,275,327.554","15,866,000","16,183,000","19,171,000","22,809,918.428","8,444,583.067","7,563,800","14,626,000","19,397,736.966","5,341,934.489","6,252,000","12,205,000","17,162,000","4,500,000","4,557,000","10,644,000","14,672,977.725","6,711,000","4,119,000","9,808,000","14,238,000","4,977,000","3,248,261.574","8,184,688.931","12,928,425.652","6,053,122.185","3,829,824.561","9,296,202.532","12,460,000","5,215,909.091","3,079,245.283","8,500,000","11,038,674.033","3,536,842.105","760,000","5,135,802.469","8,875,000","3,236,538.462","2,688,888.889","4,440,000","8,020,000","2,540,000","2,440,000","2,560,000","5,120,000","3,320,000","1,620,000","1,840,000","4,240,000","2,100,000","1,700,000","2,800,000","2,800,000","2,700,000"
InterestIncome,,,"2,884,000",,"1,689,000","2,296,000","851,000","1,011,000","189,000","341,000","-740,000","410,000","682,000","1,593,000","262,000","211,000","181,000","717,000","190,000","130,000","329,000","82,000","110,000","119,000","208,000","104,000","80,000","47,000","32,000","135,000","1,260,000","346,000","339,000","290,000","177,000","159,000","157,000","147,000","-354,000","302,000","321,000","241,000","117,000","69,000","132,000","248,000","0","111,000","70,000","120,000","133,000","79,000","96,000","83,000",,,,,,,,,,,,,,,,,,,,,,,,,,,,,,,,,,,,,,,,,,,,,,,,,,,,,,,,,,,,,,,,
InterestExpense,"15,058,000","4,395,000","3,331,000","3,804,000","3,899,000","3,151,000","3,020,000","2,486,000","1,898,000","1,908,000","1,933,000","1,900,000","2,407,000","2,460,000","2,922,000","1,945,000","2,248,000","1,778,000","1,393,000","1,481,000","1,840,000","1,504,000","1,301,000","1,096,000","1,103,000","1,076,000","1,518,000","1,060,000","1,382,000","1,173,000","1,083,000","1,016,000","1,103,000","1,066,000","1,267,000","1,159,000","1,180,000","1,245,000","834,000","968,000","1,240,000","1,011,000","994,000","926,000","929,000","883,000","872,000","888,000","903,000","886,000","1,208,000","900,000","1,429,000","1,074,000",,,,,,,,,,,,,,,,,,,,,,,,,,,,,,,,,,,,,,,,,,,,,,,,,,,,,,,,,,,,,,,,
NetInterestIncome,"-10,856,000","-4,395,000","-447,000","-3,804,000","-2,210,000","-855,000","-2,169,000","-1,475,000","-1,709,000","-1,567,000","-2,673,000","-1,490,000","-1,725,000","-867,000","-2,660,000","-1,734,000","-2,067,000","-1,061,000","-1,203,000","-1,351,000","-1,511,000","-1,422,000","-1,191,000","-977,000","-895,000","-972,000","-1,438,000","-1,013,000","-1,350,000","-1,038,000","177,000","-670,000","-764,000","-776,000","-1,090,000","-1,000,000","-1,023,000","-1,098,000","-1,188,000","-666,000","-919,000","-770,000","-877,000","-857,000","-797,000","-635,000","-872,000","-777,000","-833,000","-766,000","-1,075,000","-821,000","-1,333,000","-991,000",,,,,,,,,,,,,,,,,,,,,,,,,,,,,,,,,,,,,,,,,,,,,,,,,,,,,,,,,,,,,,,,
EBIT,"859,507,000","258,510,000","196,400,000","167,179,000","237,789,000","139,153,000","91,080,000","108,166,000","95,249,000","55,800,000","53,539,000","70,877,000","74,919,000","50,039,000","43,812,000","57,202,000","60,798,000","44,934,000","41,668,000","52,400,000","54,249,000","33,908,000","35,447,000","43,721,000","53,983,000","32,096,000","31,062,000","42,661,000","44,332,000","18,081,000","17,189,000","32,684,000","37,140,000","12,969,000","13,792,000","24,704,000","27,366,000","9,246,000","-1,394,000","8,627,000","29,788,000","8,096,000","-706,000","10,207,000","7,909,000","-4,833,000","-2,309,000","6,103,000","23,703,000","3,093,000","-555,000","17,538,000","27,277,000","-1,052,000","-258,000","1,265,000","22,758,000","-4,531,000","-11,275,000","23,382,000","31,323,000","10,062,000","10,809,000","32,855,000","49,645,000","29,782,000","29,305,000","35,185,000","41,737,000","17,378,000","17,950,000","29,188,000","36,739,000","12,432,000","12,216,000","24,139,000","32,045,000","11,616,000","10,837,000","20,517,000","27,278,000","13,479,000","8,726,000","18,657,000","27,528,000","10,846,000","7,234,000","17,042,000","25,253,000","13,093,000","9,200,000","18,000,000","24,200,000","11,300,000","7,400,000","16,500,000","21,000,000","7,300,000","1,500,000","8,900,000","15,500,000","6,200,000","4,300,000","8,400,000","14,500,000","5,200,000","4,000,000","5,300,000","9,800,000","7,100,000","4,100,000","4,900,000","8,700,000","4,900,000","-467,300,000","162,500,000","162,500,000","162,500,000"
EBITDA,"961,422,000"
ReconciledCostOfRevenue,"7,701,667,000","2,010,950,000","1,645,241,000","1,766,229,000","2,279,247,000","1,538,450,000","1,206,653,000","1,245,153,000","1,037,070,000","864,826,000","840,785,000","975,756,000","1,053,091,000","860,858,000","850,538,000","1,054,029,000","1,128,751,000","862,968,000","836,932,000","911,899,000","924,135,000","725,390,000","737,274,000","708,611,000","740,606,000","579,412,000","556,428,000","651,569,000","725,728,000","553,443,000","547,335,000","623,903,000","675,764,000","487,986,000","460,869,000","573,491,000","658,220,000","497,315,000","426,294,000","478,139,000","521,946,000","403,445,000","374,655,000","414,583,000","487,552,000","345,819,000","332,664,000","426,159,000","560,749,000","341,324,000","294,383,000","388,505,000","432,460,000","314,901,000","374,672,000","545,222,000","623,607,000","434,692,000","460,998,000","596,233,000","671,400,000","475,518,000","431,115,000","574,048,000","706,429,000","571,298,000","561,590,000","622,435,000","678,310,000","469,931,000","472,475,000","625,502,000","649,747,000","409,304,000","399,593,000","463,715,000","473,721,000","303,815,000","291,495,000","391,294,000","436,321,000","290,379,000","280,897,000","376,507,000","419,951,000","241,519,000","235,958,000","316,570,000","369,400,000","259,040,000","256,900,000","336,700,000","386,300,000","254,600,000","230,900,000","294,000,000","338,500,000","211,200,000","202,900,000","258,500,000","306,500,000","192,900,000","168,600,000","219,800,000","242,700,000","140,600,000","124,000,000","169,200,000","210,400,000","154,400,000","158,900,000","201,400,000","253,300,000","157,300,000",,,,
ReconciledDepreciation,"101,915,000","26,514,000","27,022,000","25,575,000","22,804,000","22,731,000","19,591,000","18,630,000","17,171,000","17,288,000","17,477,000","17,196,000","15,819,000","16,327,000","16,578,000","15,918,000","14,906,000","13,940,000","13,837,000","13,934,000","13,114,000","12,511,000","12,736,000","10,419,000","10,278,000","10,185,000","10,498,000","10,449,000","10,315,000","9,979,000","10,339,000","9,146,000","8,561,000","8,277,000","9,351,000","8,430,000","8,039,000","7,744,000","9,007,000","8,436,000","8,013,000","7,923,000","9,598,000","9,064,000","8,982,000","8,343,000","9,800,000","8,759,000","9,334,000","9,455,000","10,207,000","9,988,000","10,050,000","10,980,000","11,116,000","12,142,000","12,228,000","11,881,000","12,074,000","11,861,000","12,133,000","11,513,000","10,011,000","10,630,000","9,291,000","9,590,000","9,596,000","8,810,000","8,444,000","7,946,000","8,658,000","7,830,000","7,205,000","7,143,000","7,326,000","6,986,000","6,964,000","6,271,000","6,553,000","6,177,000","5,997,000","5,912,000","6,542,000","6,256,000","6,056,000","5,622,000","6,428,000","5,533,000","4,880,000","4,621,000","4,500,000","4,600,000","4,700,000","4,400,000","4,500,000","4,200,000","3,900,000","2,400,000","3,200,000","2,400,000","2,300,000","2,100,000","2,100,000","2,100,000","2,100,000","2,000,000","2,500,000","1,800,000","1,700,000","1,600,000","2,000,000","1,200,000","1,300,000","1,200,000",,,,
NetIncomeFromContinuingOperationNetMinorityInterest,"622,032,000","189,703,000","137,906,000","121,041,000","173,382,000","103,311,000","62,952,000","77,204,000","66,463,000","40,159,000","37,736,000","51,859,000","54,515,000","35,540,000","30,502,000","41,219,000","44,044,000","32,833,000","31,115,000","33,693,000","33,642,000","21,062,000","20,750,000","27,819,000","33,398,000","19,212,000","18,900,000","25,556,000","25,976,000","10,162,000","9,313,000","19,234,000","21,789,000","7,216,000","7,995,000","14,091,000","15,772,000","5,224,000","-1,928,000","4,198,000","17,509,000","4,155,000","-1,674,000","5,616,000","4,277,000","-3,670,000","124,000","2,584,000","13,716,000","987,000","-663,000","10,054,000","16,088,000","-1,207,000","-793,000","-1,951,000","11,663,000","-4,576,000","-10,980,000","11,339,000","16,800,000","3,886,000","9,240,000","17,705,000","27,314,000","15,866,000","16,183,000","19,171,000","22,790,000","9,229,000","8,654,000","14,626,000","19,756,000","5,567,000","6,252,000","12,205,000","17,162,000","4,500,000","4,557,000","10,644,000","15,354,000","6,711,000","4,119,000","9,808,000","14,238,000","4,977,000","3,292,000","8,148,000","12,917,000","6,081,000","3,700,000","9,600,000","12,700,000","5,400,000","3,200,000","8,500,000","11,100,000","3,600,000","-500,000","5,200,000","9,000,000","3,300,000","2,200,000","4,800,000","8,200,000","2,600,000","2,200,000","3,100,000","5,300,000","3,500,000","2,100,000","1,900,000","4,300,000","2,400,000","1,700,000","2,800,000","2,800,000","2,700,000"
TotalUnusualItemsExcludingGoodwill,"812,000","812,000",,,,"1,031,000","-7,880,000","554,000","2,701,000","-3,173,000","1,788,000","-1,151,000","199,000","122,000","-2,150,000","610,000","-477,000","6,534,000","70,000",,,,"94,000","-45,000","-60,000","10,000","-104,000","-230,000","176,000","-14,000","-18,000","2,570,000","324,000","524,000","-621,000","145,000","3,000","106,000","1,614,000","-1,731,000","6,878,000","-95,000","-2,657,000","-207,000","-3,482,000","-7,000","-528,000","-1,137,000","-212,000","-172,000",,"606,000",,,,"-6,211,000",,,,"-9,000","333,000",,"591,000",,"63,000",,"0",,"-32,000","1,272,000","1,817,000",,"575,000","369,000",,,,,"0",,"1,082,000",,,,,,"64,000","-60,000","-19,000","46,000","-200,000","500,000","400,000","300,000","200,000",,"100,000","100,000","-2,100,000","100,000","200,000","100,000","-800,000","600,000","300,000","100,000","-400,000","900,000","300,000","300,000","800,000","100,000","100,000","500,000",,,,
TotalUnusualItems,"812,000","812,000",,,,"1,031,000","-7,880,000","554,000","2,701,000","-3,173,000","1,788,000","-1,151,000","199,000","122,000","-2,150,000","610,000","-477,000","6,534,000","70,000",,,,"94,000","-45,000","-60,000","10,000","-104,000","-230,000","176,000","-14,000","-18,000","2,570,000","324,000","524,000","-621,000","145,000","3,000","106,000","1,614,000","-1,731,000","6,878,000","-95,000","-2,657,000","-207,000","-3,482,000","-7,000","-528,000","-1,137,000","-212,000","-172,000",,"606,000",,,,"-6,211,000",,,,"-9,000","333,000",,"591,000",,"63,000",,"0",,"-32,000","1,272,000","1,817,000",,"575,000","369,000",,,,,"0",,"1,082,000",,,,,,"64,000","-60,000","-19,000","46,000","-200,000","500,000","400,000","300,000","200,000",,"100,000","100,000","-2,100,000","100,000","200,000","100,000","-800,000","600,000","300,000","100,000","-400,000","900,000","300,000","300,000","800,000","100,000","100,000","500,000",,,,
NormalizedEBITDA,"961,422,000","285,024,000","223,422,000","192,754,000","260,593,000","161,884,000","118,551,000","126,242,000","109,719,000","76,261,000","69,228,000","89,224,000","90,539,000","66,244,000","62,540,000","72,510,000","76,181,000","52,340,000","55,505,000","66,334,000","67,363,000","46,419,000","48,089,000","54,185,000","64,321,000","42,271,000","41,664,000","53,340,000","54,471,000","28,074,000","27,546,000","39,260,000","45,377,000","20,722,000","23,764,000","32,989,000","35,402,000","16,884,000","5,999,000","18,794,000","30,923,000","16,114,000","11,549,000","19,478,000","16,891,000","3,510,000","8,019,000","15,999,000","33,249,000","12,720,000","9,652,000","26,920,000","37,327,000","9,928,000","10,858,000","19,618,000","34,986,000","7,350,000","799,000","35,252,000","43,123,000","21,575,000","20,229,000","43,485,000","58,873,000","39,372,000","38,901,000","43,995,000","50,213,000","24,052,000","24,791,000","37,018,000","43,369,000","19,206,000","19,542,000","31,125,000","39,009,000","17,887,000","17,390,000","26,694,000","32,193,000","19,391,000","15,268,000","24,913,000","33,584,000","16,468,000","13,598,000","22,635,000","30,152,000","17,668,000","13,900,000","22,100,000","28,500,000","15,400,000","11,700,000","20,700,000","24,800,000","9,600,000","6,800,000","11,200,000","17,600,000","8,200,000","7,200,000","9,900,000","16,300,000","7,100,000","6,900,000","6,200,000","11,200,000","8,400,000","5,300,000","6,000,000","9,900,000","5,600,000","-467,300,000","162,500,000","162,500,000","162,500,000"
TaxRateForCalcs,"0.241","0.24","0.239","0.23","0.25","0.233","0.265","0.254","0.253","0.247","0.251","0.238","0.24","0.243","0.226","0.238","0.229","0.222","0.177","0.319","0.34","0.332","0.349","0.325","0.353","0.347","0.304","0.354","0.374","0.361","0.32","0.353","0.377","0.356","0.309","0.362","0.375","0.281","0.35","0.379","0.369","0.381","0.373","0.355","0.358","0.4","0.35","0.387","0.365","0.221","0.35","0.383","0.363","0.35","0.35","0.35","0.38","0.35","0.289","0.379","0.371","0.327","0.4","0.371","0.386","0.369","0.343","0.379","0.378","0.383","0.4","0.362","0.377","0.39","0.4","0.374","0.371","0.354","0.4","0.371","0.371","0.372","0.333","0.36","0.392","0.37","0.317","0.389","0.399","0.394","0.351","0.392","0.4","0.386","0.396","0.388","0.387","0.368","0.4","0.358","0.375","0.365","0.389","0.4","0.4","0.4","0.4","0.4","0.4","0.4","0.4","0.4","0.4","0.4","0.4","0.4","0.4","0.4"
TaxEffectOfUnusualItems,"0","0","0","0","0","0","-2,085,255.962","140,716","683,353","-783,731","447,987.443","-273,938","47,760","29,646","-486,786.5","145,180","-109,233","1,450,548","0","0","0","0","32,775.845","-14,625","-21,180","3,470","-31,621.717","-81,420","65,824","-5,054","-5,754.501","907,210","122,148","186,544","-191,629.94","52,490","1,125","29,786","564,900","-656,103.016","2,538,894.634","-36,189.838","-990,904.706","-73,445.857","0","0","-184,800","-439,756.28","-77,472.982","-37,953.783","0","232,303.642","0","0","0","-2,173,850","0","0","0","-3,407.538","123,528.345","0","236,400","0","24,327.554","0","0","0","-12,081.572","487,583.067","726,800","0","216,736.966","143,934.489","0","0","0","0","0","0","400,977.725","0","0","0","0","0","20,261.574","-23,311.069","-7,574.348","18,122.185","-70,175.439","196,202.532","160,000","115,909.091","79,245.283","0","38,674.033","36,842.105","-840,000","35,802.469","75,000","36,538.462","-311,111.111","240,000","120,000","40,000","-160,000","360,000","120,000","120,000","320,000","40,000","40,000","200,000","0","0","0","0"