name,ttm,05/31/2022,02/28/2022,11/30/2021,08/31/2021,05/31/2021,02/28/2021,11/30/2020,08/31/2020,05/31/2020,02/29/2020,11/30/2019,08/31/2019,05/31/2019,02/28/2019,11/30/2018,08/31/2018,05/31/2018,02/28/2018,11/30/2017,08/31/2017,05/31/2017,02/28/2017,11/30/2016,08/31/2016,05/31/2016,02/29/2016,11/30/2015,08/31/2015,05/31/2015,02/28/2015,11/30/2014,08/31/2014,05/31/2014,02/28/2014,11/30/2013,08/31/2013,05/31/2013,02/28/2013,11/30/2012,08/31/2012,05/31/2012,02/29/2012,11/30/2011,08/31/2011,05/31/2011,02/28/2011,11/30/2010,08/31/2010,05/31/2010,02/28/2010,11/30/2009,08/31/2009,05/31/2009,02/28/2009,11/30/2008,08/31/2008,05/31/2008,02/29/2008,11/30/2007,08/31/2007,05/31/2007,02/28/2007,11/30/2006,08/31/2006,05/31/2006,02/28/2006,11/30/2005,08/31/2005,05/31/2005,02/28/2005,11/30/2004,08/31/2004,05/31/2004,02/29/2004,11/30/2003,08/31/2003,05/31/2003,02/28/2003,11/30/2002,08/31/2002,05/31/2002,02/28/2002,11/30/2001,08/31/2001,05/31/2001,02/28/2001,11/30/2000,08/31/2000,05/31/2000,02/29/2000,11/30/1999,08/31/1999,05/31/1999,02/28/1999,11/30/1998,08/31/1998,05/31/1998,02/28/1998,11/30/1997,08/31/1997,05/31/1997,02/28/1997,11/30/1996,08/31/1996,05/31/1996,02/29/1996,11/30/1995,08/31/1995,05/31/1995,02/28/1995,11/30/1994,08/31/1994,05/31/1994,02/28/1994,11/30/1993,08/31/1993,05/31/1993,02/28/1993,11/30/1992,08/31/1992,05/31/1992,02/29/1992,11/30/1991,08/31/1991,05/31/1991,02/28/1991,11/30/1990,08/31/1990,05/31/1990,02/28/1990,11/30/1989,08/31/1989,05/31/1989,02/28/1989,11/30/1988,08/31/1988,05/31/1988,02/29/1988,11/30/1987,08/31/1987,05/31/1987,02/28/1987,11/30/1986,08/31/1986,05/31/1986,02/28/1986,11/30/1985,08/31/1985
TotalRevenue,"1,949,684,000","511,548,000","486,696,000","486,164,000","465,276,000","464,323,000","449,764,000","446,853,000","428,643,000","445,518,000","464,600,000","465,398,000","479,621,000","453,720,000","437,485,000","438,550,000","434,063,000","427,384,000","419,264,000","415,778,000","403,589,000","409,834,000","391,427,000","386,108,000","363,766,000","367,799,000","363,097,000","373,384,000","359,208,000","365,574,000","361,462,000","370,361,000","351,988,000","352,238,000","343,967,000","346,704,000","352,876,000","335,764,000","334,306,000","332,569,000","312,374,000","320,931,000","309,959,000","313,025,000","290,874,000","291,567,000","278,595,000","273,090,000","254,950,000","261,248,000","253,562,000","256,179,000","241,472,000","252,105,000","257,285,000","262,554,000","251,010,000","254,617,000","270,288,000","247,260,000","227,509,000","229,849,000","222,367,000","222,377,000","207,541,000","211,938,000","202,168,000","199,325,000","188,767,000","195,957,000","190,684,000","188,434,000","178,066,000","182,985,000","177,407,000","180,898,000","147,642,000","153,690,000","146,425,000","149,179,000","140,491,000","144,259,000","151,523,000","142,625,000","138,175,000","140,625,000","136,562,000","141,009,000","132,156,000","134,497,000","130,283,000","131,800,000","125,000,000","125,700,000","120,100,000","116,300,000","112,300,000","114,100,000","109,300,000","112,400,000","105,900,000","107,100,000","102,100,000","104,000,000","97,000,000","98,600,000","100,800,000","95,400,000","90,000,000","92,600,000","86,200,000","86,200,000","80,700,000","83,100,000","76,100,000","78,100,000","72,100,000","74,200,000","69,600,000","71,700,000","67,900,000","69,400,000","65,300,000","65,500,000","59,600,000","63,000,000","66,600,000","61,200,000","57,500,000","58,000,000","54,800,000","56,400,000","52,400,000","54,000,000","52,800,000","53,500,000","50,100,000","50,300,000","48,100,000","47,800,000","44,800,000","45,000,000","38,900,000","31,200,000","29,400,000","29,000,000","28,100,000","27,600,000","23,500,000"
	OperatingRevenue,"1,949,684,000","511,548,000","486,696,000","486,164,000","465,276,000","464,323,000","449,764,000","446,853,000","428,643,000","445,518,000","464,600,000","465,398,000","479,621,000","453,720,000","437,485,000","438,550,000","434,063,000","427,384,000","419,264,000","415,778,000","403,589,000","409,834,000","391,427,000","386,108,000","363,766,000","367,799,000","363,097,000","373,384,000","359,208,000","365,574,000","361,462,000","370,361,000","351,988,000","352,238,000","343,967,000","346,704,000","352,876,000","335,764,000","334,306,000","332,569,000","312,374,000","320,931,000","309,959,000","313,025,000","290,874,000","291,567,000","278,595,000","273,090,000","254,950,000","261,248,000","253,562,000","256,179,000","241,472,000","252,105,000","257,285,000","262,554,000","251,010,000","254,617,000","270,288,000","247,260,000","227,509,000","229,849,000","222,367,000","222,377,000","207,541,000","211,938,000","202,168,000","199,325,000","188,767,000","195,957,000","190,684,000","188,434,000","178,066,000","182,985,000","177,407,000","180,898,000","147,642,000","153,690,000","146,425,000","149,179,000","140,491,000","144,259,000","151,523,000","142,625,000","138,175,000","140,625,000","136,562,000","141,009,000","132,156,000","134,497,000","130,283,000","131,800,000","125,000,000","125,700,000","120,100,000","116,300,000","112,300,000","114,100,000","109,300,000","112,400,000","105,900,000","107,100,000","102,100,000","104,000,000","97,000,000","98,600,000","100,800,000","95,400,000","90,000,000","92,600,000","86,200,000","86,200,000","80,700,000","83,100,000","76,100,000","78,100,000","72,100,000","74,200,000","69,600,000","71,700,000","67,900,000","69,400,000","65,300,000","65,500,000","59,600,000","63,000,000","66,600,000","61,200,000","57,500,000","58,000,000","54,800,000","56,400,000","52,400,000","54,000,000","52,800,000","53,500,000","50,100,000","50,300,000","48,100,000","47,800,000","44,800,000","45,000,000","38,900,000","31,200,000","29,400,000","29,000,000","28,100,000","27,600,000","23,500,000"
CostOfRevenue,"1,258,994,000","334,633,000","324,816,000","310,130,000","289,415,000","286,605,000","289,455,000","275,800,000","270,971,000","303,223,000","301,422,000","289,316,000","300,574,000","279,900,000","281,672,000","277,049,000","270,528,000","267,146,000","265,400,000","253,650,000","249,720,000","255,824,000","249,280,000","238,765,000","223,220,000","224,932,000","229,672,000","222,603,000","219,442,000","221,995,000","223,874,000","219,353,000","217,965,000","216,644,000","215,560,000","208,137,000","218,136,000","208,066,000","208,421,000","201,551,000","198,935,000","202,433,000","201,437,000","195,139,000","187,624,000","185,217,000","176,233,000","163,235,000","155,915,000","158,563,000","157,025,000","149,224,000","144,997,000","148,597,000","158,972,000","157,063,000","163,089,000","157,169,000","172,481,000","151,147,000","144,855,000","144,257,000","146,190,000","136,919,000","130,713,000","135,483,000","132,767,000","125,731,000","120,774,000","121,985,000","121,922,000","116,033,000","115,588,000","116,223,000","115,713,000","115,088,000","94,638,000","93,103,000","94,524,000","88,290,000","85,070,000","86,035,000","92,711,000","85,193,000","90,074,000","87,268,000","85,358,000","86,749,000","88,059,000","83,742,000","82,684,000","81,800,000","78,500,000","75,200,000","74,300,000","66,500,000","65,100,000","69,300,000","68,900,000","66,300,000","64,700,000","65,900,000","64,200,000","62,100,000","60,200,000","59,300,000","63,600,000","57,600,000","56,800,000","57,200,000","56,000,000","52,300,000","51,100,000","51,100,000","48,300,000","46,100,000","43,500,000","44,300,000","43,200,000","42,700,000","44,400,000","40,700,000","42,300,000","39,000,000","39,800,000","37,400,000","40,700,000","36,600,000","36,700,000","34,400,000","33,800,000","32,800,000","35,100,000","31,300,000","32,200,000","32,100,000",,,,,,,,,,,,,
GrossProfit,"690,690,000","176,915,000","161,880,000","176,034,000","175,861,000","177,718,000","160,309,000","171,053,000","157,672,000","142,295,000","163,178,000","176,082,000","179,047,000","173,820,000","155,813,000","161,501,000","163,535,000","160,238,000","153,864,000","162,128,000","153,869,000","154,010,000","142,147,000","147,343,000","140,546,000","142,867,000","133,425,000","150,781,000","139,766,000","143,579,000","137,588,000","151,008,000","134,023,000","135,594,000","128,407,000","138,567,000","134,740,000","127,698,000","125,885,000","131,018,000","113,439,000","118,498,000","108,522,000","117,886,000","103,250,000","106,350,000","102,362,000","109,855,000","99,035,000","102,685,000","96,537,000","106,955,000","96,475,000","103,508,000","98,313,000","105,491,000","87,921,000","97,448,000","97,807,000","96,113,000","82,654,000","85,592,000","76,177,000","85,458,000","76,828,000","76,455,000","69,401,000","73,594,000","67,993,000","73,972,000","68,762,000","72,401,000","62,478,000","66,762,000","61,694,000","65,810,000","53,004,000","60,587,000","51,901,000","60,889,000","55,421,000","58,224,000","58,812,000","57,432,000","48,101,000","53,357,000","51,204,000","54,260,000","44,097,000","50,755,000","47,599,000","50,000,000","46,500,000","50,500,000","45,800,000","49,800,000","47,200,000","44,800,000","40,400,000","46,100,000","41,200,000","41,200,000","37,900,000","41,900,000","36,800,000","39,300,000","37,200,000","37,800,000","33,200,000","35,400,000","30,200,000","33,900,000","29,600,000","32,000,000","27,800,000","32,000,000","28,600,000","29,900,000","26,400,000","29,000,000","23,500,000","28,700,000","23,000,000","26,500,000","19,800,000","25,600,000","25,900,000","24,600,000","20,800,000","23,600,000","21,000,000","23,600,000","17,300,000","22,700,000","20,600,000","21,400,000",,,,,,,,,,,,,
OperatingExpense,"544,659,000","143,218,000","139,267,000","131,244,000","130,930,000","123,559,000","119,616,000","115,011,000","116,873,000","114,587,000","119,051,000","115,987,000","120,123,000","113,608,000","93,367,000","111,075,000","122,109,000","113,151,000","111,912,000","110,217,000","108,460,000","115,239,000","106,001,000","101,586,000","83,790,000","94,950,000","95,232,000","92,487,000","93,874,000","91,227,000","96,037,000","90,419,000","86,601,000","86,105,000","87,683,000","82,927,000","87,182,000","81,901,000","82,996,000","81,059,000","78,193,000","75,826,000","77,686,000","75,532,000","75,253,000","77,217,000","74,689,000","70,685,000","70,344,000","70,612,000","67,456,000","66,528,000","67,316,000","66,793,000","64,452,000","71,190,000","66,477,000","67,658,000","70,181,000","66,335,000","62,444,000","60,981,000","62,260,000","59,975,000","56,917,000","56,155,000","56,437,000","52,998,000","53,716,000","53,069,000","51,067,000","49,264,000","47,740,000","48,412,000","48,733,000","47,855,000","41,734,000","44,244,000","45,382,000","46,183,000","43,086,000","44,503,000","46,978,000","43,343,000","36,985,000","41,026,000","41,021,000","40,325,000","34,014,000","40,057,000","39,533,000","39,500,000","36,100,000","36,800,000","33,700,000","34,300,000","31,900,000","30,600,000","30,100,000","31,700,000","28,300,000","29,100,000","28,600,000","29,000,000","26,300,000","28,200,000","29,000,000","26,700,000","24,100,000","25,900,000","23,700,000","24,700,000","21,700,000","23,800,000","21,100,000","22,400,000","20,900,000","21,500,000","20,400,000","20,700,000","16,900,000","21,100,000","18,700,000","19,200,000","14,800,000","19,700,000","19,600,000","17,600,000","14,400,000","16,300,000","15,300,000","16,600,000","11,600,000","16,500,000","15,100,000","15,300,000",,,,,,,,,,,,,
	SellingGeneralAndAdministration,"437,138,000","116,191,000","112,406,000","104,388,000","104,153,000","96,976,000","93,329,000","88,703,000","89,788,000","88,405,000","93,080,000","90,528,000","92,353,000","88,207,000","68,321,000","85,959,000","96,219,000","88,350,000","88,648,000","87,510,000","85,023,000","93,077,000","84,861,000","79,446,000","62,134,000","74,541,000","75,423,000","72,749,000","72,612,000","72,205,000","77,245,000","72,382,000","68,086,000","67,996,000","69,853,000","65,629,000","68,640,000","64,786,000","65,817,000","64,288,000","61,369,000","59,108,000","61,197,000","59,124,000","58,462,000","60,852,000","58,614,000","55,183,000","54,770,000","54,798,000","52,423,000","51,472,000","52,210,000","52,152,000","50,113,000","57,487,000","52,787,000","54,466,000","56,066,000","53,548,000","49,658,000","48,659,000","50,441,000","48,390,000","45,332,000","44,610,000","45,159,000","42,066,000","42,661,000","41,927,000","40,000,000","38,601,000","37,240,000","36,750,000","37,034,000","36,827,000","31,981,000","34,026,000","35,578,000","36,299,000","33,230,000","34,836,000","37,618,000","34,195,000","27,151,000","31,749,000","31,730,000","31,159,000","24,956,000","31,481,000","30,988,000","31,000,000","27,600,000","28,700,000","25,900,000","27,000,000","24,400,000","24,000,000","23,800,000","25,400,000","22,100,000","23,100,000","23,000,000","23,500,000","20,900,000","22,900,000","23,900,000","21,800,000","19,300,000","21,000,000","18,900,000","19,900,000","17,000,000","19,400,000","16,700,000","18,100,000","16,600,000","17,400,000","16,300,000","16,600,000","16,100,000","16,900,000","14,800,000","15,400,000","11,100,000","16,100,000","16,000,000","14,200,000","11,200,000","13,300,000","12,300,000","13,500,000","8,500,000","13,500,000","12,000,000","12,200,000",,,,,,,,,,,,,
	DepreciationAmortizationDepletionIncomeStatement,"107,521,000","27,027,000","26,861,000","26,856,000","26,777,000","26,583,000","26,287,000","26,308,000","27,085,000","26,182,000","25,971,000","25,459,000","27,770,000","25,401,000","25,046,000","25,116,000","25,890,000","24,801,000","23,264,000","22,707,000","23,437,000","22,162,000","21,140,000","22,140,000","21,656,000","20,409,000","19,809,000","19,738,000","21,262,000","19,022,000","18,792,000","18,037,000","18,515,000","18,109,000","17,830,000","17,298,000","18,542,000","17,115,000","17,179,000","16,771,000","16,824,000","16,718,000","16,489,000","16,408,000","16,791,000","16,365,000","16,075,000","15,502,000","15,574,000","15,814,000","15,033,000","15,056,000","15,106,000","14,641,000","14,339,000","13,703,000","13,690,000","13,192,000","14,115,000","12,787,000","12,786,000","12,322,000","11,819,000","11,585,000","11,585,000","11,515,000","11,278,000","10,932,000","11,055,000","11,142,000","11,067,000","10,663,000","10,500,000","11,662,000","11,699,000","11,028,000","9,753,000","10,218,000","9,804,000","9,884,000","9,856,000","9,667,000","9,360,000","9,148,000","9,834,000","9,277,000","9,291,000","9,166,000","9,058,000","8,576,000","8,545,000","8,500,000","8,500,000","8,100,000","7,800,000","7,300,000","7,500,000","6,600,000","6,300,000","6,300,000","6,200,000","6,000,000","5,600,000","5,500,000","5,400,000","5,300,000","5,100,000","4,900,000","4,800,000","4,900,000","4,800,000","4,800,000","4,700,000","4,400,000","4,400,000","4,300,000","4,300,000","4,100,000","4,100,000","4,100,000","800,000","4,200,000","3,900,000","3,800,000","3,700,000","3,600,000","3,600,000","3,400,000","3,200,000","3,000,000","3,000,000","3,100,000","3,100,000","3,000,000","3,100,000","3,100,000",,,,,,,,,,,,,
		DepreciationAndAmortizationInIncomeStatement,"107,521,000","27,027,000","26,861,000","26,856,000","26,777,000","26,583,000","26,287,000","26,308,000","27,085,000","26,182,000","25,971,000","25,459,000","27,770,000","25,401,000","25,046,000","25,116,000","25,890,000","24,801,000","23,264,000","22,707,000","23,437,000","22,162,000","21,140,000","22,140,000","21,656,000","20,409,000","19,809,000","19,738,000","21,262,000","19,022,000","18,792,000","18,037,000","18,515,000","18,109,000","17,830,000","17,298,000","18,542,000","17,115,000","17,179,000","16,771,000","16,824,000","16,718,000","16,489,000","16,408,000","16,791,000","16,365,000","16,075,000","15,502,000","15,574,000","15,814,000","15,033,000","15,056,000","15,106,000","14,641,000","14,339,000","13,703,000","13,690,000","13,192,000","14,115,000","12,787,000","12,786,000","12,322,000","11,819,000","11,585,000","11,585,000","11,515,000","11,278,000","10,932,000","11,055,000","11,142,000","11,067,000","10,663,000","10,500,000","11,662,000","11,699,000","11,028,000","9,753,000","10,218,000","9,804,000","9,884,000","9,856,000","9,667,000","9,360,000","9,148,000","9,834,000","9,277,000","9,291,000","9,166,000","9,058,000","8,576,000","8,545,000","8,500,000","8,500,000","8,100,000","7,800,000","7,300,000","7,500,000","6,600,000","6,300,000","6,300,000","6,200,000","6,000,000","5,600,000","5,500,000","5,400,000","5,300,000","5,100,000","4,900,000","4,800,000","4,900,000","4,800,000","4,800,000","4,700,000","4,400,000","4,400,000","4,300,000","4,300,000","4,100,000","4,100,000","4,100,000","800,000","4,200,000","3,900,000","3,800,000","3,700,000","3,600,000","3,600,000","3,400,000","3,200,000","3,000,000","3,000,000","3,100,000","3,100,000","3,000,000","3,100,000","3,100,000",,,,,,,,,,,,,
	OtherOperatingExpenses,,,,,,,,,,,,,,,,,,,,,,,,,,,,,,,,,,,,,,,,,,,,,,,,,,,,,,,,,,,,,,,,,,"30,000",,,,,,,,,,,,,,,,,,,,,,,,,,,,,,,,,,,,,,,,,,,,,,,,,,,,,,,,,,,,,,,,,,,,,,,,,,,,,,,,,,,
OperatingIncome,"146,031,000","33,697,000","22,613,000","44,790,000","44,931,000","54,159,000","40,693,000","56,042,000","40,799,000","27,708,000","44,127,000","60,095,000","58,924,000","60,212,000","62,446,000","50,426,000","41,426,000","47,087,000","41,952,000","51,911,000","45,409,000","38,771,000","36,146,000","45,757,000","56,756,000","47,917,000","38,193,000","58,294,000","45,892,000","52,352,000","41,551,000","60,589,000","47,422,000","49,489,000","40,724,000","55,640,000","47,558,000","45,797,000","42,889,000","49,959,000","35,246,000","42,672,000","30,836,000","42,354,000","27,997,000","29,133,000","27,673,000","39,170,000","28,691,000","32,073,000","29,081,000","40,427,000","29,159,000","36,715,000","33,861,000","34,301,000","21,444,000","29,790,000","27,626,000","29,778,000","20,210,000","24,611,000","13,917,000","25,483,000","19,911,000","20,300,000","12,964,000","20,596,000","14,277,000","20,903,000","17,695,000","23,137,000","14,738,000","18,350,000","12,961,000","17,955,000","11,270,000","16,343,000","6,519,000","14,706,000","12,335,000","13,721,000","11,834,000","14,089,000","11,116,000","12,331,000","10,183,000","13,935,000","10,083,000","10,698,000","8,066,000","10,500,000","10,400,000","13,700,000","12,100,000","15,500,000","15,300,000","14,200,000","10,300,000","14,400,000","12,900,000","12,100,000","9,300,000","12,900,000","10,500,000","11,100,000","8,200,000","11,100,000","9,100,000","9,500,000","6,500,000","9,200,000","7,900,000","8,200,000","6,700,000","9,600,000","7,700,000","8,400,000","6,000,000","8,300,000","6,600,000","7,600,000","4,300,000","7,300,000","5,000,000","5,900,000","6,300,000","7,000,000","6,400,000","7,300,000","5,700,000","7,000,000","5,700,000","6,200,000","5,500,000","6,100,000","-126,300,000","50,300,000","48,100,000","47,800,000","-97,400,000","45,000,000","38,900,000","31,200,000","-69,300,000","29,000,000","28,100,000","27,600,000","-70,000,000"
NetNonOperatingInterestIncomeExpense,"2,205,000","340,000","751,000","648,000","466,000","671,000","863,000","568,000","792,000","1,054,000","2,175,000","2,361,000","3,075,000","2,293,000","2,009,000","1,705,000","1,648,000","1,189,000","1,430,000","1,276,000","1,539,000","809,000","1,120,000","801,000","635,000","691,000","674,000","543,000","553,000","563,000","705,000","616,000","477,000","664,000","661,000","557,000","402,000","317,000","524,000","307,000","209,000","145,000","194,000","58,000","-47,000","-970,000","-1,548,000","-1,621,000","-1,663,000","-1,711,000","-1,640,000","-1,660,000","-1,672,000","-1,785,000","-1,777,000",,,,,,,,,,,,,,,,,,,,,,,,,,,,,,,,,,,,,,,,,,,,,,,,,,,,,,,,,,,,,,,,,,,,,,,,,,,,,,,,,,,,,,,,,,,,,,
	InterestIncomeNonOperating,"2,205,000","340,000","751,000","648,000","466,000","671,000","863,000","568,000","792,000","1,054,000","2,175,000","2,361,000","3,075,000","2,293,000","2,009,000","1,705,000","1,648,000","1,189,000","1,430,000","1,276,000","991,000","1,003,000","1,292,000","983,000","912,000","902,000","892,000","764,000","778,000","784,000","944,000","804,000","716,000","773,000","877,000","765,000","729,000","781,000","924,000","767,000","702,000","656,000","749,000","631,000","700,000","616,000","654,000","582,000","536,000","499,000","545,000","524,000","500,000","441,000","547,000",,,,,,,,,,,,,,,,,,,,,,,,,,,,,,,,,,,,,,,,,,,,,,,,,,,,,,,,,,,,,,,,,,,,,,,,,,,,,,,,,,,,,,,,,,,,,,
	InterestExpenseNonOperating,,,,,,,,,,"-1,054,000","-2,175,000","-2,361,000","-3,075,000","-2,293,000","-2,009,000","-1,705,000","-1,648,000","-1,189,000","-1,430,000","-1,276,000","-4,817,000","194,000","172,000","182,000","277,000","211,000","218,000","221,000","225,000","221,000","239,000","188,000","239,000","109,000","216,000","208,000","327,000","464,000","400,000","460,000","493,000","511,000","555,000","573,000","747,000","1,586,000","2,202,000","2,203,000","2,199,000","2,210,000","2,185,000","2,184,000","2,172,000","2,226,000","2,324,000",,,,,,,,,,,,,,,,,,,,,,,,,,,,,,,,,,,,,,,,,,,,,,,,,,,,,,,,,,,,,,,,,,,,,,,,,,,,,,,,,,,,,,,,,,,,,,
	TotalOtherFinanceCost,,,,,,,,,,,"-2,175,000","-2,361,000","-3,075,000","-2,293,000","-2,009,000","-1,705,000","-1,648,000","-1,189,000","-1,430,000","-1,276,000","-1,539,000",,,,,,,,,,,,,,,,,,,,,,,,,,,,,,,,,,,,,,,,,,,,,,,,,,,,,,,,,,,,,,,,,,,,,,,,,,,,,,,,,,,,,,,,,,,,,,,,,,,,,,,,,,,,,,,,,,,,,,,,,,,,,,,,
OtherIncomeExpense,"-2,770,000","-431,000","-594,000","-736,000","-1,009,000","-348,000","584,000","-749,000","1,400,000","-1,556,000","-539,000","-528,000","-1,129,000","-805,000","-1,060,000","-172,000","-221,000","-484,000","186,000","-154,000","-54,625,000","-218,000","108,000","-494,000","-76,000","91,000","132,000","-479,000","-230,000","-72,000","-880,000","-371,000","-242,000","-39,000","-161,000","159,000","177,000","-283,000","-198,000","160,000","48,000","-457,000","56,000","-627,000","103,000","291,000","219,000","172,000","475,000","-639,000","-783,000","201,000","90,000","789,000","-195,000","-934,000",,,,,,,,,,,,,"0",,,"223,000","527,000","554,000","420,000","480,000","626,000","306,000","151,000","209,000","-809,000","-176,000","263,000","-534,000","-562,000","-33,000",,,,,,,,,,"100,000","100,000","100,000","100,000","100,000","0",,,"100,000","0","100,000","100,000",,"0","100,000","100,000",,"0",,"100,000","100,000","0","100,000",,"100,000","100,000","100,000","100,000",,"100,000",,"100,000",,"300,000","100,000","200,000","200,000","0",,"100,000",,,,,,,,,,,,,,
	GainOnSaleOfSecurity,,,,,,,,,,,,,,,,,,,,,,"-218,000","108,000","-494,000","-76,000","91,000","132,000","-479,000","-230,000","-72,000","-880,000","-371,000","-242,000","-39,000","-161,000","159,000","177,000","-283,000","-198,000","160,000","48,000","-457,000","56,000","-627,000","103,000","291,000","219,000",,,,,,,,,,,,,,,,,,,,,,,,,,,,,,,,,,,,,,,,,,,,,,,,,,,,,,,,,,,,,,,,,,,,,,,,,,,,,,,,,,,,,,,,,,,,,,,,,,,,,,
	SpecialIncomeCharges,,,,,,,,,,,,,,,,,"0",,,,"-55,800,000",,,,,,,,,,,,,,,,,,,,,,,"-627,000","103,000","291,000","219,000","172,000",,"-639,000","-783,000","201,000","90,000","789,000","-195,000","-934,000",,,,,,,,,,,,,"0",,,"223,000","527,000","554,000","420,000","480,000","626,000","306,000","151,000","209,000","-809,000","-176,000","263,000","-534,000","-562,000","-33,000",,,,,,,,,,"100,000","100,000","100,000","100,000","100,000","0",,,"100,000","0","100,000","100,000",,"0","100,000","100,000",,"0",,"100,000","100,000","0","100,000",,"100,000","100,000","100,000","100,000",,"100,000",,"100,000",,"300,000","100,000","200,000","200,000","0",,"100,000",,,,,,,,,,,,,,
		WriteOff,,,,,,,,,,,,,,,,,"0",,,,"55,800,000",,,,,,,,,,,,,,,,,,,,,,,,,,,,,,,,,,,,,,,,,,,,,,,,,,,,,,,,,,,,,,,,,,,,,,,,,,,,,,,,,,,,,,,,,,,,,,,,,,,,,,,,,,,,,,,,,,,,,,,,,,,,,,,,
	OtherNonOperatingIncomeExpenses,"-2,770,000","-431,000","-594,000","-736,000","-1,009,000","-348,000","584,000","-749,000","1,400,000","-1,556,000","-539,000","-528,000","-1,129,000","-805,000","-1,060,000","-172,000","-221,000","-484,000","186,000","-154,000","1,175,000",,,,,,,,,,,,,,,,,,,,,,,,,,,,,,,,,,,,,,,,,,,,,,,,,,,,,,,,,,,,,,,,,,,,,,,,,,,,,,,,,,,,,,,,,,,,,,,,,,,,,,,,,,,,,,,,,,,,,,,,,,,,,,,,
PretaxIncome,"145,466,000","33,606,000","22,770,000","44,702,000","44,388,000","54,482,000","42,140,000","55,861,000","42,991,000","27,206,000","45,763,000","61,928,000","60,870,000","61,700,000","63,395,000","51,959,000","42,853,000","47,792,000","43,568,000","53,033,000","-7,677,000","39,362,000","37,374,000","46,064,000","57,315,000","48,699,000","38,999,000","58,358,000","46,215,000","52,843,000","41,376,000","60,834,000","47,657,000","50,114,000","41,224,000","56,356,000","48,137,000","45,831,000","43,215,000","50,426,000","35,503,000","42,360,000","31,086,000","41,785,000","28,053,000","28,454,000","26,344,000","37,721,000","27,503,000","29,723,000","26,658,000","38,968,000","27,577,000","35,719,000","31,889,000","31,280,000","19,267,000","27,798,000","24,847,000","26,787,000","17,542,000","21,836,000","11,457,000","22,627,000","17,208,000","17,753,000","10,775,000","18,521,000","12,364,000","19,037,000","16,232,000","21,538,000","12,228,000","16,167,000","10,718,000","15,485,000","11,722,000","15,624,000","6,137,000","14,089,000","10,536,000","12,149,000","8,321,000","12,313,000","9,255,000","10,251,000","8,071,000","11,525,000","8,005,000","8,869,000","6,363,000","8,800,000","8,800,000","12,200,000","10,900,000","14,900,000","14,700,000","13,600,000","9,800,000","13,800,000","12,400,000","11,600,000","8,600,000","12,300,000","10,000,000","10,300,000","7,700,000","10,600,000","8,300,000","8,900,000","6,000,000","8,600,000","7,300,000","7,600,000","6,100,000","9,100,000","7,300,000","7,900,000","5,200,000","7,700,000","5,900,000","6,700,000","3,100,000","6,200,000","4,000,000","4,900,000","5,000,000","6,100,000","5,600,000","6,400,000","4,800,000","6,100,000","4,700,000","5,000,000","4,200,000","4,700,000",,,,,,,,,,,,,
TaxProvision,"33,629,000","8,539,000","4,319,000","10,997,000","9,774,000","12,466,000","9,555,000","13,965,000","11,428,000","5,921,000","11,083,000","13,686,000","14,882,000","14,480,000","15,789,000","13,639,000","7,901,000","11,433,000","-14,810,000","18,827,000","-2,781,000","15,000,000","14,858,000","17,850,000","21,821,000","18,555,000","15,501,000","22,468,000","17,274,000","20,344,000","15,930,000","23,421,000","18,785,000","19,170,000","15,577,000","21,894,000","17,576,000","17,109,000","16,573,000","19,666,000","12,971,000","14,901,000","11,890,000","15,983,000","10,039,000","10,023,000","10,067,000","13,957,000","10,211,000","10,409,000","10,432,000","15,392,000","10,556,000","14,030,000","13,609,000","12,418,000","6,984,000","10,858,000","9,566,000","10,313,000","6,736,000","8,153,000","4,497,000","8,881,000","6,635,000","6,835,000","4,448,000","7,131,000","4,235,000","7,235,000","6,169,000","8,184,000","4,708,000","6,224,000","4,126,000","5,962,000","4,508,000","6,015,000","2,363,000","5,424,000","4,002,000","4,617,000","3,162,000","4,679,000","3,516,000","3,895,000","3,067,000","4,380,000","3,041,000","3,370,000","2,418,000","3,300,000","8,700,000","4,500,000","4,000,000","5,500,000","5,300,000","4,900,000","3,500,000","5,000,000","4,500,000","4,200,000","3,100,000","4,400,000","3,600,000","3,700,000","2,800,000","3,800,000","2,900,000","3,100,000","2,100,000","3,000,000","2,700,000","2,800,000","2,300,000","3,400,000","3,100,000","2,800,000","1,800,000","2,700,000","2,000,000","2,300,000","1,100,000","2,200,000","800,000","1,800,000","1,900,000","2,300,000","2,100,000","2,400,000","1,800,000","2,300,000","1,700,000","1,900,000","1,600,000","1,800,000",,,,,,,,,,,,,
NetIncomeCommonStockholders,"111,837,000","25,067,000","18,451,000","33,705,000","34,614,000","42,016,000","32,585,000","41,896,000","31,563,000","21,285,000","34,680,000","48,242,000","45,988,000","47,220,000","47,606,000","38,320,000","34,952,000","36,359,000","58,378,000","34,206,000","-4,736,000","24,190,000","22,354,000","28,010,000","35,247,000","30,000,000","23,395,000","35,732,000","28,822,000","32,300,000","25,223,000","37,083,000","28,621,000","30,620,000","25,308,000","34,006,000","30,156,000","28,285,000","26,172,000","30,216,000","20,816,000","27,459,000","19,196,000","25,802,000","1,472,000","18,431,000","16,277,000","23,764,000","17,292,000","19,314,000","16,226,000","23,576,000","17,021,000","21,689,000","18,280,000","18,862,000","12,283,000","16,940,000","15,281,000","16,474,000","10,806,000","13,683,000","6,960,000","13,746,000","10,573,000","10,918,000","6,327,000","11,390,000","8,129,000","11,802,000","10,063,000","13,354,000","7,520,000","9,943,000","6,592,000","9,523,000","7,214,000","9,609,000","3,774,000","10,907,000","6,534,000","7,532,000","5,159,000","7,634,000","5,739,000","6,356,000","5,004,000","7,145,000","4,964,000","5,499,000","3,945,000","5,500,000","100,000","7,700,000","6,900,000","9,400,000","9,400,000","8,700,000","6,300,000","8,800,000","7,900,000","7,400,000","5,500,000","7,900,000","6,400,000","6,600,000","4,900,000","6,800,000","5,400,000","5,800,000","3,900,000","5,600,000","4,600,000","4,800,000","3,800,000","5,700,000","4,200,000","5,100,000","3,400,000","5,000,000","1,300,000","4,400,000","2,000,000","4,000,000","3,200,000","3,100,000","3,100,000","3,800,000","3,500,000","4,000,000","3,000,000","3,800,000","3,000,000","3,100,000","2,600,000","2,900,000",,,,,,,,,,,,,
	NetIncome,"111,837,000","25,067,000","18,451,000","33,705,000","34,614,000","42,016,000","32,585,000","41,896,000","31,563,000","21,285,000","34,680,000","48,242,000","45,988,000","47,220,000","47,606,000","38,320,000","34,952,000","36,359,000","58,378,000","34,206,000","-4,896,000","24,362,000","22,516,000","28,214,000","35,494,000","30,144,000","23,498,000","35,890,000","28,941,000","32,499,000","25,446,000","37,413,000","28,872,000","30,944,000","25,647,000","34,462,000","30,561,000","28,722,000","26,642,000","30,760,000","22,532,000","27,459,000","19,196,000","25,802,000","18,014,000","18,431,000","16,277,000","23,764,000","17,292,000","19,314,000","16,226,000","23,576,000","17,021,000","21,689,000","18,280,000","18,862,000","12,283,000","16,940,000","15,281,000","16,474,000","10,806,000","13,683,000","6,960,000","13,746,000","10,573,000","10,918,000","6,327,000","11,390,000","8,129,000","11,802,000","10,063,000","13,354,000","7,520,000","9,943,000","6,592,000","9,523,000","7,214,000","9,609,000","3,774,000","10,907,000","6,534,000","7,532,000","5,159,000","7,634,000","5,739,000","6,356,000","5,004,000","7,145,000","4,964,000","5,499,000","3,945,000","5,500,000","100,000","7,700,000","6,900,000","9,400,000","9,400,000","8,700,000","6,300,000","8,800,000","7,900,000","7,400,000","5,500,000","7,900,000","6,400,000","6,600,000","4,900,000","6,800,000","5,400,000","5,800,000","3,900,000","5,600,000","4,600,000","4,800,000","3,800,000","5,700,000","4,200,000","5,100,000","3,400,000","5,000,000","1,300,000","4,400,000","2,000,000","4,000,000","3,200,000","3,100,000","3,100,000","3,800,000","3,500,000","4,000,000","3,000,000","3,800,000","3,000,000","3,100,000","2,600,000","2,900,000",,,,,,,,,,,,,
		NetIncomeIncludingNoncontrollingInterests,"111,837,000","25,067,000","18,451,000","33,705,000","34,614,000","42,016,000","32,585,000","41,896,000","31,563,000","21,285,000","34,680,000","48,242,000","45,988,000","47,220,000","47,606,000","38,320,000","34,952,000","36,359,000","58,378,000","34,206,000","-4,896,000","24,362,000","22,516,000","28,214,000","35,494,000","30,144,000","23,498,000","35,890,000","28,941,000","32,499,000","25,446,000","37,413,000","28,872,000","30,944,000","25,647,000","34,462,000","30,561,000","28,722,000","26,642,000","30,760,000","22,532,000","27,459,000","19,196,000","25,802,000","18,014,000","18,431,000","16,277,000","23,764,000","17,292,000","19,314,000","16,226,000","23,576,000","17,021,000","21,689,000","18,280,000","18,862,000","12,283,000","16,940,000","15,281,000","16,474,000","10,806,000","13,683,000","6,960,000","13,746,000","10,573,000","10,918,000","6,327,000","11,390,000","8,129,000","11,802,000","10,063,000","13,354,000","7,520,000","9,943,000","6,592,000","9,523,000","7,214,000","9,609,000","3,774,000","10,907,000","6,534,000","7,532,000","5,159,000","7,634,000","5,739,000","6,356,000","5,004,000","7,145,000","4,964,000","5,499,000","3,945,000","5,500,000","100,000","7,700,000","6,900,000","9,400,000","9,400,000","8,700,000","6,300,000","8,800,000","7,900,000","7,400,000","5,500,000","7,900,000","6,400,000","6,600,000","4,900,000","6,800,000","5,400,000","5,800,000","3,900,000","5,600,000","4,600,000","4,800,000","3,800,000","5,700,000","4,200,000","5,100,000","3,400,000","5,000,000","1,300,000","4,400,000","2,000,000","4,000,000","3,200,000","3,100,000","3,100,000","3,800,000","3,500,000","4,000,000","3,000,000","3,800,000","3,000,000","3,100,000","2,600,000","2,900,000","2,500,000","2,000,000","1,700,000","2,500,000","900,000","2,100,000","1,900,000","2,900,000","2,200,000","2,100,000","2,000,000","2,000,000","500,000"
			NetIncomeContinuousOperations,"111,837,000","25,067,000","18,451,000","33,705,000","34,614,000","42,016,000","32,585,000","41,896,000","31,563,000","21,285,000","34,680,000","48,242,000","45,988,000","47,220,000","47,606,000","38,320,000","34,952,000","36,359,000","58,378,000","34,206,000","-4,896,000","24,362,000","22,516,000","28,214,000","35,494,000","30,144,000","23,498,000","35,890,000","28,941,000","32,499,000","25,446,000","37,413,000","28,872,000","30,944,000","25,647,000","34,462,000","30,561,000","28,722,000","26,642,000","30,760,000","22,532,000","27,459,000","19,196,000","25,802,000","18,014,000","18,431,000","16,277,000","23,764,000","17,292,000","19,314,000","16,226,000","23,576,000","17,021,000","21,689,000","18,280,000","18,862,000","12,283,000","16,940,000","15,281,000","16,474,000","10,806,000","13,683,000","6,960,000","13,746,000","10,573,000","10,918,000","6,327,000","11,390,000","8,129,000","11,802,000","10,063,000","13,354,000","7,520,000","9,943,000","6,592,000","9,523,000","7,214,000","9,609,000","3,774,000","8,665,000","6,534,000","7,532,000","5,159,000","7,634,000","5,739,000","6,356,000","5,004,000","7,145,000","4,964,000","5,499,000","3,945,000","5,500,000","100,000","7,700,000","6,900,000","9,400,000","9,400,000","8,700,000","6,300,000","8,800,000","7,900,000","7,400,000","5,500,000","7,900,000","6,400,000","6,600,000","4,900,000","6,800,000","5,400,000","5,800,000","3,900,000","5,600,000","4,600,000","4,800,000","3,800,000","5,700,000","4,200,000","5,100,000","3,400,000","5,000,000","3,900,000","4,400,000","2,000,000","4,000,000","3,200,000","3,100,000","3,100,000","3,800,000","3,500,000","4,000,000","3,000,000","3,800,000","3,000,000","3,100,000","2,600,000","2,900,000","2,500,000","2,000,000","1,700,000","2,500,000","900,000","2,100,000","1,900,000","2,900,000","2,200,000","2,100,000","2,000,000","2,000,000","1,600,000"
			NetIncomeDiscontinuousOperations,,,,,,,,,,,,,,,,,,,,,,,,,,,,,,,,,,,,,,,,,,,,,,,,,,,,,,,,,,,,,,,,,,,,,,,,,,,,,,,,,,,,,,,,,,,,,,,,,,,,,,,,,,,,,,,,,,,,,,,,,,,,,,,,,,,,,,,,,,,,,,,,,,,,,"-1,100,000"
			NetIncomeExtraordinary,,,,,,,,,,,,,,,,,,,,,,,,,,,,,,,,,,,,,,,,,,,,,,,,,,,,,,,,,,,,,,,,,,,,,,,,,,,,,"0",,,"2,242,000",,,,,,,,,,,,,,,,,,,,,,,,,,,,,,,,,,,,,,,,,"0",,,,,,,,,,,,,,,,,,,,,,,,,,,,
	OtherunderPreferredStockDividend,,,,,,,,,,,,,,,,,"0","0","0","0","-160,000","172,000","162,000","204,000","247,000","144,000","103,000","158,000","119,000","199,000","223,000","330,000","251,000","324,000","339,000","456,000","405,000","437,000","470,000","544,000",,,,,,,,,,,,,,,,,,,,,,,,,,,,,,,,,,,,,,,,,,,,,,,,,,,,,,,,,,,,,,,,,,,,,,,,,,,,,,,,,,,,,,,,,,,,,,,,,,,,,,,,,,,,,
AverageDilutionEarnings,,,,,,,,,,,,,,,,,"0","0","0","0","-8,000","9,000","8,000","10,000","13,000","7,000","6,000","9,000","6,000","10,000","12,000","18,000","13,000","17,000","18,000","25,000","24,000","22,000","24,000","28,000","-379,000",,,,,,,,,,,,,,,,,,,,,,,,,,,,,,,,,,,,,,,,,,,,,,,,,,,,,,,,,,,,,,,,,,,,,,,,,,,,,,,,,,,,,,,,,,,,,,,,,,,,,,,,,,,,
DilutedNIAvailtoComStockholders,"111,837,000","25,067,000","18,451,000","33,705,000","34,614,000","42,016,000","32,585,000","41,896,000","31,563,000","21,285,000","34,680,000","48,242,000","45,988,000","47,220,000","47,606,000","38,320,000","34,952,000","36,359,000","58,378,000","34,206,000","-4,744,000","24,199,000","22,362,000","28,020,000","35,260,000","30,007,000","23,401,000","35,741,000","28,828,000","32,310,000","25,235,000","37,101,000","28,634,000","30,637,000","25,326,000","34,031,000","30,180,000","28,307,000","26,196,000","30,244,000","20,901,000","27,459,000","19,196,000","25,802,000","16,646,000","18,431,000","16,277,000","23,764,000","17,292,000","19,314,000","16,226,000","23,576,000","17,021,000","21,689,000","18,280,000","18,862,000","12,283,000","16,940,000","15,281,000","16,474,000","10,806,000","13,683,000","6,960,000","13,746,000","10,573,000","10,918,000","6,327,000","11,390,000","8,129,000","11,802,000","10,063,000","13,354,000","7,520,000","9,943,000","6,592,000","9,523,000","7,214,000","9,609,000","3,774,000","10,907,000","6,534,000","7,532,000","5,159,000","7,634,000","5,739,000","6,356,000","5,004,000","7,145,000","4,964,000","5,499,000","3,945,000","5,500,000","100,000","7,700,000","6,900,000","9,400,000","9,400,000","8,700,000","6,300,000","8,800,000","7,900,000","7,400,000","5,500,000","7,900,000","6,400,000","6,600,000","4,900,000","6,800,000","5,400,000","5,800,000","3,900,000","5,600,000","4,600,000","4,800,000","3,800,000","5,700,000","4,200,000","5,100,000","3,400,000","5,000,000","1,300,000","4,400,000","2,000,000","4,000,000","3,200,000","3,100,000","3,100,000","3,800,000","3,500,000","4,000,000","3,000,000","3,800,000","3,000,000","3,100,000","2,600,000","2,900,000",,,,,,,,,,,,,
BasicEPS,,"1.39","1.02","1.86","1.91","2.31","1.8","2.31","1.74","1.17","1.9","2.65","2.52","2.58","2.59","2.08","1.9","1.94","3.02","1.77","-0.25","1.26","1.17","1.46","1.84","1.57","1.23","1.88","1.51","1.7","1.33","1.96","1.51","1.62","1.34","1.81","1.61","1.51","1.4","1.62","1.19","1.45","1.01","1.37","0.92","0.95","0.84","1.2",,"0.995","0.88","1.28",,"1.18","1","1.03",,"0.92","0.83","0.9",,"0.75","0.36","0.71",,"0.57","0.33","0.59",,"0.68","0.52","0.7",,"0.52","0.34","0.5",,"0.5","0.2","0.33",,"0.39","0.27","0.4",,"0.33","0.26","0.36",,"0.28","0.2","0.28",,"0.38","0.33","0.46",,"0.42","0.31","0.43",,"0.36","0.27","0.38",,"0.32","0.24","0.33",,"0.28","0.19","0.27",,"0.23","0.19","0.14",,"0.125","0.085","0.12",,"0.11","0.05","0.1",,"0.08","0.075","0.095",,"0.1","0.075","0.048",,"0.038","0.033","0.038",,"0.025","0.023","0.033",,"0.028","0.023","0.038",,"0.028","0.025","0.025",
DilutedEPS,,"1.33","0.97","1.77","1.82","2.21","1.71","2.2","1.66","1.12","1.82","2.52","2.4","2.46","2.48","1.99","1.81","1.85","2.85","1.67","-0.25","1.19","1.1","1.38","1.74","1.49","1.16","1.78","1.43","1.61","1.26","1.85","1.43","1.53","1.27","1.71","1.52","1.43","1.33","1.54","1.13","1.37","0.96","1.3","0.9","0.93","0.83","1.2",,"0.98","0.83","1.21",,"1.12","0.94","0.97",,"0.87","0.79","0.85",,"0.71","0.36","0.71",,"0.57","0.33","0.59",,"0.61","0.52","0.69",,"0.52","0.34","0.49",,"0.5","0.2","0.33",,"0.39","0.27","0.397",,"0.33","0.26","0.36",,"0.28","0.2","0.28",,"0.38","0.33","0.46",,"0.42","0.31","0.43",,"0.36","0.27","0.38",,"0.32","0.24","0.33",,"0.28","0.19","0.27",,"0.23","0.19","0.14",,"0.125","0.085","0.12",,"0.105","0.05","0.095",,"0.075","0.075","0.09",,"0.095","0.07","0.045",,"0.038","0.033","0.035",,"0.025","0.023","0.033",,"0.028","0.023","0.038",,"0.028","0.025","0.025",
BasicAverageShares,,"15,170,000","18,845,000","18,872,000","18,884,000","15,238,000","18,866,000","18,890,000","18,893,000","15,255,000","18,936,000","18,951,000","18,999,000","19,051,000","19,138,000","19,142,000","19,140,000","19,533,000","20,297,000","20,278,000","20,220,000","20,172,000","20,151,000","20,132,000","20,118,000","20,080,000","20,036,000","20,013,000","20,005,000","19,980,000","19,926,000","19,869,000","19,854,000","19,824,000","19,764,000","19,722,000","19,711,000","19,668,000","19,609,000","19,572,000","19,559,000","14,905,000","14,873,000","19,479,000","19,475,000","19,466,000","19,439,000","19,416,000",,"19,411,000","19,398,000","19,372,000",,"19,329,000","19,324,000","18,312,621",,"19,303,000","14,359,000","14,352,000",,"19,270,000","19,258,000","19,248,000",,"19,243,000","19,241,000","19,239,000",,"19,225,000","19,215,000","19,207,000",,"19,200,000","19,190,000","19,184,000",,"19,168,000","19,168,000","19,218,000",,"19,223,000","19,221,000","19,220,000",,"19,256,000","19,362,000","19,620,000",,"19,663,878","19,663,878","19,689,592",,"20,263,158","20,909,091","20,434,783",,"20,714,286","20,322,581","20,465,116",,"20,555,556","20,370,370","20,789,474",,"20,625,000","20,416,667","20,606,061",,"20,714,286","20,526,316","20,740,741",,"20,869,565","20,000,000","20,502,000",,"20,502,000","20,476,000","20,406,000",,"20,374,000","20,367,000","20,344,000",,"20,327,000","20,321,000","20,321,000",,"20,321,000","20,311,000","20,295,000",,"20,274,000","20,212,000","20,196,000",,"20,188,000","20,188,000","20,188,000",,"20,160,000","20,160,000","20,160,000",,"20,160,000","20,160,000","20,160,000",
DilutedAverageShares,,"18,875,000","18,967,000","19,026,000","19,049,000","19,051,000","19,037,000","19,019,000","19,019,000","18,995,000","18,936,000","19,123,000","19,159,000","19,168,000","19,232,000","19,302,000","19,335,000","19,687,000","20,463,000","20,434,000","20,220,000","20,279,000","20,263,000","20,249,000","20,223,000","20,183,000","20,138,000","20,132,000","20,142,000","20,118,000","20,065,000","20,008,000","20,007,000","19,977,000","19,924,000","19,891,000","19,882,000","19,820,000","19,747,000","19,693,000","19,664,000","19,646,000","19,605,000","19,557,000","19,559,000","19,549,000","19,528,000","19,487,000",,"19,490,000","19,477,000","19,434,000",,"19,376,000","19,354,000","19,445,361",,"19,363,000","19,366,000","19,366,000",,"19,371,000","19,362,000","19,322,000",,"19,311,000","19,316,000","19,328,000",,"19,336,000","19,315,000","19,277,000",,"19,271,000","19,253,000","19,249,000",,"19,175,000","19,208,000","19,271,000",,"19,293,000","19,276,000","19,250,000",,"19,274,000","19,362,000","19,620,000",,"19,663,878","19,663,878","19,689,592",,"20,263,158","20,909,091","20,434,783",,"20,714,286","20,322,581","20,465,116",,"20,555,556","20,370,370","20,789,474",,"20,625,000","20,416,667","20,606,061",,"20,714,286","20,526,316","20,740,741",,"20,869,565","20,000,000","20,502,000",,"20,502,000","20,476,000","20,406,000",,"20,374,000","20,367,000","20,344,000",,"20,327,000","20,321,000","20,321,000",,"20,321,000","20,311,000","20,295,000",,"20,274,000","20,212,000","20,196,000",,"20,188,000","20,188,000","20,188,000",,"20,160,000","20,160,000","20,160,000",,"20,160,000","20,160,000","20,160,000",
TotalOperatingIncomeAsReported,"146,031,000","33,697,000","22,613,000","44,790,000","44,931,000","54,159,000","40,693,000","56,042,000","40,799,000","27,708,000","44,127,000","60,095,000","58,924,000","60,212,000","62,446,000","50,426,000","41,426,000","47,087,000","41,952,000","51,911,000","-10,391,000","38,771,000","36,146,000","45,757,000","56,756,000","47,917,000","38,193,000","58,294,000","45,892,000","52,352,000","41,551,000","60,589,000","47,422,000","49,489,000","40,724,000","55,640,000","47,558,000","45,797,000","42,889,000","49,959,000","35,246,000","42,672,000","30,836,000","42,354,000","27,997,000","29,133,000","27,673,000","39,170,000","28,691,000","32,073,000","29,081,000","40,427,000","29,159,000","36,715,000","33,861,000","34,301,000","21,444,000","29,790,000","27,626,000","29,778,000","20,210,000","24,611,000","13,917,000","25,483,000","19,911,000","20,300,000","12,964,000","20,596,000","14,277,000","20,903,000","17,695,000","23,137,000","14,738,000","18,350,000","12,961,000","17,955,000","11,270,000","16,343,000","6,519,000","14,706,000","12,335,000","13,721,000","11,834,000","14,089,000","11,116,000","12,331,000","10,183,000","13,935,000","10,083,000","10,698,000","8,066,000","10,500,000","10,400,000","13,700,000","12,100,000","15,500,000","15,300,000","14,200,000","10,300,000","14,400,000","12,900,000","12,100,000","9,300,000","12,900,000","10,500,000","11,100,000","8,200,000","11,100,000","9,100,000","9,500,000","6,500,000","9,200,000","7,900,000","8,200,000","6,700,000","9,600,000","7,700,000","8,400,000","6,000,000","8,300,000","6,600,000","7,600,000","4,300,000","7,300,000","5,000,000","5,900,000","6,300,000","7,000,000","6,400,000","7,300,000","5,700,000","7,000,000","5,700,000","6,200,000","5,500,000","6,100,000",,,,,,,,,,,,,
TotalExpenses,"1,803,653,000","477,851,000","464,083,000","441,374,000","420,345,000","410,164,000","409,071,000","390,811,000","387,844,000","417,810,000","420,473,000","405,303,000","420,697,000","393,508,000","375,039,000","388,124,000","392,637,000","380,297,000","377,312,000","363,867,000","358,180,000","371,063,000","355,281,000","340,351,000","307,010,000","319,882,000","324,904,000","315,090,000","313,316,000","313,222,000","319,911,000","309,772,000","304,566,000","302,749,000","303,243,000","291,064,000","305,318,000","289,967,000","291,417,000","282,610,000","277,128,000","278,259,000","279,123,000","270,671,000","262,877,000","262,434,000","250,922,000","233,920,000","226,259,000","229,175,000","224,481,000","215,752,000","212,313,000","215,390,000","223,424,000","228,253,000","229,566,000","224,827,000","242,662,000","217,482,000","207,299,000","205,238,000","208,450,000","196,894,000","187,630,000","191,638,000","189,204,000","178,729,000","174,490,000","175,054,000","172,989,000","165,297,000","163,328,000","164,635,000","164,446,000","162,943,000","136,372,000","137,347,000","139,906,000","134,473,000","128,156,000","130,538,000","139,689,000","128,536,000","127,059,000","128,294,000","126,379,000","127,074,000","122,073,000","123,799,000","122,217,000","121,300,000","114,600,000","112,000,000","108,000,000","100,800,000","97,000,000","99,900,000","99,000,000","98,000,000","93,000,000","95,000,000","92,800,000","91,100,000","86,500,000","87,500,000","92,600,000","84,300,000","80,900,000","83,100,000","79,700,000","77,000,000","72,800,000","74,900,000","69,400,000","68,500,000","64,400,000","65,800,000","63,600,000","63,400,000","61,300,000","61,800,000","61,000,000","58,200,000","54,600,000","57,100,000","60,300,000","54,200,000","51,100,000","50,700,000","49,100,000","49,400,000","46,700,000","47,800,000","47,300,000","47,400,000",,,,,,,,,,,,,
NetIncomeFromContinuingAndDiscontinuedOperation,"111,837,000","25,067,000","18,451,000","33,705,000","34,614,000","42,016,000","32,585,000","41,896,000","31,563,000","21,285,000","34,680,000","48,242,000","45,988,000","47,220,000","47,606,000","38,320,000","34,952,000","36,359,000","58,378,000","34,206,000","-4,896,000","24,362,000","22,516,000","28,214,000","35,494,000","30,144,000","23,498,000","35,890,000","28,941,000","32,499,000","25,446,000","37,413,000","28,872,000","30,944,000","25,647,000","34,462,000","30,561,000","28,722,000","26,642,000","30,760,000","22,532,000","27,459,000","19,196,000","25,802,000","18,014,000","18,431,000","16,277,000","23,764,000","17,292,000","19,314,000","16,226,000","23,576,000","17,021,000","21,689,000","18,280,000","18,862,000","12,283,000","16,940,000","15,281,000","16,474,000","10,806,000","13,683,000","6,960,000","13,746,000","10,573,000","10,918,000","6,327,000","11,390,000","8,129,000","11,802,000","10,063,000","13,354,000","7,520,000","9,943,000","6,592,000","9,523,000","7,214,000","9,609,000","3,774,000","8,665,000","6,534,000","7,532,000","5,159,000","7,634,000","5,739,000","6,356,000","5,004,000","7,145,000","4,964,000","5,499,000","3,945,000","5,500,000","100,000","7,700,000","6,900,000","9,400,000","9,400,000","8,700,000","6,300,000","8,800,000","7,900,000","7,400,000","5,500,000","7,900,000","6,400,000","6,600,000","4,900,000","6,800,000","5,400,000","5,800,000","3,900,000","5,600,000","4,600,000","4,800,000","3,800,000","5,700,000","4,200,000","5,100,000","3,400,000","5,000,000","3,900,000","4,400,000","2,000,000","4,000,000","3,200,000","3,100,000","3,100,000","3,800,000","3,500,000","4,000,000","3,000,000","3,800,000","3,000,000","3,100,000","2,600,000","2,900,000",,,,,,,,,,,,,
NormalizedIncome,"111,837,000","25,067,000","18,451,000","33,705,000","34,614,000","42,016,000","32,585,000","41,896,000","31,563,000","21,285,000","34,680,000","48,242,000","45,988,000","47,220,000","47,606,000","38,320,000","34,952,000","36,359,000","58,378,000","34,206,000","30,305,200.469","24,496,942","22,450,984","28,516,328","35,541,065.236","30,087,671","23,418,404","36,184,585","29,085,031.808","32,543,280","25,987,200","37,641,165","29,018,610.655","30,968,063","25,747,142","34,364,851","30,448,627.044","28,899,441","26,763,968","30,662,400","22,501,536.772","27,755,240.864","19,161,419.288","26,189,168.936","17,947,859.409","18,242,505.553","16,141,687.861","23,655,641.049","16,993,352.58","19,729,222.084","16,702,590.817","23,454,393.143","16,965,450.448","21,209,909.852","18,406,750","19,425,206.777","12,283,000","16,940,000","15,281,000","16,474,000","10,806,000","13,683,000","6,960,000","13,746,000","10,573,000","10,918,000","6,327,000","11,390,000","8,129,000","11,802,000","10,063,000","13,215,735.444","7,195,904.482","9,602,279.891","6,333,683.15","9,227,808.524","6,828,744.583","9,420,805.3","3,681,141.274","8,536,461.069","7,035,708.998","7,641,114.495","4,995,940.632","7,965,077.398","6,087,494.652","6,376,461.223","5,004,000","7,145,000","4,964,000","5,499,000","3,945,000","5,500,000","100,000","7,700,000","6,900,000","9,336,912.752","9,336,054.422","8,636,029.412","6,235,714.286","8,736,231.884","7,900,000","7,400,000","5,500,000","7,835,772.358","6,400,000","6,535,922.33","4,836,363.636","6,800,000","5,400,000","5,734,831.461","3,835,000","5,600,000","4,600,000","4,800,000","3,737,704.918","5,637,362.637","4,200,000","5,035,443.038","3,400,000","4,935,064.935","3,833,898.305","4,334,328.358","1,935,483.871","4,000,000","3,120,000","3,100,000","3,038,000","3,800,000","3,312,500","3,937,500","2,875,000","3,675,409.836","3,000,000","3,100,000","2,538,095.238","2,900,000",,,,,,,,,,,,,
InterestIncome,"2,205,000","340,000","751,000","648,000","466,000","671,000","863,000","568,000","792,000","1,054,000","2,175,000","2,361,000","3,075,000","2,293,000","2,009,000","1,705,000","1,648,000","1,189,000","1,430,000","1,276,000","991,000","1,003,000","1,292,000","983,000","912,000","902,000","892,000","764,000","778,000","784,000","944,000","804,000","716,000","773,000","877,000","765,000","729,000","781,000","924,000","767,000","702,000","656,000","749,000","631,000","700,000","616,000","654,000","582,000","536,000","499,000","545,000","524,000","500,000","441,000","547,000",,,,,,,,,,,,,,,,,,,,,,,,,,,,,,,,,,,,,,,,,,,,,,,,,,,,,,,,,,,,,,,,,,,,,,,,,,,,,,,,,,,,,,,,,,,,,,
InterestExpense,,,,,,,,,,"-1,054,000","-2,175,000","-2,361,000","-3,075,000","-2,293,000","-2,009,000","-1,705,000","-1,648,000","-1,189,000","-1,430,000","-1,276,000","-4,817,000","194,000","172,000","182,000","277,000","211,000","218,000","221,000","225,000","221,000","239,000","188,000","239,000","109,000","216,000","208,000","327,000","464,000","400,000","460,000","493,000","511,000","555,000","573,000","747,000","1,586,000","2,202,000","2,203,000","2,199,000","2,210,000","2,185,000","2,184,000","2,172,000","2,226,000","2,324,000",,,,,,,,,,,,,,,,,,,,,,,,,,,,,,,,,,,,,,,,,,,,,,,,,,,,,,,,,,,,,,,,,,,,,,,,,,,,,,,,,,,,,,,,,,,,,,
NetInterestIncome,"2,205,000","340,000","751,000","648,000","466,000","671,000","863,000","568,000","792,000","1,054,000","2,175,000","2,361,000","3,075,000","2,293,000","2,009,000","1,705,000","1,648,000","1,189,000","1,430,000","1,276,000","1,539,000","809,000","1,120,000","801,000","635,000","691,000","674,000","543,000","553,000","563,000","705,000","616,000","477,000","664,000","661,000","557,000","402,000","317,000","524,000","307,000","209,000","145,000","194,000","58,000","-47,000","-970,000","-1,548,000","-1,621,000","-1,663,000","-1,711,000","-1,640,000","-1,660,000","-1,672,000","-1,785,000","-1,777,000",,,,,,,,,,,,,,,,,,,,,,,,,,,,,,,,,,,,,,,,,,,,,,,,,,,,,,,,,,,,,,,,,,,,,,,,,,,,,,,,,,,,,,,,,,,,,,
EBIT,"146,031,000","33,697,000","22,613,000","44,790,000","44,931,000","54,159,000","40,693,000","56,042,000","40,799,000","27,708,000","44,127,000","60,095,000","58,924,000","60,212,000","62,446,000","50,426,000","41,426,000","47,087,000","41,952,000","51,911,000","42,735,000","39,556,000","37,546,000","46,246,000","57,592,000","48,910,000","39,217,000","58,579,000","46,440,000","53,064,000","41,615,000","61,022,000","47,896,000","50,223,000","41,440,000","56,564,000","48,464,000","46,295,000","43,615,000","50,886,000","35,996,000","42,871,000","31,641,000","42,358,000","28,800,000","30,040,000","28,546,000","39,924,000","29,702,000","31,933,000","28,843,000","41,152,000","29,749,000","37,945,000","34,213,000","34,301,000","21,444,000","29,790,000","27,626,000","29,778,000","20,210,000","24,611,000","13,917,000","25,483,000","19,911,000","20,300,000","12,964,000","20,596,000","14,277,000","20,903,000","17,695,000","23,137,000","14,738,000","18,350,000","12,961,000","17,955,000","11,270,000","16,343,000","6,519,000","14,706,000","12,335,000","13,721,000","11,834,000","14,089,000","11,116,000","12,331,000","10,183,000","13,935,000","10,083,000","10,698,000","8,066,000","10,500,000","10,400,000","13,700,000","12,100,000","15,500,000","15,300,000","14,200,000","10,300,000","14,400,000","12,900,000","12,100,000","9,300,000","12,900,000","10,500,000","11,100,000","8,200,000","11,100,000","9,100,000","9,500,000","6,500,000","9,200,000","7,900,000","8,200,000","6,700,000","9,600,000","7,700,000","8,400,000","6,000,000","8,300,000","6,600,000","7,600,000","4,300,000","7,300,000","5,000,000","5,900,000","6,300,000","7,000,000","6,400,000","7,300,000","5,700,000","7,000,000","5,700,000","6,200,000","5,500,000","6,100,000","-126,300,000","50,300,000","48,100,000","47,800,000","-97,400,000","45,000,000","38,900,000","31,200,000","-69,300,000","29,000,000","28,100,000","27,600,000","-70,000,000"
EBITDA,"253,552,000"
ReconciledCostOfRevenue,"1,258,994,000","334,633,000","324,816,000","310,130,000","289,415,000","286,605,000","289,455,000","275,800,000","270,971,000","303,223,000","301,422,000","289,316,000","300,574,000","279,900,000","281,672,000","277,049,000","270,528,000","267,146,000","265,400,000","253,650,000","249,720,000","255,824,000","249,280,000","238,765,000","223,220,000","224,932,000","229,672,000","222,603,000","219,442,000","221,995,000","223,874,000","219,353,000","217,965,000","216,644,000","215,560,000","208,137,000","218,136,000","208,066,000","208,421,000","201,551,000","198,935,000","202,433,000","201,437,000","195,139,000","187,624,000","185,217,000","176,233,000","163,235,000","155,915,000","158,563,000","157,025,000","149,224,000","144,997,000","148,597,000","158,972,000","157,063,000","163,289,000","157,102,000","172,415,000","151,080,000","144,788,000","144,191,000","145,487,000","136,593,000","130,540,000","135,309,000","132,593,000","125,558,000","120,600,000","121,811,000","121,748,000","115,860,000","114,405,000","115,934,000","115,423,000","114,798,000","94,638,000","93,103,000","94,524,000","88,290,000","85,070,000","86,035,000","92,711,000","85,193,000","90,074,000","87,268,000","85,358,000","86,749,000","88,059,000","83,742,000","82,653,000","81,800,000","78,500,000","75,100,000","74,400,000","66,500,000","65,100,000","69,300,000","68,900,000","66,300,000","64,700,000","65,900,000","64,100,000","62,100,000","60,200,000","59,200,000","63,600,000","57,600,000","56,800,000","57,200,000","56,100,000","52,300,000","51,100,000","51,000,000","48,300,000","46,100,000","43,500,000","44,300,000","43,300,000","42,700,000","44,400,000","40,800,000","42,300,000","39,000,000","39,800,000","37,500,000","40,700,000","36,600,000","36,700,000","34,400,000","33,700,000","32,800,000","35,100,000","31,300,000","32,200,000","32,100,000",,,,,,,,,,,,,
ReconciledDepreciation,"107,521,000","27,027,000","26,861,000","26,856,000","26,777,000","26,583,000","26,287,000","26,308,000","27,085,000","26,182,000","25,971,000","25,459,000","27,770,000","25,401,000","25,046,000","25,116,000","25,890,000","24,801,000","23,264,000","22,707,000","23,437,000","22,162,000","21,140,000","22,140,000","21,656,000","20,409,000","19,809,000","19,738,000","21,262,000","19,022,000","18,792,000","18,037,000","18,515,000","18,109,000","17,830,000","17,298,000","18,542,000","17,115,000","17,179,000","16,771,000","16,824,000","16,718,000","16,489,000","16,408,000","16,791,000","16,365,000","16,075,000","15,502,000","15,574,000","15,814,000","15,033,000","15,056,000","15,106,000","14,641,000","14,339,000","13,703,000","13,490,000","13,259,000","14,181,000","12,854,000","12,853,000","12,388,000","12,522,000","11,911,000","11,758,000","11,689,000","11,452,000","11,105,000","11,229,000","11,316,000","11,241,000","10,836,000","11,683,000","11,951,000","11,989,000","11,318,000","9,753,000","10,218,000","9,804,000","9,884,000","9,856,000","9,667,000","9,360,000","9,148,000","9,834,000","9,277,000","9,291,000","9,166,000","9,058,000","8,576,000","8,576,000","8,500,000","8,500,000","8,200,000","7,700,000","7,300,000","7,500,000","6,600,000","6,300,000","6,300,000","6,200,000","6,000,000","5,700,000","5,500,000","5,400,000","5,400,000","5,100,000","4,900,000","4,800,000","4,900,000","4,700,000","4,800,000","4,700,000","4,500,000","4,400,000","4,300,000","4,300,000","4,100,000","4,000,000","4,100,000","800,000","4,100,000","3,900,000","3,800,000","3,700,000","3,500,000","3,600,000","3,400,000","3,200,000","3,000,000","3,100,000","3,100,000","3,100,000","3,000,000","3,100,000","3,100,000",,,,,,,,,,,,,
NetIncomeFromContinuingOperationNetMinorityInterest,"111,837,000","25,067,000","18,451,000","33,705,000","34,614,000","42,016,000","32,585,000","41,896,000","31,563,000","21,285,000","34,680,000","48,242,000","45,988,000","47,220,000","47,606,000","38,320,000","34,952,000","36,359,000","58,378,000","34,206,000","-4,896,000","24,362,000","22,516,000","28,214,000","35,494,000","30,144,000","23,498,000","35,890,000","28,941,000","32,499,000","25,446,000","37,413,000","28,872,000","30,944,000","25,647,000","34,462,000","30,561,000","28,722,000","26,642,000","30,760,000","22,532,000","27,459,000","19,196,000","25,802,000","18,014,000","18,431,000","16,277,000","23,764,000","17,292,000","19,314,000","16,226,000","23,576,000","17,021,000","21,689,000","18,280,000","18,862,000","12,283,000","16,940,000","15,281,000","16,474,000","10,806,000","13,683,000","6,960,000","13,746,000","10,573,000","10,918,000","6,327,000","11,390,000","8,129,000","11,802,000","10,063,000","13,354,000","7,520,000","9,943,000","6,592,000","9,523,000","7,214,000","9,609,000","3,774,000","8,665,000","6,534,000","7,532,000","5,159,000","7,634,000","5,739,000","6,356,000","5,004,000","7,145,000","4,964,000","5,499,000","3,945,000","5,500,000","100,000","7,700,000","6,900,000","9,400,000","9,400,000","8,700,000","6,300,000","8,800,000","7,900,000","7,400,000","5,500,000","7,900,000","6,400,000","6,600,000","4,900,000","6,800,000","5,400,000","5,800,000","3,900,000","5,600,000","4,600,000","4,800,000","3,800,000","5,700,000","4,200,000","5,100,000","3,400,000","5,000,000","3,900,000","4,400,000","2,000,000","4,000,000","3,200,000","3,100,000","3,100,000","3,800,000","3,500,000","4,000,000","3,000,000","3,800,000","3,000,000","3,100,000","2,600,000","2,900,000",,,,,,,,,,,,,
TotalUnusualItemsExcludingGoodwill,,,,,,,,,,,,,,,,,"0",,,,"-55,196,000","-218,000","108,000","-494,000","-76,000","91,000","132,000","-479,000","-230,000","-72,000","-880,000","-371,000","-242,000","-39,000","-161,000","159,000","177,000","-283,000","-198,000","160,000","48,000","-457,000","56,000","-627,000","103,000","291,000","219,000","172,000","475,000","-639,000","-783,000","201,000","90,000","789,000","-195,000","-934,000",,,,,,,,,,,,,"0",,,"223,000","527,000","554,000","420,000","480,000","626,000","306,000","151,000","209,000","-809,000","-176,000","263,000","-534,000","-562,000","-33,000",,,,,,,,,,"100,000","100,000","100,000","100,000","100,000","0",,,"100,000","0","100,000","100,000",,"0","100,000","100,000",,"0",,"100,000","100,000","0","100,000",,"100,000","100,000","100,000","100,000",,"100,000",,"100,000",,"300,000","100,000","200,000","200,000","0",,"100,000",,,,,,,,,,,,,,
TotalUnusualItems,,,,,,,,,,,,,,,,,"0",,,,"-55,196,000","-218,000","108,000","-494,000","-76,000","91,000","132,000","-479,000","-230,000","-72,000","-880,000","-371,000","-242,000","-39,000","-161,000","159,000","177,000","-283,000","-198,000","160,000","48,000","-457,000","56,000","-627,000","103,000","291,000","219,000","172,000","475,000","-639,000","-783,000","201,000","90,000","789,000","-195,000","-934,000",,,,,,,,,,,,,"0",,,"223,000","527,000","554,000","420,000","480,000","626,000","306,000","151,000","209,000","-809,000","-176,000","263,000","-534,000","-562,000","-33,000",,,,,,,,,,"100,000","100,000","100,000","100,000","100,000","0",,,"100,000","0","100,000","100,000",,"0","100,000","100,000",,"0",,"100,000","100,000","0","100,000",,"100,000","100,000","100,000","100,000",,"100,000",,"100,000",,"300,000","100,000","200,000","200,000","0",,"100,000",,,,,,,,,,,,,,
NormalizedEBITDA,"253,552,000","60,724,000","49,474,000","71,646,000","71,708,000","80,742,000","66,980,000","82,350,000","67,884,000","53,890,000","70,098,000","85,554,000","86,694,000","85,613,000","87,492,000","75,542,000","67,316,000","71,888,000","65,216,000","74,618,000","121,368,000","61,936,000","58,578,000","68,880,000","79,324,000","69,228,000","58,894,000","78,796,000","67,932,000","72,158,000","61,287,000","79,430,000","66,653,000","68,371,000","59,431,000","73,703,000","66,829,000","63,693,000","60,992,000","67,497,000","52,772,000","60,046,000","48,074,000","59,393,000","45,488,000","46,114,000","44,402,000","55,254,000","44,801,000","48,386,000","44,659,000","56,007,000","44,765,000","51,797,000","48,747,000","48,938,000","35,134,000","43,049,000","41,807,000","42,632,000","33,063,000","36,999,000","26,439,000","37,394,000","31,669,000","31,989,000","24,416,000","31,701,000","25,506,000","32,219,000","28,936,000","33,750,000","25,894,000","29,747,000","24,530,000","28,793,000","20,397,000","26,255,000","16,172,000","24,381,000","23,000,000","23,564,000","20,931,000","23,771,000","21,512,000","21,641,000","19,474,000","23,101,000","19,141,000","19,274,000","16,642,000","19,000,000","18,900,000","21,900,000","19,900,000","22,700,000","22,700,000","20,700,000","16,500,000","20,600,000","19,100,000","18,100,000","15,000,000","18,300,000","15,900,000","16,400,000","13,200,000","16,000,000","13,900,000","14,300,000","11,200,000","14,000,000","12,600,000","12,700,000","11,000,000","13,800,000","12,000,000","12,400,000","10,100,000","12,300,000","7,300,000","11,700,000","8,100,000","11,100,000","8,600,000","9,500,000","9,800,000","10,400,000","9,300,000","10,200,000","8,600,000","9,900,000","8,800,000","9,200,000","8,500,000","9,200,000","-126,300,000","50,300,000","48,100,000","47,800,000","-97,400,000","45,000,000","38,900,000","31,200,000","-69,300,000","29,000,000","28,100,000","27,600,000","-70,000,000"
TaxRateForCalcs,"0.231","0.254","0.19","0.246","0.22","0.229","0.227","0.25","0.266","0.218","0.242","0.221","0.244","0.235","0.249","0.262","0.184","0.239","0.27","0.355","0.362","0.381","0.398","0.388","0.381","0.381","0.397","0.385","0.374","0.385","0.385","0.385","0.394","0.383","0.378","0.389","0.365","0.373","0.384","0.39","0.365","0.352","0.382","0.383","0.358","0.352","0.382","0.37","0.371","0.35","0.391","0.395","0.383","0.393","0.35","0.397","0.362","0.391","0.385","0.385","0.384","0.373","0.393","0.392","0.386","0.385","0.4","0.385","0.343","0.38","0.38","0.38","0.385","0.385","0.385","0.385","0.385","0.385","0.385","0.385","0.38","0.38","0.38","0.38","0.38","0.38","0.38","0.38","0.38","0.38","0.38","0.375","0.4","0.369","0.367","0.369","0.361","0.36","0.357","0.362","0.363","0.362","0.36","0.358","0.36","0.359","0.364","0.358","0.349","0.348","0.35","0.349","0.37","0.368","0.377","0.374","0.4","0.354","0.346","0.351","0.339","0.343","0.355","0.355","0.2","0.367","0.38","0.377","0.375","0.375","0.375","0.377","0.362","0.38","0.381","0.383",,,,,,,,,,,,,
TaxEffectOfUnusualItems,"0","0","0","0","0","0","0","0","0","0","0","0","0","0","0","0","0","0","0","0","-19,994,799.531","-83,058","42,984","-191,672","-28,934.764","34,671","52,404","-184,415","-85,968.192","-27,720","-338,800","-142,835","-95,389.345","-14,937","-60,858","61,851","64,627.044","-105,559","-76,032","62,400","17,536.772","-160,759.136","21,419.288","-239,831.064","36,859.409","102,505.553","83,687.861","63,641.049","176,352.58","-223,777.916","-306,409.183","79,393.143","34,450.448","309,909.852","-68,250","-370,793.223","0","0","0","0","0","0","0","0","0","0","0","0","0","0","0","84,735.444","202,904.482","213,279.891","161,683.15","184,808.524","240,744.583","117,805.3","58,141.274","80,461.069","-307,291.002","-66,885.505","99,940.632","-202,922.602","-213,505.348","-12,538.777","0","0","0","0","0","0","0","0","0","36,912.752","36,054.422","36,029.412","35,714.286","36,231.884","0","0","0","35,772.358","0","35,922.33","36,363.636","0","0","34,831.461","35,000","0","0","0","37,704.918","37,362.637","0","35,443.038","0","35,064.935","33,898.305","34,328.358","35,483.871","0","20,000","0","38,000","0","112,500","37,500","75,000","75,409.836","0","0","38,095.238","0",,,,,,,,,,,,,