name,ttm,03/31/2022,12/31/2021,09/30/2021,06/30/2021,03/31/2021,12/31/2020,09/30/2020,06/30/2020,03/31/2020,12/31/2019,09/30/2019,06/30/2019,03/31/2019,12/31/2018,09/30/2018,06/30/2018,03/31/2018,12/31/2017,09/30/2017,06/30/2017,03/31/2017,12/31/2016,09/30/2016,06/30/2016,03/31/2016,12/31/2015,09/30/2015,06/30/2015,03/31/2015,12/31/2014,09/30/2014,06/30/2014,03/31/2014,12/31/2013,09/30/2013,06/30/2013,03/31/2013,12/31/2012,09/30/2012,06/30/2012,03/31/2012,12/31/2011,09/30/2011,06/30/2011,03/31/2011,12/31/2010,09/30/2010,06/30/2010,03/31/2010,12/31/2009,09/30/2009,06/30/2009,03/31/2009,12/31/2008,09/30/2008,06/30/2008,03/31/2008,12/31/2007,09/30/2007,06/30/2007,03/31/2007,12/31/2006,09/30/2006,06/30/2006,03/31/2006,12/31/2005,09/30/2005,06/30/2005,03/31/2005,12/31/2004,09/30/2004,06/30/2004,03/31/2004,12/31/2003,09/30/2003,06/30/2003,03/31/2003,12/31/2002,09/30/2002,06/30/2002,03/31/2002,12/31/2001,09/30/2001,06/30/2001,03/31/2001,12/31/2000,09/30/2000,06/30/2000,03/31/2000,12/31/1999,09/30/1999,06/30/1999,03/31/1999,12/31/1998,09/30/1998,06/30/1998,03/31/1998,12/31/1997,09/30/1997,06/30/1997,03/31/1997,12/31/1996,09/30/1996,06/30/1996,03/31/1996,12/31/1995,09/30/1995,06/30/1995,03/31/1995,12/31/1994,09/30/1994,06/30/1994,03/31/1994,12/31/1993,09/30/1993,06/30/1993,03/31/1993,12/31/1992,09/30/1992,06/30/1992,03/31/1992,12/31/1991,09/30/1991,06/30/1991,03/31/1991,12/31/1990,09/30/1990,06/30/1990,03/31/1990,12/31/1989,09/30/1989,06/30/1989,03/31/1989,12/31/1988,09/30/1988,06/30/1988,03/31/1988,12/31/1987,09/30/1987,06/30/1987,03/31/1987,12/31/1986,09/30/1986,06/30/1986,03/31/1986
TotalRevenue,"4,109,000,000","1,010,000,000","1,069,000,000","1,016,000,000","1,014,000,000","1,023,000,000","1,073,000,000","1,027,000,000","973,000,000","963,000,000","1,052,000,000","1,031,000,000","973,000,000","966,000,000","1,051,000,000","1,001,000,000","974,000,000","942,000,000","1,028,000,000","963,000,000","963,000,000","936,000,000","991,000,000","1,010,000,000","980,000,000","958,000,000","987,035,000","1,068,906,000","975,667,000","965,245,000","1,008,744,000","1,000,419,000","957,773,000","925,811,000","902,724,000","939,236,000","995,130,000","1,081,746,000","1,115,206,000","1,140,357,000","1,104,400,000","1,092,121,000","1,099,633,000","1,110,439,000","1,076,182,000","1,057,092,000","1,063,150,000","1,060,781,000","1,029,893,000","1,024,037,000","1,060,997,000","1,058,300,000","1,042,550,000","1,052,764,000","1,052,862,000","1,091,875,000","1,060,592,000","1,037,856,000","1,024,110,000","1,015,834,000","971,646,000","934,674,000","902,119,000","888,523,000","845,704,000","837,236,000","787,345,000","795,506,000","741,922,000","708,435,000","719,531,000","748,213,000","712,225,000","657,650,000","689,716,000","657,343,000","639,810,000","595,914,000","580,777,000","597,571,000","527,710,000","478,420,000","478,748,000","501,024,000","475,289,000","439,769,000","544,697,000","414,199,000","397,657,000","360,087,000","357,100,000","373,200,000","361,000,000","326,000,000","313,300,000","313,900,000","290,100,000","245,200,000","242,900,000","232,000,000","217,600,000","184,600,000","197,500,000","187,600,000","174,700,000","148,000,000","137,000,000","138,600,000","117,100,000","99,700,000","95,600,000","89,900,000","80,700,000","66,200,000","72,100,000","69,200,000","58,300,000","47,800,000","48,100,000","44,600,000","40,700,000","30,800,000","30,200,000","27,500,000","24,200,000","17,800,000","18,200,000","16,600,000","15,200,000","13,100,000","12,800,000","11,000,000","9,400,000","7,100,000","4,600,000","4,500,000","4,500,000","4,500,000","2,600,000","2,600,000","2,600,000","2,500,000","1,800,000","1,800,000","1,700,000","1,700,000"
	OperatingRevenue,"4,109,000,000","1,010,000,000","1,069,000,000","1,016,000,000","1,014,000,000","1,023,000,000","1,073,000,000","1,027,000,000","973,000,000","963,000,000","1,052,000,000","1,031,000,000","973,000,000","966,000,000","1,051,000,000","1,001,000,000","974,000,000","942,000,000","1,028,000,000","963,000,000","963,000,000","936,000,000","991,000,000","1,010,000,000","980,000,000","958,000,000","987,035,000","1,068,906,000","975,667,000","965,245,000","1,008,744,000","1,000,419,000","957,773,000","925,811,000","902,724,000","939,236,000","995,130,000","1,081,746,000","1,115,206,000","1,140,357,000","1,104,400,000","1,092,121,000","1,099,633,000","1,110,439,000","1,076,182,000","1,057,092,000","1,063,150,000","1,060,781,000","1,029,893,000","1,024,037,000","1,060,997,000","1,058,300,000","1,042,550,000","1,052,764,000","1,052,862,000","1,091,875,000","1,060,592,000","1,037,856,000","1,024,110,000","1,015,834,000","971,646,000","934,674,000","902,119,000","888,523,000","845,704,000","837,236,000","787,345,000","795,506,000","741,922,000","708,435,000","719,531,000","748,213,000","712,225,000","657,650,000","689,716,000","657,343,000","639,810,000","595,914,000","580,777,000","597,571,000","527,710,000","478,420,000","478,748,000","501,024,000","475,289,000","439,769,000","544,697,000","414,199,000","397,657,000","360,087,000","357,100,000","373,200,000","361,000,000","326,000,000","313,300,000","313,900,000","290,100,000","245,200,000","242,900,000","232,000,000","217,600,000","184,600,000","197,500,000","187,600,000","174,700,000","148,000,000","137,000,000","138,600,000","117,100,000","99,700,000","95,600,000","89,900,000","80,700,000","66,200,000","72,100,000","69,200,000","58,300,000","47,800,000","48,100,000","44,600,000","40,700,000","30,800,000","30,200,000","27,500,000","24,200,000","17,800,000","18,200,000","16,600,000","15,200,000","13,100,000","12,800,000","11,000,000","9,400,000","7,100,000","4,600,000","4,500,000","4,500,000","4,500,000","2,600,000","2,600,000","2,600,000","2,500,000","1,800,000","1,800,000","1,700,000","1,700,000"
CostOfRevenue,"1,890,000,000","442,000,000","528,000,000","457,000,000","462,000,000","460,000,000","521,000,000","460,000,000","415,000,000","397,000,000","492,000,000","465,000,000","417,000,000","409,000,000","507,000,000","458,000,000","427,000,000","398,000,000","505,000,000","446,000,000","449,000,000","403,000,000","470,000,000","476,000,000","455,000,000","440,000,000","462,689,000","486,238,000","449,947,000","428,978,000","544,778,000","507,612,000","459,109,000","451,081,000","524,285,000","370,823,000","409,337,000","457,990,000","530,351,000","497,274,000","434,927,000","420,200,000","467,958,000","435,343,000","396,415,000","411,963,000","446,874,000","407,312,000","375,507,000","368,182,000","408,233,000","394,812,000","350,861,000","385,704,000","415,507,000","378,057,000","368,846,000","365,053,000","357,772,000","350,141,000","327,424,000","321,963,000","322,117,000","305,864,000","283,971,000","298,171,000","294,606,000","289,925,000","264,715,000","266,959,000","256,756,000","280,785,000","255,069,000","257,411,000","317,078,000","207,107,000","204,394,000","202,730,000","197,057,000","187,962,000","154,726,000","138,288,000","130,809,000","150,881,000","134,056,000","129,396,000","238,794,000","89,089,000","80,497,000","81,781,000","87,000,000","73,100,000","89,300,000","84,400,000","80,100,000","76,900,000","72,900,000","58,000,000","70,900,000","60,500,000","56,300,000","49,700,000","63,500,000","45,400,000","44,700,000","39,100,000","34,500,000","36,300,000","30,000,000","24,600,000","26,600,000","20,900,000","21,100,000","17,500,000","27,900,000","27,800,000","21,100,000","17,000,000","16,100,000","15,200,000","15,300,000","12,200,000","13,400,000","13,100,000","11,000,000","7,800,000","9,100,000","8,400,000","6,800,000","5,600,000","6,700,000","7,200,000","6,200,000",,,,,,,,,,,,,
GrossProfit,"2,219,000,000","568,000,000","541,000,000","559,000,000","552,000,000","563,000,000","552,000,000","567,000,000","558,000,000","566,000,000","560,000,000","566,000,000","556,000,000","557,000,000","544,000,000","543,000,000","547,000,000","544,000,000","523,000,000","517,000,000","514,000,000","533,000,000","521,000,000","534,000,000","525,000,000","518,000,000","524,346,000","582,668,000","525,720,000","536,267,000","463,966,000","492,807,000","498,664,000","474,730,000","378,439,000","568,413,000","585,793,000","623,756,000","584,855,000","643,083,000","669,473,000","671,921,000","631,675,000","675,096,000","679,767,000","645,129,000","616,276,000","653,469,000","654,386,000","655,855,000","652,764,000","663,488,000","691,689,000","667,060,000","637,355,000","713,818,000","691,746,000","672,803,000","666,338,000","665,693,000","644,222,000","612,711,000","580,002,000","582,659,000","561,733,000","539,065,000","492,739,000","505,581,000","477,207,000","441,476,000","462,775,000","467,428,000","457,156,000","400,239,000","372,638,000","450,236,000","435,416,000","393,184,000","383,720,000","409,609,000","372,984,000","340,132,000","347,939,000","350,143,000","341,233,000","310,373,000","305,903,000","325,110,000","317,160,000","278,306,000","270,100,000","300,100,000","271,700,000","241,600,000","233,200,000","237,000,000","217,200,000","187,200,000","172,000,000","171,500,000","161,300,000","134,900,000","134,000,000","142,200,000","130,000,000","108,900,000","102,500,000","102,300,000","87,100,000","75,100,000","69,000,000","69,000,000","59,600,000","48,700,000","44,200,000","41,400,000","37,200,000","30,800,000","32,000,000","29,400,000","25,400,000","18,600,000","16,800,000","14,400,000","13,200,000","10,000,000","9,100,000","8,200,000","8,400,000","7,500,000","6,100,000","3,800,000","3,200,000",,,,,,,,,,,,,
OperatingExpense,"2,044,000,000","496,000,000","529,000,000","506,000,000","514,000,000","475,000,000","541,000,000","496,000,000","501,000,000","512,000,000","557,000,000","539,000,000","521,000,000","495,000,000","536,000,000","506,000,000","501,000,000","485,000,000","526,000,000","503,000,000","506,000,000","492,000,000","547,000,000","525,000,000","511,000,000","514,000,000","543,626,000","526,954,000","513,552,000","516,053,000","535,508,000","546,497,000","552,589,000","563,317,000","653,091,000","611,453,000","606,707,000","609,925,000","618,352,000","583,677,000","585,310,000","586,719,000","611,491,000","583,176,000","577,377,000","588,086,000","611,146,000","593,636,000","590,882,000","577,070,000","625,738,000","605,796,000","550,770,000","552,290,000","579,817,000","593,861,000","573,844,000","553,837,000","603,073,000","564,754,000","520,750,000","504,188,000","516,357,000","505,332,000","482,180,000","467,344,000","421,110,000","439,360,000","410,143,000","405,239,000","421,174,000","425,419,000","391,286,000","371,957,000","351,300,000","353,205,000","380,957,000","399,373,000","346,144,000","344,914,000","272,935,000","261,286,000","275,513,000","257,466,000","247,607,000","251,890,000","264,226,000","230,582,000","222,205,000","217,153,000","234,700,000","204,900,000","199,200,000","189,700,000","203,000,000","174,800,000","167,200,000","154,300,000","153,400,000","127,000,000","119,600,000","112,000,000","122,100,000","109,300,000","100,200,000","97,400,000","96,700,000","84,600,000","76,500,000","67,400,000","67,600,000","58,200,000","54,300,000","49,800,000","50,100,000","41,100,000","36,600,000","34,100,000","34,800,000","28,500,000","26,100,000","21,300,000","24,200,000","17,400,000","16,300,000","13,900,000","12,500,000","9,900,000","10,200,000","9,600,000","11,000,000","7,500,000","7,300,000",,,,,,,,,,,,,
	SellingGeneralAndAdministration,"1,365,000,000","325,000,000","361,000,000","346,000,000","334,000,000","305,000,000","374,000,000","335,000,000","323,000,000","335,000,000","379,000,000","358,000,000","344,000,000","326,000,000","374,000,000","346,000,000","342,000,000","326,000,000","371,000,000","350,000,000","351,000,000","339,000,000","391,000,000","370,000,000","357,000,000","361,000,000","387,206,000","374,585,000","362,971,000","368,968,000","394,553,000","397,545,000","404,252,000","395,564,000","442,720,000","410,468,000","404,127,000","420,080,000","449,110,000","438,526,000","435,053,000","442,244,000","469,515,000","441,512,000","426,172,000","442,004,000","474,904,000","446,938,000","445,177,000","428,661,000","471,403,000","454,839,000","410,070,000","412,448,000","429,506,000","441,543,000","422,367,000","407,634,000","413,836,000","414,978,000","371,894,000","354,931,000","370,696,000","358,392,000","342,162,000","325,618,000","337,558,000","312,777,000","283,676,000","277,989,000","296,864,000","298,011,000","269,619,000","258,206,000","211,616,000","252,483,000","274,186,000","266,370,000","247,027,000","242,038,000","196,526,000","188,534,000","196,488,000","180,180,000","174,599,000","180,551,000","196,363,000","163,880,000","157,080,000","151,145,000","170,500,000","147,500,000","142,700,000","137,800,000","142,900,000","122,800,000","116,800,000","109,000,000","115,600,000","94,000,000","88,200,000","81,800,000","93,400,000","81,500,000","73,300,000","72,000,000","71,300,000","60,700,000","55,200,000","47,500,000","49,000,000","41,100,000","38,500,000","34,800,000","37,000,000","30,200,000","26,200,000","24,400,000","26,200,000","21,300,000","18,900,000","15,000,000","16,700,000","13,100,000","11,400,000","9,300,000","8,600,000","7,000,000","7,400,000","6,800,000","7,400,000","5,700,000","5,600,000",,,,,,,,,,,,,
	DepreciationAmortizationDepletionIncomeStatement,"679,000,000","171,000,000","168,000,000","160,000,000","180,000,000","170,000,000","167,000,000","161,000,000","178,000,000","177,000,000","178,000,000","181,000,000","177,000,000","169,000,000","162,000,000","160,000,000","159,000,000","159,000,000","155,000,000","153,000,000","155,000,000","153,000,000","156,000,000","155,000,000","154,000,000","153,000,000","156,420,000","152,369,000","150,581,000","147,085,000","140,955,000","148,952,000","148,337,000","167,753,000","210,371,000","200,985,000","202,580,000","189,845,000","169,242,000","145,151,000","147,555,000","146,685,000","141,976,000","141,664,000","148,283,000","145,045,000","144,649,000","144,717,000","144,455,000","143,233,000","146,807,000","147,586,000","138,614,000","137,651,000","143,709,000","145,434,000","145,258,000","142,530,000","134,380,000","149,776,000","148,856,000","149,257,000","145,661,000","146,940,000","140,018,000","141,726,000","128,212,000","126,583,000","126,467,000","127,250,000","134,391,000","127,408,000","122,249,000","113,894,000","117,395,000","102,164,000","103,271,000","109,503,000","99,117,000","102,876,000","76,409,000","72,752,000","78,493,000","77,464,000","73,186,000","71,515,000","67,863,000","66,702,000","65,125,000","66,008,000","64,200,000","57,400,000","56,500,000","51,900,000","60,100,000","52,000,000","50,400,000","45,300,000","37,800,000","33,000,000","31,400,000","30,200,000","28,700,000","27,800,000","26,900,000","25,400,000","25,400,000","23,900,000","21,300,000","19,900,000","18,600,000","17,100,000","15,800,000","15,000,000","13,100,000","10,900,000","10,400,000","9,700,000","8,600,000","7,200,000","7,200,000","6,300,000","7,500,000","4,300,000","4,900,000","4,600,000","3,900,000","2,900,000","2,800,000","2,800,000","3,600,000","1,800,000","1,700,000",,,,,,,,,,,,,
		DepreciationAndAmortizationInIncomeStatement,"679,000,000","171,000,000","168,000,000","160,000,000","180,000,000","170,000,000","167,000,000","161,000,000","178,000,000","177,000,000","178,000,000","181,000,000","177,000,000","169,000,000","162,000,000","160,000,000","159,000,000","159,000,000","155,000,000","153,000,000","155,000,000","153,000,000","156,000,000","155,000,000","154,000,000","153,000,000","156,420,000","152,369,000","150,581,000","147,085,000","140,955,000","148,952,000","148,337,000","167,753,000","210,371,000","200,985,000","202,580,000","189,845,000",,,,,,,,,,,,,,,,,,"145,434,000","145,258,000","142,530,000","134,380,000","149,776,000","148,856,000","149,257,000","145,661,000","146,940,000","140,018,000","141,726,000","128,212,000","126,583,000","126,467,000","127,250,000","134,391,000","127,408,000","122,249,000","113,894,000","117,395,000","102,164,000","103,271,000","109,503,000","99,117,000","102,876,000","76,409,000","72,752,000","78,493,000","77,464,000","73,186,000","71,515,000","67,863,000","66,702,000","65,125,000","66,008,000","64,200,000","57,400,000","56,500,000","51,900,000","60,100,000","52,000,000","50,400,000","45,300,000","37,800,000","33,000,000","31,400,000","30,200,000","28,700,000","27,800,000","26,900,000","25,400,000","25,400,000","23,900,000","21,300,000","19,900,000","18,600,000","17,100,000","15,800,000","15,000,000","13,100,000","10,900,000","10,400,000","9,700,000","8,600,000","7,200,000","7,200,000","6,300,000","7,500,000","4,300,000","4,900,000","4,600,000","3,900,000","2,900,000","2,800,000","2,800,000","3,600,000","1,800,000","1,700,000",,,,,,,,,,,,,
			DepreciationIncomeStatement,,,,,,,,,,,,,,,,,,,,,,,,,,,,,,,,,,,,,,,,,,,,,,,,,,,,,,,,,,,,,,,,,,,,,,,"122,901,000","115,377,000","110,314,000","101,440,000","101,996,000","89,797,000","87,104,000","95,872,000","83,704,000","93,355,000","68,957,000","65,977,000","62,909,000","61,520,000","57,673,000","55,244,000",,,,,,,,,,,,,,,,,,,,,,,,,,,,,,,,,,,,,,,,,,,,,,,,,,,,,,,,,,,,
			Amortization,,,,,,,,,,,,,,,,,,,,,,,,,,,,,,,,,,,,,,,,,,,,,,,,,,,,,,,,,,,,,,,,,,,,,,,"11,490,000","12,031,000","11,935,000","12,454,000","15,399,000","12,367,000","16,167,000","13,631,000","15,413,000","9,521,000","7,452,000","6,775,000","15,584,000","15,944,000","15,513,000","16,271,000",,,,,,,,,,,,,,,,,,,,,,,,,,,,,,,,,,,,,,,,,,,,,,,,,,,,,,,,,,,,
				AmortizationOfIntangiblesIncomeStatement,,,,,,,,,,,,,,,,,,,,,,,,,,,,,,,,,,,,,,,,,,,,,,,,,,,,,,,,,,,,,,,,,,,,,,,"11,490,000","12,031,000","11,935,000","12,454,000","15,399,000","12,367,000","16,167,000","13,631,000","15,413,000","9,521,000","7,452,000","6,775,000","15,584,000","15,944,000","15,513,000","16,271,000",,,,,,,,,,,,,,,,,,,,,,,,,,,,,,,,,,,,,,,,,,,,,,,,,,,,,,,,,,,,
	OtherOperatingExpenses,,,,,,,,,,,,,,,,,,,,,,,,,,,,,,,,,,,,,,,,,"2,702,000","-2,210,000",,,"2,922,000","1,037,000",,"1,981,000","1,250,000","5,176,000","7,528,000","3,371,000","2,086,000","2,191,000","6,602,000","6,884,000","6,219,000","3,673,000",,,,,,,,,,,,,"-10,081,000",,"-582,000","-143,000","22,289,000","-1,442,000","3,500,000","23,500,000",,,,,,"-178,000","-178,000","-176,000",,,,,,,,,,,,,,,,,,,,,,,,,,,,,,,,,,,,,,,,,,,,,,,,,,,,,,,,,,,,
OperatingIncome,"175,000,000","72,000,000","12,000,000","53,000,000","38,000,000","88,000,000","11,000,000","71,000,000","57,000,000","54,000,000","3,000,000","27,000,000","35,000,000","62,000,000","8,000,000","37,000,000","46,000,000","59,000,000","-3,000,000","14,000,000","8,000,000","41,000,000","-26,000,000","9,000,000","14,000,000","4,000,000","-19,280,000","55,714,000","12,168,000","20,214,000","-71,542,000","-53,690,000","-53,925,000","-88,587,000","-274,652,000","-43,040,000","-20,914,000","13,831,000","-33,497,000","59,406,000","84,163,000","85,202,000","20,184,000","91,920,000","102,390,000","57,043,000","5,130,000","59,833,000","63,504,000","78,785,000","27,026,000","57,692,000","140,919,000","114,770,000","57,538,000","119,957,000","117,902,000","118,966,000","63,265,000","100,939,000","123,472,000","108,523,000","63,645,000","77,327,000","79,553,000","71,721,000","71,629,000","66,221,000","67,064,000","36,237,000","41,601,000","42,009,000","65,870,000","28,282,000","21,338,000","97,031,000","54,459,000","-6,189,000","37,576,000","64,695,000","100,049,000","78,846,000","72,426,000","92,677,000","93,626,000","58,483,000","41,677,000","94,528,000","94,955,000","61,153,000","35,400,000","95,200,000","72,500,000","51,900,000","30,200,000","62,200,000","50,000,000","32,900,000","18,600,000","44,500,000","41,700,000","22,900,000","11,900,000","32,900,000","29,800,000","11,500,000","5,800,000","17,700,000","10,600,000","7,700,000","1,400,000","10,800,000","5,300,000","-1,100,000","-5,900,000","300,000","600,000","-3,300,000","-2,800,000","900,000","-700,000","-2,700,000","-7,400,000","-3,000,000","-3,100,000","-3,900,000","-3,400,000","-1,700,000","-1,800,000","-2,100,000","-4,900,000","-3,700,000","-4,100,000","7,100,000","-22,000,000","4,500,000","4,500,000","4,500,000","-13,500,000","2,600,000","2,600,000","2,500,000","-10,600,000","1,800,000","1,700,000","1,700,000"
NetNonOperatingInterestIncomeExpense,"-164,000,000","-32,000,000","-30,000,000","-44,000,000","-58,000,000","-37,000,000","-34,000,000","-27,000,000","-24,000,000","-20,000,000","-20,000,000","-25,000,000","-24,000,000","-23,000,000","-24,000,000","-25,000,000","-26,000,000","-25,000,000","-26,000,000","-26,000,000","-26,000,000","-25,000,000","-13,000,000","-14,000,000","-14,000,000","-15,000,000","-14,457,000","-11,822,000","-11,185,000","-12,398,000","-8,555,000","-9,942,000","-12,763,000","-13,978,000","-10,576,000","-10,234,000","-9,185,000","-10,007,000","-6,300,000","-8,566,000","-11,515,000","-12,368,000","-12,780,000","-10,653,000","-24,449,000","-14,337,000","-11,813,000","-14,855,000","-15,576,000","-15,265,000","-17,651,000","-17,938,000","-18,636,000","-18,545,000",,,,,,,,,,,,,,,,,,,,,,,,,,,,,,,,,,,,,,,,,,,,,,,,,,,,,,,,,,,,,,,,,,,,,,,,,,,,,,,,,,,,,,,,,,,,
	InterestIncomeNonOperating,"5,000,000","1,000,000","1,000,000","1,000,000","2,000,000","2,000,000","2,000,000","2,000,000","1,000,000","4,000,000","3,000,000","4,000,000","5,000,000","6,000,000","5,000,000","4,000,000","3,000,000","4,000,000","2,000,000","2,000,000","2,000,000","3,000,000","16,000,000","14,000,000","14,000,000","13,000,000","10,498,000","9,299,000","8,969,000","7,566,000","6,119,000","3,572,000","1,573,000","884,000","994,000","1,095,000","969,000","903,000","821,000","935,000","845,000","1,043,000","929,000","869,000","748,000","849,000","824,000","1,101,000","862,000","1,021,000","949,000","1,420,000","751,000","477,000",,,,,,,,,,,,,,,,,,,,,,,,,,,,,,,,,,,,,,,,,,,,,,,,,,,,,,,,,,,,,,,,,,,,,,,,,,,,,,,,,,,,,,,,,,,,
	InterestExpenseNonOperating,"169,000,000","33,000,000","31,000,000","45,000,000","60,000,000","39,000,000","36,000,000","29,000,000","25,000,000","24,000,000","23,000,000","29,000,000","29,000,000","29,000,000","29,000,000","29,000,000","29,000,000","29,000,000","28,000,000","28,000,000","28,000,000","28,000,000","29,000,000","28,000,000","28,000,000","28,000,000","24,955,000","21,121,000","20,154,000","19,964,000","14,674,000","13,514,000","14,336,000","14,862,000","11,570,000","11,329,000","10,154,000","10,910,000","7,121,000","9,501,000","12,360,000","13,411,000","13,709,000","11,522,000","25,197,000","15,186,000","12,637,000","15,956,000","16,438,000","16,286,000","18,600,000","19,358,000","19,387,000","19,022,000",,,,,,,,,,,,,,,,,,,,,,,,,,,,,,,,,,,,,,,,,,,,,,,,,,,,,,,,,,,,,,,,,,,,,,,,,,,,,,,,,,,,,,,,,,,,
OtherIncomeExpense,"164,000,000","44,000,000","35,000,000","40,000,000","45,000,000","38,000,000","35,000,000","45,000,000","40,000,000","42,000,000","32,000,000","37,000,000","35,000,000","46,000,000","33,000,000","39,000,000","50,000,000","43,000,000","35,000,000","-339,000,000","30,000,000","45,000,000","28,000,000","38,000,000","40,000,000","31,000,000","26,231,000","61,763,000","32,006,000","264,675,000","45,465,000","38,402,000","36,838,000","133,573,000","276,482,000","37,240,000","294,456,000","14,255,000","-8,174,000","13,689,000","21,197,000","21,816,000","11,778,000","31,532,000","36,017,000","20,766,000","12,468,000","23,351,000","26,225,000","24,629,000","9,812,000","24,031,000","24,792,000","25,607,000","-344,097,000","32,454,000","17,188,000","17,680,000","-28,778,000","23,961,000","136,908,000","34,974,000","53,011,000","1,973,000","21,817,000","19,685,000","58,021,000","17,053,000","16,241,000","14,670,000","53,027,000","15,881,000","17,406,000","14,803,000","-7,299,000","13,325,000","11,129,000","-14,931,000","-3,671,000","-21,091,000","-236,143,000","10,818,000","11,141,000","14,355,000","11,973,000","8,476,000","13,550,000","89,159,000","12,590,000","25,982,000","7,000,000","16,700,000","268,800,000","7,700,000","36,200,000","11,500,000","18,400,000","192,800,000","35,600,000","29,600,000","26,500,000","18,000,000","16,700,000","25,400,000","100,500,000","49,900,000","17,600,000","53,600,000","26,000,000","28,500,000","9,400,000","9,600,000","7,300,000","5,300,000","3,600,000","10,200,000","5,800,000","3,000,000","16,700,000","-800,000","3,600,000","17,200,000","3,400,000","2,700,000","2,100,000","2,700,000","2,200,000","900,000","1,800,000","1,100,000","1,200,000","1,100,000","-100,000",,,,,,,,,,,,,
	GainOnSaleOfSecurity,,,,,,,"-1,000,000","3,000,000",,,,,,,,,,,,,,,,,,,,,,,,,,,"29,000",,"18,527,000",,,,"-3,728,000",,,"-51,905,000","13,373,000",,,,,,,,,,,,,,,,,,,,,,,,,,,,,,,,,,,,,,,,,,,,,,,,,,,,,,,,,,,,,,,,,,,,,,,,,,,,,,,,,,,,,,,,,,,,,,,,,,,,,
	EarningsFromEquityInterest,"182,000,000","45,000,000","42,000,000","48,000,000","47,000,000","42,000,000","42,000,000","48,000,000","44,000,000","45,000,000","38,000,000","44,000,000","40,000,000","44,000,000","39,000,000","42,000,000","40,000,000","38,000,000","36,000,000","35,000,000","33,000,000","33,000,000","30,000,000","38,000,000","37,000,000","35,000,000","30,354,000","39,674,000","35,584,000","34,471,000","23,598,000","35,971,000","33,120,000","37,075,000","32,152,000","37,360,000","35,602,000","26,835,000","18,780,000","24,816,000","25,154,000","21,614,000","18,277,000","21,929,000","22,469,000","20,891,000","22,900,000","23,971,000","25,753,000","24,694,000","23,553,000","23,126,000","24,794,000","25,327,000","25,620,000","22,319,000","22,807,000","21,235,000","20,173,000","23,782,000","22,980,000","23,098,000","28,196,000","23,483,000","21,957,000",,,"17,744,000",,,,,,,,,,,,,,,,,,,,,,,,,,,,,,,,,,,,,,,,,,,,,,,,,,,,,,,,,,,,,,,,,,,,,,,,,,,,,,
	SpecialIncomeCharges,"-18,000,000","-1,000,000","-7,000,000","-8,000,000","-2,000,000","-4,000,000","-6,000,000","-6,000,000","-4,000,000","-4,000,000","-6,000,000","-7,000,000","-5,000,000","2,000,000","-5,000,000","-3,000,000","10,000,000","6,000,000","0","-374,000,000","-3,000,000","13,000,000","-3,000,000","0","4,000,000","-5,000,000","-4,315,000","22,011,000","-3,669,000","230,099,000","21,988,000","2,336,000","3,618,000","96,412,000","244,166,000","-167,000","240,006,000","-12,365,000","-23,736,000","-11,127,000","-229,000","202,000","-17,872,000","9,603,000","175,000","-125,000","-10,432,000","-620,000","472,000","-65,000","-13,741,000","905,000","-2,000","280,000","-386,345,000","10,135,000","-5,619,000","-3,555,000","-48,951,000","179,000","113,928,000","11,876,000","24,815,000","-21,510,000","-140,000","19,685,000","108,030,000","-691,000","16,241,000","14,670,000","53,027,000","15,881,000","17,406,000","14,803,000","-7,299,000","13,325,000","11,129,000","-14,931,000","-3,671,000","-21,091,000","-236,143,000","10,818,000","11,141,000","14,355,000","11,973,000","8,476,000","13,550,000","89,159,000","12,590,000","25,982,000","7,000,000","16,700,000","268,800,000","7,700,000","36,200,000","11,500,000","18,400,000","192,800,000","35,600,000","29,600,000","26,500,000","18,000,000","16,700,000","25,400,000","100,500,000","49,900,000","17,600,000","53,600,000","26,000,000","28,500,000","9,400,000","9,600,000","7,300,000","5,300,000","3,600,000","10,200,000","5,800,000","3,000,000","16,700,000","-800,000","3,600,000","17,200,000","3,400,000","2,700,000","2,100,000","2,700,000","2,200,000","900,000","1,800,000","1,100,000","1,200,000","1,100,000","-100,000",,,,,,,,,,,,,
		ImpairmentOfCapitalAssets,,,,,,,,,,,,,,,"0","0",,,"0","370,000,000",,,,,,,,,,,,,,,,,,,,,,,,,,,,,,,,,,,,,,,,,,,,,,,,,,,,,,,,,,,,,,,,,,,,,,,,,,,,,,,,,,,,,,,,,,,,,,,,,,,,,,,,,,,,,,,,,,,,,,,,,,,,,,
		GainOnSaleOfBusiness,"2,000,000","1,000,000","1,000,000","0","0","1,000,000","0","0","0","0","0","0","0","2,000,000","0","0",,,"0","1,000,000",,,,,"0","0","-270,000","643,000","1,705,000","111,477,000","5,136,000","10,283,000","10,511,000","6,900,000","3,140,000","1,534,000","249,024,000","-6,931,000",,,,,,,,,,,,,,,,,,,,,,,,,,,,,,,,,,,,,,,,,,,,,,,,,,,,,,,,,,,,,,,,,,,,,,,,,,,,,,,,,,,,,,,,,,,,,,,,,,,,,,,,,,,,
		GainOnSaleOfPPE,"-20,000,000","-2,000,000","-8,000,000","-8,000,000","-2,000,000","-5,000,000","-6,000,000","-6,000,000","-4,000,000","-4,000,000","-6,000,000","-7,000,000","-5,000,000","0","-5,000,000","-3,000,000","10,000,000","6,000,000","0","-5,000,000","-3,000,000","13,000,000","-3,000,000","0","4,000,000","-5,000,000","-4,045,000","21,368,000","-5,374,000","118,622,000","16,852,000","-7,947,000","-6,893,000","89,512,000","241,026,000","-1,701,000","-9,018,000","-5,434,000",,,,,,,,,,,,,,,,,,,,,,,,,,,,,,,,,,,,,,,,,,,,,,,,,,,,,,,,,,,,,,,,,,,,,,,,,,,,,,,,,,,,,,,,,,,,,,,,,,,,,,,,,,,,
	OtherNonOperatingIncomeExpenses,,,,,,,,,,"1,000,000",,,,,,,,"-1,000,000",,,,"-1,000,000",,,"-1,000,000","1,000,000","192,000","78,000","91,000","105,000","-121,000","95,000","100,000","86,000","135,000","47,000","321,000","-215,000",,,,,,,,,,,,,,,,,,,,,,,,,,,,,,,,,,,,,,,,,,,,,,,,,,,,,,,,,,,,,,,,,,,,,,,,,,,,,,,,,,,,,,,,,,,,,,,,,,,,,,,,,,,,
PretaxIncome,"175,000,000","84,000,000","17,000,000","49,000,000","25,000,000","89,000,000","12,000,000","89,000,000","73,000,000","76,000,000","15,000,000","39,000,000","46,000,000","85,000,000","17,000,000","51,000,000","70,000,000","77,000,000","6,000,000","-351,000,000","12,000,000","61,000,000","-11,000,000","33,000,000","40,000,000","20,000,000","-7,506,000","105,655,000","32,989,000","272,491,000","-34,632,000","-25,230,000","-29,850,000","31,008,000","-8,746,000","-16,034,000","264,357,000","18,079,000","-47,971,000","64,529,000","93,845,000","94,650,000","19,182,000","112,799,000","113,958,000","63,472,000","5,785,000","68,329,000","74,153,000","88,149,000","19,187,000","63,785,000","147,075,000","121,832,000","-318,655,000","140,710,000","121,964,000","122,109,000","73,760,000","108,670,000","241,708,000","122,363,000","98,712,000","55,927,000","88,170,000","68,786,000","68,111,000","62,536,000","66,220,000","32,205,000","70,861,000","34,906,000","63,860,000","23,005,000","17,151,000","89,103,000","53,020,000","-12,504,000","10,999,000","28,433,000","-144,598,000","79,240,000","65,767,000","99,883,000","99,013,000","63,484,000","49,459,000","176,564,000","99,625,000","80,758,000","35,700,000","101,200,000","330,300,000","48,800,000","54,800,000","62,100,000","57,100,000","214,300,000","42,900,000","62,900,000","57,200,000","32,400,000","17,700,000","49,300,000","121,000,000","53,400,000","14,800,000","63,200,000","27,400,000","26,800,000","2,600,000","13,000,000","6,500,000","-800,000","-10,000,000","0","-3,800,000","-8,900,000","7,800,000","-5,700,000","-3,100,000","9,100,000",,,,,"-4,400,000",,,"-3,300,000","-5,500,000",,"-5,300,000",,,,,,,,,,,,,
TaxProvision,"25,000,000","32,000,000","-11,000,000","14,000,000","-10,000,000","27,000,000","6,000,000","4,000,000","4,000,000","4,000,000","-3,000,000","15,000,000","14,000,000","27,000,000","-4,000,000","14,000,000","18,000,000","22,000,000","-268,000,000","-53,000,000","0","33,000,000","-6,000,000","15,000,000","13,000,000","11,000,000","-4,880,000","40,634,000","13,079,000","107,501,000","-12,528,000","-1,459,000","-10,399,000","12,604,000","-8,484,000","-6,433,000","120,682,000","7,369,000","-18,647,000","22,389,000","34,597,000","25,638,000","11,307,000","43,292,000","34,077,000","24,092,000","-7,285,000","25,051,000","28,181,000","34,198,000","2,582,000","22,541,000","57,748,000","31,232,000","-129,007,000","45,506,000","44,016,000","47,540,000","40,169,000","41,154,000","91,500,000","43,888,000","42,701,000","15,510,000","34,301,000","27,649,000","22,959,000","24,471,000","26,021,000","12,803,000","27,307,000","11,646,000","23,095,000","11,661,000","-1,719,000","47,364,000","22,247,000","-1,118,000","-3,662,000","16,269,000","-55,496,000","35,348,000","39,939,000","42,950,000","37,238,000","27,188,000","14,067,000","81,443,000","42,839,000","33,619,000","14,700,000","44,100,000","135,400,000","21,000,000","35,800,000","26,700,000","24,300,000","84,500,000","17,800,000","26,700,000","25,500,000","13,900,000","6,400,000","23,200,000","57,900,000","24,000,000","-4,900,000","30,900,000","3,300,000","3,200,000","1,400,000","2,200,000","300,000","1,000,000","1,200,000","800,000","400,000","300,000","-100,000","300,000","900,000","800,000",,,,,"0",,,"100,000","0",,"100,000",,,,,,,,,,,,,
NetIncomeCommonStockholders,"144,000,000","49,000,000","27,000,000","34,000,000","35,000,000","60,000,000","5,000,000","85,000,000","68,000,000","71,000,000","18,000,000","23,000,000","31,000,000","54,000,000","21,000,000","36,000,000","49,000,000","45,000,000","273,000,000","-299,000,000","12,000,000","26,000,000","-5,000,000","17,000,000","27,000,000","9,000,000","-1,663,000","63,594,000","19,352,000","160,064,000","-21,340,000","-22,165,000","-18,789,000","19,482,000","1,592,000","-9,859,000","143,391,000","4,914,000","-39,622,000","35,451,000","52,685,000","62,492,000","2,801,000","62,140,000","73,888,000","34,111,000","6,844,000","37,358,000","40,753,000","48,232,000","12,420,000","35,638,000","83,358,000","84,592,000","-200,118,000","89,949,000","72,602,000","70,557,000","29,207,000","63,555,000","147,571,000","74,401,000","54,105,000","35,875,000","51,086,000","37,492,000","42,486,000","34,620,000","37,936,000","16,898,000","40,496,000","21,309,000","37,984,000","9,232,000","4,564,000","41,739,000","29,114,000","-14,643,000","18,758,000","12,164,000","-89,102,000","43,892,000","32,992,000","53,127,000","57,369,000","30,388,000","23,334,000","71,754,000","50,680,000","47,139,000","21,000,000","57,100,000","194,900,000","27,800,000","19,000,000","35,400,000","32,800,000","129,800,000","25,100,000","36,200,000","31,700,000","18,500,000","11,300,000","26,100,000","63,100,000","29,400,000","19,700,000","32,300,000","24,100,000","23,600,000","1,200,000","10,800,000","6,200,000","-1,800,000","-11,200,000","-800,000","-4,200,000","-9,200,000","7,900,000","-6,000,000","-4,000,000","8,300,000","-8,400,000","-4,400,000","-6,200,000","-5,400,000","-4,400,000","-4,200,000","-2,700,000","-3,400,000","-5,500,000","-4,200,000","-5,400,000",,,,,,,,,,,,,
	NetIncome,"144,000,000","49,000,000","27,000,000","34,000,000","35,000,000","60,000,000","5,000,000","85,000,000","68,000,000","71,000,000","18,000,000","23,000,000","31,000,000","54,000,000","21,000,000","36,000,000","49,000,000","45,000,000","273,000,000","-299,000,000","12,000,000","26,000,000","-5,000,000","17,000,000","27,000,000","9,000,000","-1,663,000","63,594,000","19,352,000","160,064,000","-21,340,000","-22,165,000","-18,789,000","19,482,000","1,592,000","-9,859,000","143,391,000","4,914,000","-39,622,000","35,451,000","52,685,000","62,492,000","2,801,000","62,140,000","73,888,000","34,111,000","6,844,000","37,358,000","40,753,000","48,232,000","12,420,000","35,638,000","83,358,000","84,592,000","-200,118,000","89,949,000","72,602,000","70,557,000","29,207,000","63,555,000","147,571,000","74,401,000","54,105,000","35,875,000","51,086,000","37,492,000","42,486,000","34,620,000","37,936,000","16,898,000","40,496,000","21,309,000","37,984,000","9,232,000","4,564,000","41,739,000","29,114,000","-14,643,000","18,758,000","12,164,000","-89,102,000","43,892,000","32,992,000","53,127,000","57,369,000","30,388,000","23,334,000","71,754,000","50,680,000","47,139,000","21,000,000","57,100,000","194,900,000","27,800,000","19,000,000","35,400,000","32,800,000","129,800,000","25,100,000","36,200,000","31,700,000","18,500,000","11,300,000","26,100,000","63,100,000","29,400,000","19,700,000","32,300,000","24,100,000","23,600,000","1,200,000","10,800,000","6,200,000","-1,800,000","-11,200,000","-800,000","-4,200,000","-9,200,000","7,900,000","-6,000,000","-4,000,000","8,300,000","-8,400,000","-4,400,000","-6,200,000","-5,400,000","-4,400,000","-4,200,000","-2,700,000","-3,400,000","-5,500,000","-4,200,000","-5,400,000",,,,,,,,,,,,,
		NetIncomeIncludingNoncontrollingInterests,"150,000,000","52,000,000","28,000,000","35,000,000","35,000,000","62,000,000","6,000,000","85,000,000","69,000,000","72,000,000","18,000,000","24,000,000","32,000,000","58,000,000","21,000,000","37,000,000","52,000,000","55,000,000","274,000,000","-298,000,000","12,000,000","28,000,000","-5,000,000","18,000,000","27,000,000","9,000,000","-2,626,000","65,021,000","19,910,000","164,990,000","-22,104,000","-23,771,000","-19,451,000","18,404,000","-262,000","-9,601,000","143,675,000","10,710,000","-29,324,000","42,140,000","59,248,000","69,012,000","7,875,000","69,507,000","79,881,000","39,380,000","13,070,000","43,278,000","45,972,000","53,951,000","16,605,000","41,244,000","89,327,000","90,600,000","-189,648,000","95,204,000","77,948,000","74,569,000","33,591,000","67,516,000","150,208,000","78,475,000","56,011,000","40,417,000","53,869,000","41,137,000","45,152,000","38,065,000","40,199,000","19,402,000","43,554,000","23,260,000","40,765,000","11,344,000","6,927,000","46,372,000","30,773,000","-11,386,000","26,048,000","14,758,000","-87,881,000","46,325,000","35,952,000","55,164,000","60,239,000","32,667,000","24,162,000","74,245,000","53,975,000","48,154,000","21,900,000","60,200,000","196,500,000","29,300,000","20,600,000","37,100,000","34,300,000","131,000,000","27,100,000","39,200,000","36,100,000","21,300,000","16,400,000","29,300,000","66,400,000","31,500,000","21,900,000","34,300,000","26,000,000","25,500,000","2,700,000","12,200,000","7,400,000","-700,000","-10,400,000","0","-3,000,000","-8,400,000","8,200,000","-5,400,000","-3,200,000","9,200,000","-8,100,000","-3,600,000","-5,900,000","-5,300,000","-4,700,000","-4,000,000","-2,700,000","-3,200,000","-5,900,000","-4,300,000","-5,300,000","-3,200,000","-1,700,000","-1,700,000","-1,600,000","-1,600,000","-1,100,000","-1,000,000","-1,000,000","-1,000,000","-700,000","-700,000","-600,000","-600,000"
			NetIncomeContinuousOperations,"150,000,000","52,000,000","28,000,000","35,000,000","35,000,000","62,000,000","6,000,000","85,000,000","69,000,000","72,000,000","18,000,000","24,000,000","32,000,000","58,000,000","21,000,000","37,000,000","52,000,000","55,000,000","274,000,000","-298,000,000","12,000,000","28,000,000","-5,000,000","18,000,000","27,000,000","9,000,000","-2,626,000","65,021,000","19,910,000","164,990,000","-22,104,000","-23,771,000","-19,451,000","18,404,000","-262,000","-9,601,000","143,675,000","10,710,000","-29,324,000","42,140,000","59,248,000","69,012,000","7,875,000","69,507,000","79,881,000","39,380,000","13,070,000","43,278,000","45,972,000","53,951,000","16,605,000","41,244,000","89,327,000","90,600,000","-175,035,000","89,949,000","72,602,000","70,557,000","29,207,000","63,555,000","147,571,000","74,401,000","54,105,000","35,875,000","51,086,000","37,492,000","42,486,000","34,620,000","37,936,000","16,898,000","40,496,000","21,309,000","37,984,000","9,232,000","18,910,000","41,739,000","29,114,000","-14,643,000","14,661,000","12,164,000","-89,102,000","43,892,000","33,014,000","54,896,000","58,905,000","34,017,000","35,392,000","95,121,000","56,786,000","47,139,000","21,000,000","57,100,000","194,900,000","27,800,000","19,000,000","35,400,000","32,800,000","129,800,000","25,100,000","36,200,000","31,700,000","18,500,000","11,300,000","26,100,000","63,100,000","29,400,000","19,700,000","32,300,000","24,100,000","23,600,000","1,200,000","10,800,000","6,200,000","-1,800,000","-11,200,000","-800,000","-4,200,000","-9,200,000","7,900,000","-6,000,000","-4,000,000","8,300,000","-8,400,000","-4,400,000","-6,200,000","-5,400,000","-4,400,000","-4,200,000","-2,700,000","-3,400,000","-5,500,000","-4,200,000","-5,400,000","-3,200,000","-1,700,000","-1,700,000","-1,600,000","-1,600,000","-1,100,000","-1,000,000","-1,000,000","-1,000,000","-700,000","-700,000","-600,000","-600,000"
			NetIncomeFromTaxLossCarryforward,,,,,,,,,,,,,,,,,,,,,,,,,,,,,,,,,,,,,,,,,,,,,,,,,,,,,,,,,,,,,,,,,,,,,,,,,,,,,,,,,,,"-22,000","-1,769,000","-1,536,000","-3,629,000","-7,397,000","-23,367,000","-6,106,000",,,,,,,,,,,,,,,,,,,,,,,,,,,,,,,,,,,,,,,,,,,,,,,,,,,,,,,,,
		MinorityInterests,"-6,000,000","-3,000,000","-1,000,000","-1,000,000","0","-2,000,000","-1,000,000","0","-1,000,000","-1,000,000","0","-1,000,000","-1,000,000","-4,000,000","0","-1,000,000","-3,000,000","-10,000,000","-1,000,000","-1,000,000","0","-2,000,000","0","-1,000,000","0","0","963,000","-1,427,000","-558,000","-4,926,000","764,000","1,606,000","662,000","1,078,000","1,854,000","-258,000","-284,000","-5,796,000","-10,298,000","-6,689,000","-6,563,000","-6,520,000","-5,074,000","-7,367,000","-5,993,000","-5,269,000","-6,226,000","-5,920,000","-5,219,000","-5,719,000","-4,185,000","-5,606,000","-5,969,000","-6,008,000","-10,470,000","-5,255,000","-5,346,000","-4,012,000","-4,384,000","-3,961,000","-2,637,000","-4,074,000","-1,906,000","-4,542,000","-2,783,000","-3,645,000","-2,666,000","-3,445,000","-2,263,000","-2,504,000","-3,058,000","-1,951,000","-2,781,000","-2,112,000","-2,363,000","-4,633,000","-1,659,000","-3,257,000","-7,290,000","-2,594,000","-1,221,000","-2,433,000","-2,960,000","-2,037,000","-2,870,000","-2,279,000","-828,000","-2,491,000","-3,295,000","-1,015,000","-900,000","-3,100,000","-1,600,000","-1,500,000","-1,600,000","-1,700,000","-1,500,000","-1,200,000","-2,000,000","-3,000,000","-4,400,000","-2,800,000","-5,100,000","-3,200,000","-3,300,000","-2,100,000","-2,200,000","-2,000,000","-1,900,000","-1,900,000","-1,500,000","-1,400,000","-1,200,000","-1,100,000","-800,000","-800,000","-1,200,000","-800,000","-300,000","-600,000","-800,000","-900,000","-300,000","-800,000","-300,000","-100,000","300,000","-200,000",,"-200,000","400,000","100,000","-100,000",,,,,,,,,,,,,
DilutedNIAvailtoComStockholders,"144,000,000","49,000,000","27,000,000","34,000,000","35,000,000","60,000,000","5,000,000","85,000,000","68,000,000","71,000,000","18,000,000","23,000,000","31,000,000","54,000,000","21,000,000","36,000,000","49,000,000","45,000,000","273,000,000","-299,000,000","12,000,000","26,000,000","-5,000,000","17,000,000","27,000,000","9,000,000","-1,663,000","63,594,000","19,352,000","160,064,000","-21,340,000","-22,165,000","-18,789,000","19,482,000","1,592,000","-9,859,000","143,391,000","4,914,000","-39,622,000","35,451,000","52,685,000","62,492,000","2,801,000","62,140,000","73,888,000","34,111,000","6,844,000","37,358,000","40,753,000","48,232,000","12,420,000","35,638,000","83,358,000","84,592,000","-200,118,000","89,949,000","72,602,000","70,557,000","29,207,000","63,555,000","147,571,000","74,401,000","54,105,000","35,875,000","51,086,000","37,492,000","42,486,000","34,620,000","37,936,000","16,898,000","40,496,000","21,309,000","37,984,000","9,232,000","4,564,000","41,739,000","29,114,000","-14,643,000","18,758,000","12,164,000","-89,102,000","43,892,000","32,992,000","53,127,000","57,369,000","30,388,000","23,334,000","71,754,000","50,680,000","47,139,000","21,000,000","57,100,000","194,900,000","27,800,000","19,000,000","35,400,000","32,800,000","129,800,000","25,100,000","36,200,000","31,700,000","18,500,000","11,300,000","26,100,000","63,100,000","29,400,000","19,700,000","32,300,000","24,100,000","23,600,000","1,200,000","10,800,000","6,200,000","-1,800,000","-11,200,000","-800,000","-4,200,000","-9,200,000","7,900,000","-6,000,000","-4,000,000","8,300,000","-8,400,000","-4,400,000","-6,200,000","-5,400,000","-4,400,000","-4,200,000","-2,700,000","-3,400,000","-5,500,000","-4,200,000","-5,400,000",,,,,,,,,,,,,
BasicEPS,,"0.57","0.31","0.39","0.4","0.7","0.06","0.98","0.79","0.82","0.21","0.27","0.36","0.63","0.24","0.42","0.57","0.52","3.21","-3.51","0.14","0.31",,"0.2","0.32","0.1","-0.02","0.75","0.23","1.9","-0.25","-0.26","-0.22","0.23","0.02","-0.12","1.71","0.06",,"0.42","0.62","0.74",,"0.73","0.87","0.4",,"0.43","0.47","0.56",,"0.41","0.96","0.97",,"1.03","0.83","0.81",,"0.72","1.68","0.85",,"0.41","0.59","0.43",,"0.4","0.44","0.2",,"0.25","0.44","0.11",,"0.48","0.34","-0.17",,"0.14","-1.04","0.51",,"0.61","0.66","0.35",,"0.84","0.59","0.54",,"0.65","2.23","0.32",,"0.41","0.38","1.49",,"0.42","0.37","0.21",,"0.3","0.73","0.35",,"0.38","0.29","0.29",,"0.13","0.08","-0.02",,"-0.01","-0.08","-0.17",,"-0.12","-0.08","0.15",,"-0.1","-0.18","-0.18",,"-0.15","-0.09","-0.12",,"-0.15","-0.19","-0.11",,"-0.06","-0.06","-0.06",,"-0.06","-0.05","-0.05",,"-0.02","-0.02","-0.02"
DilutedEPS,,"0.57","0.31","0.38","0.39","0.69","0.06","0.97","0.78","0.81","0.2","0.27","0.35","0.62","0.23","0.41","0.56","0.52","3.18","-3.51","0.14","0.31",,"0.2","0.32","0.1","-0.02","0.75","0.23","1.89","-0.25","-0.26","-0.22","0.23","0.02","-0.12","1.69","0.06",,"0.42","0.62","0.73",,"0.73","0.87","0.396",,"0.43","0.47","0.55",,"0.41","0.96","0.97",,"1.02","0.83","0.8",,"0.72","1.67","0.84",,"0.41","0.58","0.43",,"0.39","0.43","0.19",,"0.25","0.44","0.11",,"0.48","0.34","-0.17",,"0.14","-1.04","0.51",,"0.6","0.65","0.35",,"0.81","0.57","0.52",,"0.63","2.22","0.32",,"0.41","0.38","1.49",,"0.42","0.37","0.21",,"0.3","0.73","0.34",,"0.38","0.29","0.29",,"0.13","0.08","-0.02",,"-0.01","-0.08","-0.17",,"-0.12","-0.08","0.15",,"-0.1","-0.18","-0.18",,"-0.15","-0.09","-0.12",,"-0.15","-0.19","-0.11",,"-0.06","-0.06","-0.06",,"-0.06","-0.05","-0.05",,"-0.02","-0.02","-0.02"
BasicAverageShares,,"86,000,000","86,000,000","86,000,000","87,000,000","86,000,000","86,000,000","86,000,000","86,000,000","86,000,000","86,000,000","86,000,000","87,000,000","86,000,000","86,000,000","86,000,000","86,000,000","85,000,000","85,000,000","85,000,000","85,000,000","85,000,000",,"85,000,000","85,000,000","84,000,000","84,320,000","84,333,000","84,293,000","84,042,000","84,066,000","84,233,000","84,341,000","84,213,000","84,181,000","84,005,000","83,845,000","83,838,000",,"84,737,000","84,707,000","84,570,000",,"84,547,000","84,930,000","85,484,000",,"85,992,000","86,425,000","86,576,000",,"86,848,000","86,992,000","87,196,000",,"87,460,000","87,571,000","87,571,000",,"87,757,000","87,590,000","87,882,000",,"87,281,000","87,281,000","87,213,000",,"86,904,000","86,708,000","86,405,000",,"86,278,000","86,199,000","86,153,000",,"86,142,000","86,134,000","86,121,000",,"86,095,000","86,083,000","86,053,000",,"86,394,000","86,311,000","85,989,000",,"85,685,000","86,277,000","87,599,000",,"87,846,154","87,399,103","86,875,000",,"86,341,463","86,315,789","87,114,094",,"86,190,476","85,675,676","88,095,238",,"87,000,000","86,438,356","84,000,000",,"85,000,000","83,103,448","81,379,310",,"83,076,923","77,500,000","90,000,000",,"53,600,000","52,500,000","54,117,647",,"50,000,000","50,000,000","55,333,333",,"44,000,000","34,444,444","30,000,000",,"28,000,000","30,000,000","28,333,333",,"28,000,000","28,421,053","28,188,000",,"28,188,000","28,188,000","28,188,000",,"27,738,000","27,738,000","27,738,000",,"27,738,000","27,738,000","27,738,000"
DilutedAverageShares,,"87,000,000","87,000,000","87,000,000","88,000,000","88,000,000","88,000,000","88,000,000","87,000,000","88,000,000","88,000,000","88,000,000","88,000,000","88,000,000","88,000,000","87,000,000","86,000,000","86,000,000","86,000,000","85,000,000","86,000,000","86,000,000",,"85,000,000","85,000,000","85,000,000","84,320,000","84,947,000","84,892,000","84,838,000","84,066,000","84,233,000","84,341,000","85,065,000","85,033,000","84,005,000","84,661,000","84,403,000",,"85,152,000","85,061,000","85,133,000",,"84,940,000","85,397,000","86,101,000",,"86,428,000","86,787,000","86,978,000",,"87,128,000","86,992,000","87,446,000",,"87,833,000","87,872,000","88,064,000",,"88,589,000","88,410,000","88,688,000",,"88,092,000","88,083,000","87,807,000",,"87,661,000","87,375,000","87,125,000",,"86,797,000","86,653,000","86,704,000",,"89,599,000","86,501,000","86,121,000",,"86,095,000","86,083,000","86,053,000",,"88,545,000","88,260,000","85,989,000",,"88,585,185","88,912,281","90,651,923",,"90,634,921","87,792,793","86,875,000",,"86,341,463","86,315,789","87,114,094",,"86,190,476","85,675,676","88,095,238",,"87,000,000","86,438,356","86,470,588",,"85,000,000","83,103,448","81,379,310",,"83,076,923","77,500,000","90,000,000",,"53,600,000","52,500,000","54,117,647",,"50,000,000","50,000,000","55,333,333",,"44,000,000","34,444,444","30,000,000",,"28,000,000","30,000,000","28,333,333",,"28,000,000","28,421,053","28,188,000",,"28,188,000","28,188,000","28,188,000",,"27,738,000","27,738,000","27,738,000",,"27,738,000","27,738,000","27,738,000"
TotalOperatingIncomeAsReported,"157,000,000","71,000,000","5,000,000","45,000,000","36,000,000","84,000,000","5,000,000","65,000,000","53,000,000","50,000,000","-3,000,000","20,000,000","30,000,000","64,000,000","3,000,000","34,000,000","56,000,000","65,000,000","-3,000,000","-360,000,000","5,000,000","54,000,000","-29,000,000","9,000,000","18,000,000","-1,000,000","-23,595,000","77,725,000","8,499,000","250,313,000","-49,554,000","-51,354,000","-50,307,000","7,825,000","-30,486,000","-43,207,000","219,092,000","1,466,000","-60,788,000","48,079,000","84,163,000","85,202,000","16,316,000","101,620,000","102,390,000","57,043,000","-5,587,000","59,833,000","63,504,000","78,785,000","13,026,000","57,692,000","140,919,000","114,770,000","-329,115,000","119,957,000","117,902,000","118,966,000","63,265,000","100,939,000","123,472,000","108,523,000","63,645,000","77,327,000","79,553,000","71,721,000","71,629,000","66,221,000","67,064,000","36,237,000","41,601,000","42,009,000","65,870,000","28,282,000","21,338,000","97,031,000","54,459,000","-6,189,000","37,576,000","64,695,000","100,049,000","78,846,000","72,426,000","92,677,000","93,626,000","58,483,000","41,677,000","94,528,000","94,955,000","61,153,000","35,400,000","95,200,000","72,500,000","51,900,000","30,200,000","62,200,000","50,000,000","32,900,000","18,600,000","44,500,000","41,700,000","22,900,000","11,900,000","32,900,000","29,800,000","11,500,000","5,800,000","17,700,000","10,600,000","7,700,000","1,400,000","10,800,000","5,300,000","-1,100,000","-5,900,000","300,000","600,000","-3,300,000","-2,800,000","900,000","-700,000","-2,700,000","-7,400,000","-3,000,000","-3,100,000","-3,900,000","-3,400,000","-1,700,000","-1,800,000","-2,100,000","-4,900,000","-3,700,000","-4,100,000",,,,,,,,,,,,,
TotalExpenses,"3,934,000,000","938,000,000","1,057,000,000","963,000,000","976,000,000","935,000,000","1,062,000,000","956,000,000","916,000,000","909,000,000","1,049,000,000","1,004,000,000","938,000,000","904,000,000","1,043,000,000","964,000,000","928,000,000","883,000,000","1,031,000,000","949,000,000","955,000,000","895,000,000","1,017,000,000","1,001,000,000","966,000,000","954,000,000","1,006,315,000","1,013,192,000","963,499,000","945,031,000","1,080,286,000","1,054,109,000","1,011,698,000","1,014,398,000","1,177,376,000","982,276,000","1,016,044,000","1,067,915,000","1,148,703,000","1,080,951,000","1,020,237,000","1,006,919,000","1,079,449,000","1,018,519,000","973,792,000","1,000,049,000","1,058,020,000","1,000,948,000","966,389,000","945,252,000","1,033,971,000","1,000,608,000","901,631,000","937,994,000","995,324,000","971,918,000","942,690,000","918,890,000","960,845,000","914,895,000","848,174,000","826,151,000","838,474,000","811,196,000","766,151,000","765,515,000","715,716,000","729,285,000","674,858,000","672,198,000","677,930,000","706,204,000","646,355,000","629,368,000","668,378,000","560,312,000","585,351,000","602,103,000","543,201,000","532,876,000","427,661,000","399,574,000","406,322,000","408,347,000","381,663,000","381,286,000","503,020,000","319,671,000","302,702,000","298,934,000","321,700,000","278,000,000","288,500,000","274,100,000","283,100,000","251,700,000","240,100,000","212,300,000","224,300,000","187,500,000","175,900,000","161,700,000","185,600,000","154,700,000","144,900,000","136,500,000","131,200,000","120,900,000","106,500,000","92,000,000","94,200,000","79,100,000","75,400,000","67,300,000","78,000,000","68,900,000","57,700,000","51,100,000","50,900,000","43,700,000","41,400,000","33,500,000","37,600,000","30,500,000","27,300,000","21,700,000","21,600,000","18,300,000","17,000,000","15,200,000","17,700,000","14,700,000","13,500,000",,,,,,,,,,,,,
NetIncomeFromContinuingAndDiscontinuedOperation,"144,000,000","49,000,000","27,000,000","34,000,000","35,000,000","60,000,000","5,000,000","85,000,000","68,000,000","71,000,000","18,000,000","23,000,000","31,000,000","54,000,000","21,000,000","36,000,000","49,000,000","45,000,000","273,000,000","-299,000,000","12,000,000","26,000,000","-5,000,000","17,000,000","27,000,000","9,000,000","-1,663,000","63,594,000","19,352,000","160,064,000","-21,340,000","-22,165,000","-18,789,000","19,482,000","1,592,000","-9,859,000","143,391,000","4,914,000","-39,622,000","35,451,000","52,685,000","62,492,000","2,801,000","62,140,000","73,888,000","34,111,000","6,844,000","37,358,000","40,753,000","48,232,000","12,420,000","35,638,000","83,358,000","84,592,000","-200,118,000","89,949,000","72,602,000","70,557,000","29,207,000","63,555,000","147,571,000","74,401,000","54,105,000","35,875,000","51,086,000","37,492,000","42,486,000","34,620,000","37,936,000","16,898,000","40,496,000","21,309,000","37,984,000","9,232,000","18,910,000","41,739,000","29,114,000","-14,643,000","14,661,000","12,164,000","-89,102,000","43,892,000","33,014,000","54,896,000","58,905,000","34,017,000","35,392,000","95,121,000","56,786,000","47,139,000","21,000,000","57,100,000","194,900,000","27,800,000","19,000,000","35,400,000","32,800,000","129,800,000","25,100,000","36,200,000","31,700,000","18,500,000","11,300,000","26,100,000","63,100,000","29,400,000","19,700,000","32,300,000","24,100,000","23,600,000","1,200,000","10,800,000","6,200,000","-1,800,000","-11,200,000","-800,000","-4,200,000","-9,200,000","7,900,000","-6,000,000","-4,000,000","8,300,000","-8,400,000","-4,400,000","-6,200,000","-5,400,000","-4,400,000","-4,200,000","-2,700,000","-3,400,000","-5,500,000","-4,200,000","-5,400,000",,,,,,,,,,,,,
NormalizedIncome,"159,428,571.429","49,616,000","32,110,000","39,632,000","36,460,000","62,784,000","10,110,000","87,889,000","71,780,000","74,800,000","22,380,000","27,382,000","34,495,000","52,628,000","24,650,000","38,154,000","41,610,000","40,728,000","273,000,000","18,527,065.527","14,919,000","18,200,000","-3,200,000","17,000,000","24,272,000","12,000,000","926,000","50,057,235","21,568,076","20,854,105","-35,373,920.998","-24,365,913.833","-21,147,936","-43,185,800","-157,134,750","-9,758,800","-24,655,450","12,951,250","-22,839,754.56","42,717,372.949","55,183,208.066","62,344,716.07","7,025,350","56,222,609.589","64,391,274.996","34,188,553.882","13,624,800","37,750,693.585","40,460,378.205","48,271,782.811","24,311,869.756","35,052,818.217","83,359,214.714","84,383,778.843","21,712,200","83,091,686.803","76,193,140.107","72,727,952.141","61,025,150","63,443,788.405","76,771,121.535","66,784,571.014","39,216,000","51,419,722.048","51,171,535.443","25,681,000","-29,129,019.013","35,040,604.372","28,076,864.407","8,060,013.973","7,903,488.492","10,726,519.624","26,872,888.35","350,200","23,289,400","33,744,000","22,436,600","-1,047,001.44","16,863,600","24,818,600","56,410,480.02","37,401,200","26,329,400","46,283,000","51,434,949.855","28,931,400","25,695,855.719","41,625,600","49,232,000","31,549,800","16,800,000","47,080,000","33,620,000","23,180,000","-2,720,000","28,500,000","21,760,000","13,022,398.507","3,740,000","18,440,000","15,800,000","7,700,000","638,418.079","10,860,000","2,800,000","-540,000","9,140,000","140,000","1,231,386.861","-1,497,014.925","-4,440,000","2,824,615.385","-763,076.923","-4,980,000","-13,360,000","-11,000,000","-7,680,000","-11,000,000","-2,120,000","-5,520,000","-6,160,000","-7,387,912.088","-10,440,000","-6,020,000","-7,460,000","-7,020,000","-6,600,000","-4,740,000","-3,780,000","-4,060,000","-6,700,000","-4,860,000","-5,340,000",,,,,,,,,,,,,
InterestIncome,"5,000,000","1,000,000","1,000,000","1,000,000","2,000,000","2,000,000","2,000,000","2,000,000","1,000,000","4,000,000","3,000,000","4,000,000","5,000,000","6,000,000","5,000,000","4,000,000","3,000,000","4,000,000","2,000,000","2,000,000","2,000,000","3,000,000","16,000,000","14,000,000","14,000,000","13,000,000","10,498,000","9,299,000","8,969,000","7,566,000","6,119,000","3,572,000","1,573,000","884,000","994,000","1,095,000","969,000","903,000","821,000","935,000","845,000","1,043,000","929,000","869,000","748,000","849,000","824,000","1,101,000","862,000","1,021,000","949,000","1,420,000","751,000","477,000",,,,,,,,,,,,,,,,,,,,,,,,,,,,,,,,,,,,,,,,,,,,,,,,,,,,,,,,,,,,,,,,,,,,,,,,,,,,,,,,,,,,,,,,,,,,
InterestExpense,"169,000,000","33,000,000","31,000,000","45,000,000","60,000,000","39,000,000","36,000,000","29,000,000","25,000,000","24,000,000","23,000,000","29,000,000","29,000,000","29,000,000","29,000,000","29,000,000","29,000,000","29,000,000","28,000,000","28,000,000","28,000,000","28,000,000","29,000,000","28,000,000","28,000,000","28,000,000","24,955,000","21,121,000","20,154,000","19,964,000","14,674,000","13,514,000","14,336,000","14,862,000","11,570,000","11,329,000","10,154,000","10,910,000","7,121,000","9,501,000","12,360,000","13,411,000","13,709,000","11,522,000","25,197,000","15,186,000","12,637,000","15,956,000","16,438,000","16,286,000","18,600,000","19,358,000","19,387,000","19,022,000",,,,,,,,,,,,,,,,,,,,,,,,,,,,,,,,,,,,,,,,,,,,,,,,,,,,,,,,,,,,,,,,,,,,,,,,,,,,,,,,,,,,,,,,,,,,
NetInterestIncome,"-164,000,000","-32,000,000","-30,000,000","-44,000,000","-58,000,000","-37,000,000","-34,000,000","-27,000,000","-24,000,000","-20,000,000","-20,000,000","-25,000,000","-24,000,000","-23,000,000","-24,000,000","-25,000,000","-26,000,000","-25,000,000","-26,000,000","-26,000,000","-26,000,000","-25,000,000","-13,000,000","-14,000,000","-14,000,000","-15,000,000","-14,457,000","-11,822,000","-11,185,000","-12,398,000","-8,555,000","-9,942,000","-12,763,000","-13,978,000","-10,576,000","-10,234,000","-9,185,000","-10,007,000","-6,300,000","-8,566,000","-11,515,000","-12,368,000","-12,780,000","-10,653,000","-24,449,000","-14,337,000","-11,813,000","-14,855,000","-15,576,000","-15,265,000","-17,651,000","-17,938,000","-18,636,000","-18,545,000",,,,,,,,,,,,,,,,,,,,,,,,,,,,,,,,,,,,,,,,,,,,,,,,,,,,,,,,,,,,,,,,,,,,,,,,,,,,,,,,,,,,,,,,,,,,
EBIT,"344,000,000","117,000,000","48,000,000","94,000,000","85,000,000","128,000,000","48,000,000","118,000,000","98,000,000","100,000,000","38,000,000","68,000,000","75,000,000","114,000,000","46,000,000","80,000,000","99,000,000","106,000,000","34,000,000","-323,000,000","40,000,000","89,000,000","18,000,000","61,000,000","68,000,000","48,000,000","17,449,000","126,776,000","53,143,000","292,455,000","-19,958,000","-11,716,000","-15,514,000","45,870,000","2,824,000","-4,705,000","274,511,000","28,989,000","-40,850,000","74,030,000","106,205,000","108,061,000","32,891,000","124,321,000","139,155,000","78,658,000","18,422,000","84,285,000","90,591,000","104,435,000","37,787,000","83,143,000","166,462,000","140,854,000","-213,507,000","119,957,000","117,902,000","118,966,000","63,265,000","100,939,000","123,472,000","108,523,000","63,645,000","77,327,000","79,553,000","71,721,000","71,629,000","66,221,000","67,064,000","36,237,000","41,601,000","42,009,000","65,870,000","28,282,000","21,338,000","97,031,000","54,459,000","-6,189,000","37,576,000","64,695,000","100,049,000","78,846,000","72,426,000","92,677,000","93,626,000","58,483,000","41,677,000","94,528,000","94,955,000","61,153,000","35,400,000","95,200,000","72,500,000","51,900,000","30,200,000","62,200,000","50,000,000","32,900,000","18,600,000","44,500,000","41,700,000","22,900,000","11,900,000","32,900,000","29,800,000","11,500,000","5,800,000","17,700,000","10,600,000","7,700,000","1,400,000","10,800,000","5,300,000","-1,100,000","-5,900,000","300,000","600,000","-3,300,000","-2,800,000","900,000","-700,000","-2,700,000","-7,400,000","-3,000,000","-3,100,000","-3,900,000","-3,400,000","-1,700,000","-1,800,000","-2,100,000","-4,900,000","-3,700,000","-4,100,000","7,100,000","-22,000,000","4,500,000","4,500,000","4,500,000","-13,500,000","2,600,000","2,600,000","2,500,000","-10,600,000","1,800,000","1,700,000","1,700,000"
EBITDA,"1,023,000,000"
ReconciledCostOfRevenue,"1,890,000,000","442,000,000","528,000,000","457,000,000","462,000,000","460,000,000","521,000,000","459,000,000","416,000,000","397,000,000","492,000,000","467,000,000","418,000,000","409,000,000","507,000,000","457,000,000","428,000,000","398,000,000","505,000,000","446,000,000","450,000,000","403,000,000","470,000,000","476,000,000","455,000,000","440,000,000","462,689,000","486,238,000","449,947,000","428,978,000","544,778,000","507,612,000","459,109,000","451,081,000","524,285,000","370,823,000","409,337,000","457,990,000","530,351,000","497,274,000","434,927,000","420,200,000","467,958,000","438,754,000","396,415,000","411,963,000","446,874,000","407,312,000","375,507,000","368,182,000","408,233,000","394,812,000","350,861,000","385,704,000","415,507,000","378,057,000","368,846,000","365,053,000","357,772,000","350,141,000","327,424,000","321,963,000","322,117,000","305,097,000","283,971,000","298,171,000","294,606,000","289,365,000","264,715,000","266,959,000","256,756,000","280,785,000","255,069,000","257,411,000","317,078,000","207,107,000","204,394,000","202,730,000","197,057,000","187,962,000","154,726,000","138,288,000","130,277,000","151,059,000","134,234,000","129,572,000","238,794,000","89,089,000","80,497,000","81,781,000","87,000,000","73,100,000","89,300,000","84,400,000","80,100,000","76,900,000","72,900,000","58,000,000","70,900,000","60,500,000","56,300,000","49,700,000","63,500,000","45,400,000","44,700,000","39,100,000","34,500,000","36,300,000","30,000,000","24,600,000","26,600,000","21,000,000","21,100,000","17,500,000","27,900,000","26,600,000","20,500,000","17,000,000","16,100,000","14,400,000","15,200,000","12,200,000","13,400,000","14,300,000","10,700,000","7,800,000","9,100,000","8,200,000","6,900,000","5,600,000","6,700,000","6,800,000","6,200,000",,,,,,,,,,,,,
ReconciledDepreciation,"679,000,000","171,000,000","168,000,000","160,000,000","180,000,000","170,000,000","167,000,000","162,000,000","177,000,000","177,000,000","178,000,000","179,000,000","176,000,000","169,000,000","162,000,000","161,000,000","158,000,000","159,000,000","155,000,000","153,000,000","154,000,000","153,000,000","156,000,000","155,000,000","154,000,000","153,000,000","156,420,000","152,369,000","150,581,000","147,085,000","140,955,000","148,952,000","148,337,000","167,753,000","210,371,000","200,985,000","202,580,000","189,845,000","169,242,000","145,151,000","147,555,000","146,685,000","141,976,000","138,253,000","148,283,000","145,045,000","144,649,000","144,717,000","144,455,000","143,233,000","146,807,000","147,586,000","138,614,000","137,651,000","143,709,000","145,434,000","145,258,000","142,530,000","134,380,000","149,776,000","148,856,000","149,257,000","145,661,000","147,707,000","140,018,000","141,726,000","128,212,000","127,143,000","126,467,000","127,250,000","134,391,000","127,408,000","122,249,000","113,894,000","117,395,000","102,164,000","103,271,000","109,503,000","99,117,000","102,876,000","76,409,000","72,752,000","79,025,000","77,286,000","73,008,000","71,339,000","67,863,000","66,702,000","65,125,000","66,008,000","64,200,000","57,400,000","56,500,000","51,900,000","60,100,000","52,000,000","50,400,000","45,300,000","37,800,000","33,000,000","31,400,000","30,200,000","28,700,000","27,800,000","26,900,000","25,400,000","25,400,000","23,900,000","21,300,000","19,900,000","18,600,000","17,000,000","15,800,000","15,000,000","13,100,000","12,100,000","11,000,000","9,700,000","8,600,000","8,000,000","7,300,000","6,300,000","7,500,000","3,100,000","5,200,000","4,600,000","3,900,000","3,100,000","2,700,000","2,800,000","3,600,000","2,200,000","1,700,000",,,,,,,,,,,,,
NetIncomeFromContinuingOperationNetMinorityInterest,"144,000,000","49,000,000","27,000,000","34,000,000","35,000,000","60,000,000","5,000,000","85,000,000","68,000,000","71,000,000","18,000,000","23,000,000","31,000,000","54,000,000","21,000,000","36,000,000","49,000,000","45,000,000","273,000,000","-299,000,000","12,000,000","26,000,000","-5,000,000","17,000,000","27,000,000","9,000,000","-1,663,000","63,594,000","19,352,000","160,064,000","-21,340,000","-22,165,000","-18,789,000","19,482,000","1,592,000","-9,859,000","143,391,000","4,914,000","-39,622,000","35,451,000","52,685,000","62,492,000","2,801,000","62,140,000","73,888,000","34,111,000","6,844,000","37,358,000","40,753,000","48,232,000","12,420,000","35,638,000","83,358,000","84,592,000","-200,118,000","89,949,000","72,602,000","70,557,000","29,207,000","63,555,000","147,571,000","74,401,000","54,105,000","35,875,000","51,086,000","37,492,000","42,486,000","34,620,000","37,936,000","16,898,000","40,496,000","21,309,000","37,984,000","9,232,000","18,910,000","41,739,000","29,114,000","-14,643,000","14,661,000","12,164,000","-89,102,000","43,892,000","33,014,000","54,896,000","58,905,000","34,017,000","35,392,000","95,121,000","56,786,000","47,139,000","21,000,000","57,100,000","194,900,000","27,800,000","19,000,000","35,400,000","32,800,000","129,800,000","25,100,000","36,200,000","31,700,000","18,500,000","11,300,000","26,100,000","63,100,000","29,400,000","19,700,000","32,300,000","24,100,000","23,600,000","1,200,000","10,800,000","6,200,000","-1,800,000","-11,200,000","-800,000","-4,200,000","-9,200,000","7,900,000","-6,000,000","-4,000,000","8,300,000","-8,400,000","-4,400,000","-6,200,000","-5,400,000","-4,400,000","-4,200,000","-2,700,000","-3,400,000","-5,500,000","-4,200,000","-5,400,000",,,,,,,,,,,,,
TotalUnusualItemsExcludingGoodwill,"-18,000,000","-1,000,000","-7,000,000","-8,000,000","-2,000,000","-4,000,000","-7,000,000","-3,000,000","-4,000,000","-4,000,000","-6,000,000","-7,000,000","-5,000,000","2,000,000","-5,000,000","-3,000,000","10,000,000","6,000,000","0","-374,000,000","-3,000,000","13,000,000","-3,000,000","0","4,000,000","-5,000,000","-4,315,000","22,011,000","-3,669,000","230,099,000","21,988,000","2,336,000","3,618,000","96,412,000","244,195,000","-167,000","258,533,000","-12,365,000","-27,454,000","-11,127,000","-3,957,000","202,000","-6,499,000","9,603,000","13,548,000","-125,000","-10,432,000","-620,000","472,000","-65,000","-13,741,000","905,000","-2,000","280,000","-369,717,000","10,135,000","-5,619,000","-3,555,000","-48,951,000","179,000","113,928,000","11,876,000","24,815,000","-21,510,000","-140,000","19,685,000","108,030,000","-691,000","16,241,000","14,670,000","53,027,000","15,881,000","17,406,000","14,803,000","-7,299,000","13,325,000","11,129,000","-14,931,000","-3,671,000","-21,091,000","-236,143,000","10,818,000","11,141,000","14,355,000","11,973,000","8,476,000","13,550,000","89,159,000","12,590,000","25,982,000","7,000,000","16,700,000","268,800,000","7,700,000","36,200,000","11,500,000","18,400,000","192,800,000","35,600,000","29,600,000","26,500,000","18,000,000","16,700,000","25,400,000","100,500,000","49,900,000","17,600,000","53,600,000","26,000,000","28,500,000","9,400,000","9,600,000","7,300,000","5,300,000","3,600,000","10,200,000","5,800,000","3,000,000","16,700,000","-800,000","3,600,000","17,200,000","3,400,000","2,700,000","2,100,000","2,700,000","2,200,000","900,000","1,800,000","1,100,000","1,200,000","1,100,000","-100,000",,,,,,,,,,,,,
TotalUnusualItems,"-18,000,000","-1,000,000","-7,000,000","-8,000,000","-2,000,000","-4,000,000","-7,000,000","-3,000,000","-4,000,000","-4,000,000","-6,000,000","-7,000,000","-5,000,000","2,000,000","-5,000,000","-3,000,000","10,000,000","6,000,000","0","-374,000,000","-3,000,000","13,000,000","-3,000,000","0","4,000,000","-5,000,000","-4,315,000","22,011,000","-3,669,000","230,099,000","21,988,000","2,336,000","3,618,000","96,412,000","244,195,000","-167,000","258,533,000","-12,365,000","-27,454,000","-11,127,000","-3,957,000","202,000","-6,499,000","9,603,000","13,548,000","-125,000","-10,432,000","-620,000","472,000","-65,000","-13,741,000","905,000","-2,000","280,000","-369,717,000","10,135,000","-5,619,000","-3,555,000","-48,951,000","179,000","113,928,000","11,876,000","24,815,000","-21,510,000","-140,000","19,685,000","108,030,000","-691,000","16,241,000","14,670,000","53,027,000","15,881,000","17,406,000","14,803,000","-7,299,000","13,325,000","11,129,000","-14,931,000","-3,671,000","-21,091,000","-236,143,000","10,818,000","11,141,000","14,355,000","11,973,000","8,476,000","13,550,000","89,159,000","12,590,000","25,982,000","7,000,000","16,700,000","268,800,000","7,700,000","36,200,000","11,500,000","18,400,000","192,800,000","35,600,000","29,600,000","26,500,000","18,000,000","16,700,000","25,400,000","100,500,000","49,900,000","17,600,000","53,600,000","26,000,000","28,500,000","9,400,000","9,600,000","7,300,000","5,300,000","3,600,000","10,200,000","5,800,000","3,000,000","16,700,000","-800,000","3,600,000","17,200,000","3,400,000","2,700,000","2,100,000","2,700,000","2,200,000","900,000","1,800,000","1,100,000","1,200,000","1,100,000","-100,000",,,,,,,,,,,,,
NormalizedEBITDA,"1,041,000,000","289,000,000","223,000,000","262,000,000","267,000,000","302,000,000","222,000,000","283,000,000","280,000,000","281,000,000","222,000,000","256,000,000","257,000,000","281,000,000","213,000,000","244,000,000","248,000,000","259,000,000","189,000,000","204,000,000","198,000,000","229,000,000","177,000,000","216,000,000","218,000,000","206,000,000","178,184,000","257,134,000","207,393,000","209,441,000","99,009,000","134,900,000","129,205,000","117,211,000","-31,000,000","196,447,000","218,558,000","231,199,000","155,846,000","230,308,000","257,717,000","254,544,000","181,366,000","256,382,000","273,890,000","223,828,000","173,503,000","229,622,000","234,574,000","247,733,000","198,335,000","229,824,000","305,078,000","278,225,000","299,919,000","255,256,000","268,779,000","265,051,000","246,596,000","250,536,000","158,400,000","245,904,000","184,491,000","246,544,000","219,711,000","193,762,000","91,811,000","194,055,000","177,290,000","148,817,000","122,965,000","153,536,000","170,713,000","127,373,000","146,032,000","185,870,000","146,601,000","118,245,000","140,364,000","188,662,000","412,601,000","140,780,000","140,310,000","155,786,000","154,839,000","121,522,000","95,990,000","72,071,000","147,490,000","101,179,000","92,600,000","135,900,000","-139,800,000","96,100,000","54,100,000","102,700,000","82,000,000","-114,600,000","20,800,000","47,900,000","46,600,000","35,100,000","23,900,000","35,300,000","-43,800,000","-13,000,000","13,600,000","-12,000,000","5,900,000","-900,000","10,600,000","18,300,000","13,800,000","8,600,000","3,600,000","2,200,000","5,800,000","3,400,000","-10,900,000","9,700,000","3,000,000","-13,600,000","-3,300,000","-1,400,000","0","-2,000,000","-1,700,000","500,000","-800,000","-400,000","-2,500,000","-2,600,000","-2,300,000","7,100,000","-22,000,000","4,500,000","4,500,000","4,500,000","-13,500,000","2,600,000","2,600,000","2,500,000","-10,600,000","1,800,000","1,700,000","1,700,000"
TaxRateForCalcs,"0.143","0.384","0.27","0.296","0.27","0.304","0.27","0.037","0.055","0.05","0.27","0.374","0.301","0.314","0.27","0.282","0.261","0.288","0.4","0.151","0.027","0.4","0.4","0.4","0.318","0.4","0.4","0.385","0.396","0.395","0.362","0.058","0.348","0.35","0.35","0.4","0.35","0.35","0.389","0.347","0.369","0.271","0.35","0.384","0.299","0.38","0.35","0.367","0.38","0.388","0.135","0.353","0.393","0.256","0.4","0.323","0.361","0.389","0.35","0.379","0.379","0.359","0.4","0.277","0.389","0.4","0.337","0.391","0.393","0.398","0.385","0.334","0.362","0.4","0.4","0.4","0.4","0.089","0.4","0.4","0.384","0.4","0.4","0.4","0.376","0.4","0.284","0.4","0.4","0.4","0.4","0.4","0.4","0.4","0.4","0.4","0.4","0.394","0.4","0.4","0.4","0.4","0.362","0.4","0.4","0.4","0.4","0.4","0.12","0.119","0.4","0.169","0.046","0.4","0.4","0","0.4","0.4","0.4","0.4","0.4","0.088","0.4","0.4","0.4","0.4","0","0.4","0.4","0.4","0","0.4","0.4",,,,,,,,,,,,,
TaxEffectOfUnusualItems,"-2,571,428.571","-384,000","-1,890,000","-2,368,000","-540,000","-1,216,000","-1,890,000","-111,000","-220,000","-200,000","-1,620,000","-2,618,000","-1,505,000","628,000","-1,350,000","-846,000","2,610,000","1,728,000","0","-56,472,934.473","-81,000","5,200,000","-1,200,000","0","1,272,000","-2,000,000","-1,726,000","8,474,235","-1,452,924","90,889,105","7,954,079.002","135,086.167","1,259,064","33,744,200","85,468,250","-66,800","90,486,550","-4,327,750","-10,671,754.56","-3,860,627.051","-1,458,791.934","54,716.07","-2,274,650","3,685,609.589","4,051,274.996","-47,446.118","-3,651,200","-227,306.415","179,378.205","-25,217.189","-1,849,130.244","319,818.217","-785.286","71,778.843","-147,886,800","3,277,686.803","-2,027,859.893","-1,384,047.859","-17,132,850","67,788.405","43,128,121.535","4,259,571.014","9,926,000","-5,965,277.952","-54,464.557","7,874,000","36,414,980.987","-270,395.628","6,381,864.407","5,832,013.973","20,434,488.492","5,298,519.624","6,294,888.35","5,921,200","-2,919,600","5,330,000","4,451,600","-1,335,001.44","-1,468,400","-8,436,400","-90,630,519.98","4,327,200","4,456,400","5,742,000","4,502,949.855","3,390,400","3,853,855.719","35,663,600","5,036,000","10,392,800","2,800,000","6,680,000","107,520,000","3,080,000","14,480,000","4,600,000","7,360,000","76,022,398.507","14,240,000","11,840,000","10,600,000","7,200,000","6,038,418.079","10,160,000","40,200,000","19,960,000","7,040,000","21,440,000","3,131,386.861","3,402,985.075","3,760,000","1,624,615.385","336,923.077","2,120,000","1,440,000","0","2,320,000","1,200,000","6,680,000","-320,000","1,440,000","1,512,087.912","1,360,000","1,080,000","840,000","1,080,000","0","360,000","720,000","440,000","0","440,000","-40,000",,,,,,,,,,,,,