name,ttm,03/31/2022,12/31/2021,09/30/2021,06/30/2021,03/31/2021,12/31/2020,09/30/2020,06/30/2020,03/31/2020,12/31/2019,09/30/2019,06/30/2019,03/31/2019,12/31/2018,09/30/2018,06/30/2018,03/31/2018,12/31/2017,09/30/2017,06/30/2017,03/31/2017,12/31/2016,09/30/2016,06/30/2016,03/31/2016,12/31/2015,09/30/2015,06/30/2015,03/31/2015,12/31/2014,09/30/2014,06/30/2014,03/31/2014,12/31/2013,09/30/2013,06/30/2013,03/31/2013,12/31/2012,09/30/2012,06/30/2012,03/31/2012,12/31/2011,09/30/2011,06/30/2011,03/31/2011,12/31/2010,09/30/2010,06/30/2010,03/31/2010,12/31/2009,09/30/2009,06/30/2009,03/31/2009,12/31/2008,09/30/2008,06/30/2008,03/31/2008,12/31/2007,09/30/2007,06/30/2007,03/31/2007,12/31/2006,09/30/2006,06/30/2006,03/31/2006,12/31/2005,09/30/2005,06/30/2005,03/31/2005,12/31/2004,09/30/2004,06/30/2004,03/31/2004,12/31/2003,09/30/2003,06/30/2003,03/31/2003,12/31/2002,09/30/2002,06/30/2002,03/31/2002,12/31/2001,09/30/2001,06/30/2001,03/31/2001,12/31/2000,09/30/2000,06/30/2000,03/31/2000,12/31/1999,09/30/1999,06/30/1999,03/31/1999
TotalRevenue,"1,768,300,000","461,900,000","415,200,000","444,700,000","446,500,000","379,100,000","384,900,000","380,100,000","362,000,000","356,300,000","311,100,000","401,500,000","373,600,000","362,600,000","381,400,000","412,700,000","444,500,000","389,200,000","464,700,000","445,500,000","444,600,000","370,500,000","409,000,000","408,200,000","412,600,000","369,000,000","404,875,000","386,221,000","347,161,000","327,504,000","346,363,000","329,950,000","322,802,000","289,403,000","289,017,000","302,225,000","280,606,000","245,136,000","243,817,000","242,468,000","225,577,000","204,214,000","195,178,000","201,742,000","183,751,000","165,619,000","166,477,000","170,983,000","137,491,000","128,880,000","108,923,000","97,215,000","83,980,000","79,730,000","75,862,000","75,032,000","68,556,000","62,047,000","59,898,000","59,045,000","51,831,000","40,169,000","45,826,000","40,397,000","40,245,000","33,164,000","29,641,000","33,010,000","30,057,000","23,207,000","21,613,000","19,995,000","18,299,000","13,683,000","13,590,000","15,035,000","13,977,000","10,739,000","12,022,000","5,128,000","11,564,000","1,406,000","1,619,397","1,315,837","1,313,953","1,482,515","789,667","403,891","546,303","309,397","200,000","100,000","100,000","100,000"
	OperatingRevenue,"1,758,300,000","451,900,000","415,200,000","444,700,000","446,500,000","379,100,000","384,900,000","380,100,000","362,000,000","356,300,000","311,100,000","401,500,000","373,600,000","362,600,000","381,400,000","412,700,000","444,500,000","389,200,000","464,700,000","445,500,000","444,600,000","370,500,000","409,000,000","408,200,000","412,600,000","369,000,000","404,196,000","384,708,000","345,749,000","325,917,000","345,381,000","328,269,000","321,329,000","284,553,000","286,297,000","300,006,000","277,495,000","243,146,000","233,864,000","242,468,000","225,577,000","204,214,000","195,178,000","201,742,000","183,751,000","165,619,000","166,477,000","170,983,000","137,491,000","128,880,000","108,923,000","97,215,000","83,657,000","79,388,000","75,862,000","75,032,000","68,556,000","62,047,000","59,898,000","59,045,000","51,831,000","40,169,000","45,826,000","40,397,000","40,245,000","33,164,000","29,641,000","33,010,000","30,057,000","23,207,000","21,613,000","19,995,000","18,299,000","13,683,000","13,590,000","15,035,000","13,977,000","10,739,000","12,022,000","5,128,000","11,564,000","1,406,000","1,619,397","1,315,837","1,313,953","1,482,515","789,667","403,891","546,303","309,397","200,000","100,000","100,000","100,000"
CostOfRevenue,"125,400,000","25,900,000","34,600,000","27,700,000","37,200,000","23,000,000","34,800,000","24,000,000","25,900,000","23,400,000","28,800,000","33,000,000","26,700,000","29,100,000","31,900,000","51,900,000","61,700,000","53,200,000","53,000,000","19,500,000","18,900,000","14,300,000","28,400,000","23,600,000","20,000,000","700,000","25,309,000","6,891,000","16,058,000","20,778,000","15,770,000","40,803,000","38,709,000","30,600,000","38,778,000","30,716,000","32,320,000","29,313,000","37,665,000","27,968,000","29,633,000","24,031,000","25,327,000","22,676,000","21,162,000","21,471,000","20,173,000","21,722,000","16,684,000","14,886,000","13,496,000","12,755,000","10,084,000","8,986,000","8,107,000","7,741,000","7,332,000","6,886,000","6,357,000","6,166,000","5,342,000","4,396,000","4,753,000","4,154,000","4,244,000","3,877,000","3,153,000","3,432,000","3,175,000","2,555,000","2,252,000","2,160,000","2,043,000","1,795,000","1,280,000","1,753,000","2,020,000","1,730,000","1,498,000","1,275,000","1,913,000","770,000","747,786","859,372","724,711","143,102","711,858","252,137","397,713","344,079",,,,
GrossProfit,"1,642,900,000","436,000,000","380,600,000","417,000,000","409,300,000","356,100,000","350,100,000","356,100,000","336,100,000","332,900,000","282,300,000","368,500,000","346,900,000","333,500,000","349,500,000","360,800,000","382,800,000","336,000,000","411,700,000","426,000,000","425,700,000","356,200,000","380,600,000","384,600,000","392,600,000","368,300,000","379,566,000","379,330,000","331,103,000","306,726,000","330,593,000","289,147,000","284,093,000","258,803,000","250,239,000","271,509,000","248,286,000","215,823,000","206,152,000","214,500,000","195,944,000","180,183,000","169,851,000","179,066,000","162,589,000","144,148,000","146,304,000","149,261,000","120,807,000","113,994,000","95,427,000","84,460,000","73,896,000","70,744,000","67,755,000","67,291,000","61,224,000","55,161,000","53,541,000","52,879,000","46,489,000","35,773,000","41,073,000","36,243,000","36,001,000","29,287,000","26,488,000","29,578,000","26,882,000","20,652,000","19,361,000","17,835,000","16,256,000","11,888,000","12,310,000","13,282,000","11,957,000","9,009,000","10,524,000","3,853,000","9,651,000","636,000","871,611","456,465","589,242","1,339,413","77,809","151,754","148,590","-34,682",,"100,000",,"100,000"
OperatingExpense,"734,200,000","148,000,000","210,800,000","188,300,000","187,100,000","420,900,000","284,800,000","135,000,000","195,600,000","166,200,000","218,800,000","185,100,000","125,500,000","989,400,000","218,000,000","211,200,000","165,400,000","29,100,000","272,700,000","102,200,000","127,200,000","92,600,000","206,400,000","146,000,000","107,400,000","4,600,000","224,509,000","-7,749,000","159,398,000","321,552,000","152,016,000","321,383,000","107,773,000","42,663,000","278,730,000","166,860,000","125,982,000","121,786,000","77,549,000","133,781,000","90,357,000","73,446,000","106,343,000","76,089,000","26,934,000","107,265,000","137,253,000","87,380,000","59,980,000","81,748,000","97,609,000","72,723,000","78,017,000","50,177,000","201,615,000","49,231,000","42,234,000","40,407,000","61,936,000","38,722,000","38,444,000","43,278,000","37,524,000","24,810,000","24,485,000","26,803,000","16,133,000","15,043,000","15,719,000","13,813,000","13,047,000","12,137,000","12,685,000","14,261,000","15,833,000","15,025,000","14,785,000","12,441,000","13,637,000","10,390,000","11,030,000","7,611,000","10,383,836","12,354,152","13,562,388","13,232,963","31,147,211","10,574,669","30,668,173","9,454,103","8,300,000","7,200,000","6,300,000","12,400,000"
	SellingGeneralAndAdministration,"428,800,000","79,000,000","127,900,000","109,100,000","112,800,000","117,200,000","158,700,000","66,300,000","105,900,000","93,000,000","105,200,000","99,400,000","39,600,000","92,000,000","79,200,000","110,100,000","83,100,000","-6,600,000","159,100,000","47,200,000","67,400,000","56,400,000","139,500,000","100,100,000","72,200,000","5,000,000","148,561,000","-17,276,000","109,987,000","211,340,000","80,534,000","202,507,000","68,031,000","30,215,000","157,178,000","94,111,000","71,365,000","71,356,000","40,073,000","68,626,000","53,258,000","39,789,000","57,707,000","16,656,000","23,856,000","59,235,000","74,998,000","46,689,000","31,036,000","46,877,000","56,577,000","41,172,000","49,371,000","29,218,000","21,864,000","30,018,000","23,093,000","19,331,000","44,226,000","19,163,000","20,474,000","15,164,000","19,187,000","12,891,000","11,871,000","10,079,000","6,670,000","5,620,000","7,025,000","5,340,000","5,546,000","4,815,000","5,358,000","5,809,000","6,060,000","5,624,000","5,994,000","4,989,000","5,282,000","3,750,000","3,755,000","3,102,000","3,873,957","4,339,742","3,965,339","4,764,110","3,812,039","2,426,571","1,696,384","3,801,150","1,800,000","1,200,000","1,100,000","800,000"
		GeneralAndAdministrativeExpense,"363,600,000","64,500,000","111,500,000","91,900,000","95,700,000","103,500,000","141,900,000","53,900,000","93,200,000","80,000,000","86,600,000","84,600,000","25,900,000","78,400,000",,,"67,500,000","-19,900,000","141,500,000","31,400,000","51,900,000","41,000,000",,"80,000,000","47,500,000","-17,300,000",,,,,"59,222,000","182,788,000",,"11,292,000",,,,"53,968,000",,,,,,,,,,,,,,,,,,,,,,,,,,,,,,,,,,,,,,,,,,,,,,,,,,,,,,,,
			SalariesAndWages,"59,600,000","-16,800,000","35,500,000","18,000,000","22,900,000","31,900,000","72,700,000","-8,900,000","38,400,000","25,000,000","24,900,000","20,500,000","-25,100,000","24,500,000",,,"16,700,000","-72,700,000","90,100,000","-15,200,000","300,000","-12,500,000",,"37,600,000","3,300,000","-95,500,000",,,,,"17,729,000","129,007,000",,"-31,856,000",,,,"20,544,000",,,,,,,,,,,,,,,,,,,,,,,,,,,,,,,,,,,,,,,,,,,,,,,,,,,,,,,,
			OtherGandA,"304,000,000","81,300,000","76,000,000","73,900,000","72,800,000","71,600,000","69,200,000","62,800,000","54,800,000","55,000,000","61,700,000","64,100,000","51,000,000","53,900,000",,,"50,800,000","52,800,000","51,400,000","46,600,000","51,600,000","53,500,000",,,"44,200,000","78,200,000",,,,,"41,493,000","53,781,000",,"43,148,000",,,,"33,424,000",,,,,,,,,,,,,,,,,,,,,,,,,,,,,,,,,,,,,,,,,,,,,,,,,,,,,,,,
		SellingAndMarketingExpense,"65,200,000","14,500,000","16,400,000","17,200,000","17,100,000","13,700,000","16,800,000","12,400,000","12,700,000","13,000,000","18,600,000","14,800,000","13,700,000","13,600,000",,,"15,600,000","13,300,000","17,600,000","15,800,000","15,500,000","15,400,000",,"20,100,000","24,700,000","22,300,000",,,,,"21,312,000","19,719,000",,"18,923,000",,,,"17,388,000",,,,,,,,,,,,,,,,,,,,,,,,,,,,,,,,,,,,,,,,,,,,,,,,,,,,,,,,
	ResearchAndDevelopment,"305,400,000","69,000,000","82,900,000","79,200,000","74,300,000","303,700,000","126,100,000","68,700,000","89,700,000","73,200,000","113,600,000","85,700,000","85,900,000","897,400,000","138,800,000","101,100,000","82,300,000","35,700,000","113,600,000","55,000,000","59,800,000","36,200,000","66,900,000","45,900,000","35,200,000","-400,000","75,948,000","9,527,000","49,411,000","110,212,000","71,482,000","118,876,000","39,742,000","12,448,000","121,552,000","72,749,000","54,617,000","50,430,000","37,476,000","65,155,000","37,099,000","33,657,000","48,636,000","59,433,000","24,240,000","48,030,000","62,255,000","40,691,000","28,944,000","34,871,000","41,032,000","31,551,000","28,646,000","20,959,000","179,751,000","19,213,000","19,141,000","21,076,000","17,710,000","19,559,000","17,970,000","28,114,000","18,337,000","11,919,000","12,614,000","14,700,000","9,463,000","9,423,000","8,694,000","8,473,000","7,501,000","7,322,000","7,327,000","8,452,000","9,773,000","9,401,000","8,791,000","7,452,000","8,355,000","6,640,000","7,275,000","4,509,000","6,509,879","8,014,410","9,597,049","8,468,853","27,339,396","8,135,688","28,935,915","5,776,749","7,900,000","6,000,000","5,200,000","11,600,000"
	DepreciationAmortizationDepletionIncomeStatement,,,,,,,,,,,,,,,,,,,,,,,,,,,,,,,,,,,,,,,,,,,,,,,,,,,,,,,,,,,,,,,,,,,,,,,,,,,,,,,,,,,,,,"662,181","-4,224","12,410","35,874","-123,796","-1,400,000",,,
		DepreciationAndAmortizationInIncomeStatement,,,,,,,,,,,,,,,,,,,,,,,,,,,,,,,,,,,,,,,,,,,,,,,,,,,,,,,,,,,,,,,,,,,,,,,,,,,,,,,,,,,,,,"662,181","-4,224","12,410","35,874","-123,796","-1,400,000",,,
	OtherOperatingExpenses,,,,,,,,,,,,,,,,,,,"0",,"210,000,000",,,,,,,,,,,,,,,,,,,,,,,,"-21,162,000",,,,,,,,,,,,,,,,,,"0",,,"2,024,000",,,,,,,,,,,,,,,,,,,,"-662,181",,,,,,,,
OperatingIncome,"908,700,000","288,000,000","169,800,000","228,700,000","222,200,000","-64,800,000","65,300,000","221,100,000","140,500,000","166,700,000","63,500,000","183,400,000","221,400,000","-655,900,000","131,500,000","149,600,000","217,400,000","306,900,000","139,000,000","323,800,000","298,500,000","263,600,000","174,200,000","238,600,000","285,200,000","363,700,000","155,057,000","387,079,000","171,705,000","-14,826,000","178,577,000","-32,236,000","176,320,000","216,140,000","-28,491,000","104,649,000","122,304,000","94,037,000","128,603,000","80,719,000","105,587,000","106,737,000","63,508,000","102,977,000","135,655,000","36,883,000","9,051,000","61,881,000","60,827,000","32,246,000","-2,182,000","11,737,000","-4,121,000","20,567,000","-133,860,000","18,060,000","18,990,000","14,754,000","-8,395,000","14,157,000","8,045,000","-7,505,000","3,549,000","11,433,000","11,516,000","2,484,000","10,355,000","14,535,000","11,163,000","6,839,000","6,314,000","5,698,000","3,571,000","-2,373,000","-3,523,000","-1,743,000","-2,828,000","-3,432,000","-3,113,000","-6,537,000","-1,379,000","-6,975,000","-9,512,225","-11,897,687","-12,973,146","-11,893,550","-31,069,402","-10,422,915","-30,519,583","-9,488,785","-9,500,000","-7,100,000","-6,200,000","-12,300,000"
NetNonOperatingInterestIncomeExpense,"-2,400,000","-400,000","-500,000","-800,000","-700,000","100,000","200,000","1,500,000","1,600,000","1,800,000","1,500,000","400,000","-1,400,000","-500,000","4,400,000","3,800,000","-2,900,000","-2,600,000","-3,500,000","-3,300,000","-1,400,000","-800,000","-2,200,000","-500,000","-600,000","-600,000","-546,000","-834,000","-1,296,000","-2,059,000","-3,527,000","-4,709,000","-3,636,000","-3,378,000","-3,451,000","-3,672,000","-3,651,000","-3,457,000","-3,774,000","-3,246,000","-2,824,000","-2,853,000","-4,181,000","-4,400,000","-4,592,000","-4,747,000","-4,830,000","-4,245,000","-3,957,000","-3,743,000","-2,654,000","-2,246,000","-1,913,000","-916,000",,,,,,,,,,,,,,,,,,,,,,,,,,,,,,,,,,,,,,,,
	InterestIncomeNonOperating,"16,300,000","4,300,000","4,200,000","3,800,000","4,000,000","4,700,000","5,000,000","6,400,000","7,200,000","10,000,000","11,500,000","12,100,000","10,800,000","9,800,000","8,700,000","7,900,000",,,,,,,,,,,,,,,,,"1,110,000","1,232,000","1,111,000","868,000","869,000","979,000","716,000","1,138,000","1,055,000","1,033,000","930,000","1,016,000","839,000","666,000","629,000","564,000","802,000","944,000","1,005,000","1,085,000","1,335,000","1,721,000",,,,,,,,,,,,,,,,,,,,,,,,,,,,,,,,,,,,,,,,
	InterestExpenseNonOperating,"18,700,000","4,700,000","4,700,000","4,600,000","4,700,000","4,600,000","4,800,000","4,900,000","5,600,000","8,200,000","10,000,000","11,700,000","12,200,000","10,300,000","4,300,000","4,100,000","2,900,000","2,600,000","3,500,000","3,300,000","1,400,000","800,000","2,200,000","500,000","600,000","600,000","546,000","834,000","1,296,000","2,059,000","3,527,000","4,709,000","4,746,000","4,610,000","4,562,000","4,540,000","4,520,000","4,436,000","4,490,000","4,384,000","3,879,000","3,886,000","5,111,000","5,416,000","5,431,000","5,413,000","5,459,000","4,809,000","4,759,000","4,687,000","3,659,000","3,331,000","3,248,000","2,637,000",,,,,,,,,,,,,,,,,,,,,,,,,,,,,,,,,,,,,,,,
OtherIncomeExpense,"-36,200,000","21,100,000","-28,800,000","-23,500,000","-5,000,000","97,200,000","48,900,000","-3,600,000","-8,200,000","3,100,000","3,300,000","-16,900,000","30,400,000","5,800,000","-44,000,000","-13,300,000","3,400,000","4,700,000","5,500,000","200,000","-252,900,000","800,000","-500,000","1,000,000","1,100,000","800,000","1,521,000","350,618,000","-2,075,000","93,000","-286,000","1,112,000","349,000","454,000","312,000","202,000","-134,000","255,000","123,000","31,020,000","527,000","52,000","663,000","-321,000","-287,000","-5,310,000","284,000","98,000","49,000","-47,000","103,000","-445,000","491,000","345,000","-1,128,000","-492,000","774,000","-405,000","-628,000","-106,000","-358,000","-110,000","1,069,000","3,000","-166,000","-2,221,000","-177,000","-183,000","-182,000","-159,000","-318,000","-199,000","-105,000","-121,000","-270,000","-204,000","-184,000","-108,000","-23,000","-6,163,000","-3,630,000","-668,000","36,612","-67,755","-73,227","-92,402","-4,757,187","4,789","24,063","47,326",,,,"200,000"
	GainOnSaleOfSecurity,,,,,,,,,,,,,,,,,,,,,,,,,,,"0","350,000,000",,,,,,,,,"-72,000","-47,000",,,,,,,,,,,,,,,,,,,,,,,,,,,,,,,,,,,,,,,,,,,,,,,,,,,,,,,,
	EarningsFromEquityInterest,,,,,,,,,,,,,,,,,,,,,,,,,,,,,,,,,,,,,"-72,000","-47,000","-33,000","-48,000","-42,000","-20,000","-9,000","-43,000","-30,000","-37,000","-30,000","-39,000","-44,000","-47,000","-42,000","-42,000","-38,000","-19,000","-71,000","1,000","-43,000","-113,000","-56,000","-72,000","-79,000","-114,000","-93,000","-20,000","-171,000","-207,000","-190,000","-189,000","-195,000","-180,000","-303,000","-244,000","-111,000","-127,000","-325,000","-221,000","-212,000","-195,000","-58,000","-7,000","-67,000","-77,000",,"-106,941",,,,,,,,,,
	SpecialIncomeCharges,"-4,000,000","-1,700,000","0","0","-2,300,000","0","0","-3,500,000","0","-5,600,000","0","0",,,"-41,100,000","-12,400,000","0",,"0","-3,100,000","-256,500,000",,"0",,,,"0","350,000,000",,,,,,,,,,,,"31,068,000","569,000","72,000","672,000","-278,000","-257,000","-5,273,000","314,000","137,000","93,000",,"145,000","-403,000","529,000","364,000","-1,057,000","-493,000","817,000","-292,000","-572,000","-34,000","-279,000","4,000","1,162,000","23,000","5,000","-2,014,000","13,000","6,000","13,000","21,000","-15,000","45,000","6,000","6,000","55,000","17,000","28,000","87,000","35,000","-6,156,000","-3,563,000","-591,000","-224,943","39,186","-73,227","-92,402","-4,757,187","4,789","24,063","47,326",,,,"200,000"
		WriteOff,"4,000,000","1,700,000","0","0","2,300,000","0","0","3,500,000","0","5,600,000","0","0",,,"41,100,000","12,400,000","0",,"0","3,100,000","46,500,000",,,,,,,,,,,,,,,,,,,,,,,,,,,,,,,,,,,,,,,,,,,,,,,,,,,,,,,,,,,,,,,,,,,,,,,,,
		OtherSpecialCharges,,,,,,,,,,,,,,,,,,,"0",,"210,000,000",,,,,,,,,,,,,,,,,,,,,,,,,,,,,,,,,,,,,,,,,,,,,,,,,,,,,,,,,,,,,,,,,,,,,,,,,
		GainOnSaleOfPPE,,,,,,,,,,,,,,,,,,,,,,,"0",,,,"0","350,000,000",,,,,,,,,,,,,,,,,,,,,,,,,,,,,,,,,,,,,,,,,,,,,,,,,,,,,,,,,,,,,,,,,,
	OtherNonOperatingIncomeExpenses,"-32,200,000","22,800,000","-28,800,000","-23,500,000","-2,700,000","97,200,000","48,900,000","-100,000","-8,200,000","8,700,000","3,300,000","-16,900,000","30,400,000","5,800,000","-2,900,000","-900,000","3,400,000","4,700,000","5,500,000","3,300,000","3,600,000","800,000","-500,000","1,000,000","1,100,000","800,000","1,521,000","618,000","-2,075,000","93,000","-286,000","1,112,000","349,000","454,000","312,000","202,000","-62,000","302,000",,,,,,,,,,,,,,,,,,,,,,,,,,,,,,,,,,,,,,,,,,,,,,,,,,,,,,,,
PretaxIncome,"870,100,000","308,700,000","140,500,000","204,400,000","216,500,000","32,500,000","114,400,000","219,000,000","133,900,000","171,600,000","68,300,000","166,900,000","250,400,000","-650,600,000","91,900,000","140,100,000","217,900,000","309,000,000","141,000,000","320,700,000","44,200,000","263,600,000","171,500,000","239,100,000","285,700,000","363,900,000","156,032,000","736,863,000","168,334,000","-16,792,000","174,764,000","-35,833,000","173,033,000","213,216,000","-31,630,000","101,179,000","118,519,000","90,835,000","124,952,000","108,493,000","103,290,000","103,936,000","59,990,000","98,256,000","109,614,000","26,826,000","4,505,000","57,734,000","56,919,000","28,681,000","-4,733,000","9,046,000","-5,543,000","19,996,000","-132,702,000","19,879,000","22,568,000","17,957,000","-5,118,000","17,015,000","8,912,000","-4,226,000","7,790,000","14,100,000","13,834,000","4,185,000","11,916,000","15,763,000","12,181,000","7,661,000","6,890,000","6,266,000","4,140,000","-1,847,000","-3,220,000","-1,341,000","-2,384,000","-3,024,000","-2,605,000","-12,188,000","-3,180,000","-5,678,000","-7,427,133","-9,810,895","-10,646,937",,,,,,,,,
TaxProvision,"182,700,000","68,800,000","28,300,000","41,700,000","43,900,000","4,200,000","15,600,000","47,800,000","26,800,000","33,900,000","15,700,000","34,500,000","45,300,000","-156,000,000","26,600,000","33,600,000","45,000,000","64,500,000","122,000,000","44,400,000","100,200,000","85,000,000","61,200,000","77,300,000","79,600,000","128,400,000","51,388,000","272,438,000","69,123,000","-151,000","58,829,000","-10,596,000","61,181,000","75,692,000","-1,316,000","38,494,000","38,655,000","28,510,000","41,697,000","30,382,000","30,974,000","33,176,000","16,801,000","17,641,000","35,723,000","10,436,000","-5,039,000","17,998,000","19,212,000","9,752,000","-1,403,000","-2,891,000","-3,199,000","6,799,000","-51,557,000","7,256,000","8,237,000","6,554,000","-7,104,000","2,167,000","3,106,000","-1,445,000","-47,717,000","5,622,000","6,161,000","1,878,000",,,,,,,,,,,,,,,,,,,,,,,,,,,,
NetIncomeCommonStockholders,"687,400,000","239,900,000","112,200,000","162,700,000","172,600,000","28,300,000","98,800,000","171,200,000","107,100,000","137,700,000","52,600,000","132,400,000","205,100,000","-494,600,000","65,300,000","106,500,000","172,900,000","244,500,000","19,000,000","276,300,000","-56,000,000","178,600,000","110,300,000","161,800,000","206,100,000","235,500,000","104,644,000","464,425,000","99,211,000","-16,641,000","115,935,000","-25,237,000","111,852,000","137,524,000","-30,314,000","62,685,000","79,864,000","62,325,000","83,255,000","78,111,000","72,316,000","70,760,000","43,189,000","84,398,000","73,891,000","16,390,000","9,544,000","39,736,000","37,707,000","18,929,000","-3,330,000","11,937,000","-2,344,000","13,197,000","-81,145,000","12,623,000","14,331,000","11,403,000","1,986,000","14,848,000","5,806,000","-2,781,000","55,507,000","8,478,000","7,673,000","2,307,000","29,410,000","15,763,000","12,181,000","7,661,000","6,890,000","6,266,000","4,140,000","-1,847,000","-3,220,000","-1,341,000","-2,384,000","-3,024,000","-2,605,000","-12,188,000","-3,180,000","-5,678,000","-7,427,133","-9,810,895","-10,646,937","-9,402,784","-31,872,554","-7,014,023","-28,810,316","-7,911,597","-8,800,000","-6,400,000","-6,100,000","-12,200,000"
	NetIncome,"687,400,000","239,900,000","112,200,000","162,700,000","172,600,000","28,300,000","98,800,000","171,200,000","107,100,000","137,700,000","52,600,000","132,400,000","205,100,000","-494,600,000","65,300,000","106,500,000","172,900,000","244,500,000","19,000,000","276,300,000","-56,000,000","178,600,000","110,300,000","161,800,000","206,100,000","235,500,000","104,644,000","464,425,000","99,211,000","-16,641,000","115,935,000","-25,237,000","111,852,000","137,524,000","-30,314,000","62,685,000","79,864,000","62,325,000","83,255,000","78,111,000","72,316,000","70,760,000","43,189,000","84,398,000","73,891,000","16,390,000","9,544,000","39,736,000","37,707,000","18,929,000","-3,330,000","11,937,000","-2,344,000","13,197,000","-81,145,000","12,623,000","14,331,000","11,403,000","1,986,000","14,848,000","5,806,000","-2,781,000","55,507,000","8,478,000","7,673,000","2,307,000","29,410,000","15,763,000","12,181,000","7,661,000","6,890,000","6,266,000","4,140,000","-1,847,000","-3,220,000","-1,341,000","-2,384,000","-3,024,000","-2,605,000","-12,188,000","-3,180,000","-5,678,000","-7,427,133","-9,810,895","-10,646,937","-9,402,784","-31,872,554","-7,014,023","-28,810,316","-7,911,597","-8,800,000","-6,400,000","-6,100,000","-12,200,000"
		NetIncomeIncludingNoncontrollingInterests,"687,400,000","239,900,000","112,200,000","162,700,000","172,600,000","28,300,000","98,800,000","171,200,000","107,100,000","137,700,000","52,600,000","132,400,000","205,100,000","-494,600,000","65,300,000","106,500,000","172,900,000","244,500,000","19,000,000","276,300,000","-56,000,000","178,600,000","110,300,000","161,800,000","206,100,000","235,500,000","104,644,000","464,425,000","99,211,000","-16,641,000","115,935,000","-25,237,000","111,852,000","137,524,000","-30,314,000","62,685,000","79,864,000","62,325,000","83,255,000","78,111,000","72,316,000","70,760,000","43,189,000","84,398,000","73,891,000","16,390,000","9,544,000","39,736,000","37,707,000","18,929,000","-3,330,000","11,937,000","-2,344,000","13,197,000","-81,145,000","12,623,000","14,331,000","11,403,000","1,986,000","14,848,000","5,806,000","-2,781,000","55,507,000","8,478,000","7,673,000","2,307,000","29,410,000","15,763,000","12,181,000","7,661,000","6,890,000","6,266,000","4,140,000","-1,847,000","-3,220,000","-1,341,000","-2,384,000","-3,024,000","-2,605,000","-12,188,000","-3,180,000","-5,678,000","-7,427,133","-9,810,895","-10,646,937","-9,402,784","-31,872,554","-7,014,023","-28,810,316","-7,911,597","-8,800,000","-6,400,000","-6,100,000","-12,200,000"
			NetIncomeContinuousOperations,"687,400,000","239,900,000","112,200,000","162,700,000","172,600,000","28,300,000","98,800,000","171,200,000","107,100,000","137,700,000","52,600,000","132,400,000","205,100,000","-494,600,000","65,300,000","106,500,000","172,900,000","244,500,000","19,000,000","276,300,000","-56,000,000","178,600,000","110,300,000","161,800,000","206,100,000","235,500,000","104,644,000","464,425,000","99,211,000","-16,641,000","115,935,000","-25,237,000","111,852,000","137,524,000","-30,314,000","62,685,000","79,864,000","62,325,000","83,255,000","78,111,000","72,316,000","70,760,000","43,189,000","80,615,000","73,891,000","16,390,000","9,544,000","39,736,000","37,707,000","18,929,000","-3,330,000","11,937,000","-2,344,000","13,197,000","-81,145,000","12,623,000","14,331,000","11,403,000","1,986,000","14,848,000","5,806,000","-2,781,000","55,507,000","8,478,000","7,673,000","2,307,000","29,410,000","15,763,000","12,181,000","7,661,000","6,890,000","6,266,000","4,140,000","-1,847,000","-3,220,000","-1,341,000","-2,384,000","-3,024,000","-2,605,000","-12,188,000","-3,180,000","-5,678,000","-7,427,133","-9,810,895","-10,646,937","-9,402,784","-31,872,554","-7,014,023","-28,810,316","-7,911,597","-8,800,000","-6,400,000","-6,100,000","-12,200,000"
			NetIncomeDiscontinuousOperations,,,,,,,,,,,,,,,,,,,,,,,,,,,,,,,,,,,,,,,"0","0","0","0","0","3,783,000","0",,,,,,,,,,,,,,,,,,,,,,,,,,,,,,,,,,,,,,,,,,,,,,,,,
DilutedNIAvailtoComStockholders,"687,400,000","239,900,000","112,200,000","162,700,000","172,600,000","28,300,000","98,800,000","171,200,000","107,100,000","137,700,000","52,600,000","132,400,000","205,100,000","-494,600,000","65,300,000","106,500,000","172,900,000","244,500,000","19,000,000","276,300,000","-56,000,000","178,600,000","110,300,000","161,800,000","206,100,000","235,500,000","104,644,000","464,425,000","99,211,000","-16,641,000","115,935,000","-25,237,000","111,852,000","137,524,000","-30,314,000","62,685,000","79,864,000","62,325,000","83,255,000","78,111,000","72,316,000","70,760,000","43,189,000","84,398,000","73,891,000","16,390,000","9,544,000","39,736,000","37,707,000","18,929,000","-3,330,000","11,937,000","-2,344,000","13,197,000","-81,145,000","12,623,000","14,331,000","11,403,000","1,986,000","14,848,000","5,806,000","-2,781,000","55,507,000","8,478,000","7,673,000","2,307,000","29,410,000","15,763,000","12,181,000","7,661,000","6,890,000","6,266,000","4,140,000","-1,847,000","-3,220,000","-1,341,000","-2,384,000","-3,024,000","-2,605,000","-12,188,000","-3,180,000","-5,678,000","-7,427,133","-9,810,895","-10,646,937","-9,402,784","-31,872,554","-7,014,023","-28,810,316","-7,911,597","-8,800,000","-6,400,000","-6,100,000","-12,200,000"
BasicEPS,,"5.31","2.49","3.62","3.85","0.63","2.22","3.86","2.43","3.14","1.2","3.02","4.68","-11.32","1.5","2.44","4.01","5.65","0.44","6.37","-1.25","4.01","2.61","3.75","4.65","5.19","2.29","10.2","2.15","-0.36","2.44","-0.53","2.35","2.73","-0.6","1.25","1.6","1.24",,"1.52","1.37","1.32",,"1.45","1.27","0.28",,"0.7","0.67","0.35",,"0.22","-0.045","0.25",,"0.275","0.315","0.255",,"0.35","0.14","-0.065",,"0.185","0.165","0.05",,"0.345","0.27","0.17",,"0.145","0.095","-0.045",,"-0.03","-0.055","-0.07",,"-0.29","-0.08","-0.14",,"-0.24","-0.265","-0.23",,"-0.175","-0.775","-0.22",,"-0.2","-0.265","-0.095"
DilutedEPS,,"5.03","2.35","3.42","3.65","0.61","2.19","3.84","2.41","3.12","1.2","3.01","4.66","-11.32","1.48","2.42","3.98","5.57","0.43","6.27","-1.25","3.89","2.43","3.5","4.39","4.84","2.1","9.24","1.91","-0.36","2.17","-0.53","2.1","2.43","-0.6","1.17","1.52","1.19",,"1.46","1.34","1.29",,"1.38","1.18","0.26",,"0.66","0.62","0.32",,"0.21","-0.045","0.245",,"0.25","0.295","0.235",,"0.33","0.13","-0.065",,"0.17","0.15","0.045",,"0.305","0.245","0.155",,"0.135","0.09","-0.045",,"-0.03","-0.055","-0.07",,"-0.29","-0.08","-0.14",,"-0.24","-0.265","-0.23",,"-0.175","-0.775","-0.22",,"-0.2","-0.265","-0.095"
BasicAverageShares,,"45,200,000","45,100,000","44,900,000","44,800,000","44,600,000","44,500,000","44,400,000","44,100,000","43,900,000","43,900,000","43,900,000","43,800,000","43,700,000","43,600,000","43,600,000","43,100,000","43,300,000","43,200,000","43,400,000","44,900,000","44,500,000","42,200,000","43,200,000","44,300,000","45,400,000","45,687,000","45,531,000","46,091,000","46,707,000","47,431,000","47,297,000","47,617,000","50,402,000","50,281,000","50,014,000","49,800,000","50,209,000",,"51,514,000","52,747,000","53,631,000",,"58,321,000","58,180,000","57,753,000",,"56,536,000","56,047,000","54,769,000",,"53,455,000","52,982,000","52,880,000",,"45,868,000","45,200,000","44,666,000",,"42,174,000","41,674,000","42,606,000",,"46,392,000","47,182,000","46,748,000",,"45,826,000","45,388,000","44,980,000",,"43,700,612","42,781,454","42,658,946",,"42,462,330","42,163,940","41,846,434",,"41,798,188","41,042,430","40,450,440",,"40,500,334","40,554,178","40,785,364",,"39,981,126","37,171,952","36,106,512",,"32,000,000","23,018,868","30,454,000"
DilutedAverageShares,,"47,700,000","47,800,000","47,600,000","47,300,000","46,400,000","45,100,000","44,600,000","44,400,000","44,100,000","44,000,000","44,000,000","44,000,000","43,700,000","44,000,000","44,000,000","43,400,000","43,900,000","43,800,000","44,100,000","44,900,000","45,900,000","45,400,000","46,200,000","46,900,000","48,700,000","49,746,000","50,239,000","51,905,000","46,707,000","53,548,000","47,297,000","53,252,000","56,657,000","50,281,000","53,688,000","52,648,000","52,376,000",,"53,590,000","53,942,000","55,009,000",,"61,210,000","62,756,000","62,623,000",,"60,216,000","60,393,000","60,019,000",,"57,653,000","52,982,000","54,304,000",,"50,964,000","48,656,000","48,152,000",,"44,886,000","44,040,000","42,606,000",,"49,834,000","50,688,000","51,218,000",,"51,416,000","49,994,000","49,076,000",,"46,836,414","46,291,050","42,658,946",,"42,462,330","42,163,940","41,846,434",,"41,798,188","41,042,430","40,450,440",,"40,500,334","40,554,178","40,785,364",,"39,981,126","37,171,952","36,106,512",,"32,000,000","23,018,868","30,454,000"
TotalOperatingIncomeAsReported,"908,700,000","288,000,000","169,800,000","228,700,000","222,200,000","-64,800,000","65,300,000","221,100,000","140,500,000","166,700,000","63,500,000","183,400,000","221,400,000","-655,900,000","131,500,000","149,600,000","217,400,000","306,900,000","139,000,000","323,800,000","88,500,000","263,600,000","174,200,000","238,600,000","285,200,000","363,700,000","155,057,000","387,079,000","171,705,000","-14,826,000","178,577,000","-32,236,000","176,320,000","216,140,000","-28,491,000","104,649,000","122,304,000","94,037,000","128,603,000","80,719,000","105,587,000","106,737,000","63,508,000","102,977,000","135,655,000","36,883,000","9,051,000","61,881,000","60,827,000","32,246,000","-2,182,000","11,737,000","-4,121,000","20,567,000","-133,860,000","18,060,000","18,990,000","14,754,000","-8,395,000","14,157,000","8,045,000","-7,505,000","3,549,000","11,433,000","11,516,000","2,484,000","10,355,000","14,535,000","11,163,000","6,839,000","6,314,000","5,698,000","3,571,000","-2,373,000","-3,523,000","-1,743,000","-2,828,000","-3,432,000","-3,113,000","-6,537,000","-1,379,000","-6,975,000","-9,512,225","-11,897,687","-12,973,146","-12,555,731","-31,069,402","-10,422,915","-30,519,583","-9,488,785","-9,500,000","-7,100,000","-6,200,000","-12,300,000"
TotalExpenses,"859,600,000","173,900,000","245,400,000","216,000,000","224,300,000","443,900,000","319,600,000","159,000,000","221,500,000","189,600,000","247,600,000","218,100,000","152,200,000","1,018,500,000","249,900,000","263,100,000","227,100,000","82,300,000","325,700,000","121,700,000","146,100,000","106,900,000","234,800,000","169,600,000","127,400,000","5,300,000","249,818,000","-858,000","175,456,000","342,330,000","167,786,000","362,186,000","146,482,000","73,263,000","317,508,000","197,576,000","158,302,000","151,099,000","115,214,000","161,749,000","119,990,000","97,477,000","131,670,000","98,765,000","48,096,000","128,736,000","157,426,000","109,102,000","76,664,000","96,634,000","111,105,000","85,478,000","88,101,000","59,163,000","209,722,000","56,972,000","49,566,000","47,293,000","68,293,000","44,888,000","43,786,000","47,674,000","42,277,000","28,964,000","28,729,000","30,680,000","19,286,000","18,475,000","18,894,000","16,368,000","15,299,000","14,297,000","14,728,000","16,056,000","17,113,000","16,778,000","16,805,000","14,171,000","15,135,000","11,665,000","12,943,000","8,381,000","11,131,622","13,213,524","14,287,099","13,376,065","31,859,069","10,826,806","31,065,886","9,798,182","9,700,000","7,200,000","6,300,000","12,400,000"
NetIncomeFromContinuingAndDiscontinuedOperation,"687,400,000","239,900,000","112,200,000","162,700,000","172,600,000","28,300,000","98,800,000","171,200,000","107,100,000","137,700,000","52,600,000","132,400,000","205,100,000","-494,600,000","65,300,000","106,500,000","172,900,000","244,500,000","19,000,000","276,300,000","-56,000,000","178,600,000","110,300,000","161,800,000","206,100,000","235,500,000","104,644,000","464,425,000","99,211,000","-16,641,000","115,935,000","-25,237,000","111,852,000","137,524,000","-30,314,000","62,685,000","79,864,000","62,325,000","83,255,000","78,111,000","72,316,000","70,760,000","43,189,000","84,398,000","73,891,000","16,390,000","9,544,000","39,736,000","37,707,000","18,929,000","-3,330,000","11,937,000","-2,344,000","13,197,000","-81,145,000","12,623,000","14,331,000","11,403,000","1,986,000","14,848,000","5,806,000","-2,781,000","55,507,000","8,478,000","7,673,000","2,307,000","29,410,000","15,763,000","12,181,000","7,661,000","6,890,000","6,266,000","4,140,000","-1,847,000","-3,220,000","-1,341,000","-2,384,000","-3,024,000","-2,605,000","-12,188,000","-3,180,000","-5,678,000","-7,427,133","-9,810,895","-10,646,937","-9,402,784","-31,872,554","-7,014,023","-28,810,316","-7,911,597","-8,800,000","-6,400,000","-6,100,000","-12,200,000"
NormalizedIncome,"690,560,096.541","241,226,000","112,200,000","162,700,000","174,433,625.866","28,300,000","98,800,000","173,936,073.059","107,100,000","142,180,000","52,600,000","132,400,000","205,100,000","-494,600,000","94,503,808.487","115,926,124.197","172,900,000","244,500,000","19,000,000","278,970,813.845","97,900,000","178,600,000","110,300,000","161,800,000","206,100,000","235,500,000","104,644,000","243,829,380.461","99,211,000","-16,641,000","115,935,000","-25,237,000","111,852,000","137,524,000","-30,314,000","62,685,000","79,864,000","62,325,000","83,255,000","55,743,173.984","71,917,628.386","70,710,982.143","42,705,202.567","80,843,087.547","74,064,244.175","19,611,668.158","9,339,900","39,641,708.387","37,645,390.502","18,929,000","-3,432,017.748","12,198,950","-2,687,850","12,956,766.553","-80,498,662.605","12,936,050.908","13,812,193.415","11,588,424.96","2,357,800","14,877,669.821","5,987,763.241","-2,783,632.276","54,809,800","8,464,170.638","7,670,000","3,515,400","29,402,200","15,759,400","12,173,200","7,648,400","6,899,000","6,239,000","4,136,400","-1,853,000","-3,275,000","-1,358,000","-2,412,000","-3,111,000","-2,640,000","-6,032,000","383,000","-5,087,000","-7,202,190","-9,850,081","-10,573,710","-9,347,342.8","-29,018,241.8","-7,016,896.4","-28,824,753.8","-7,939,992.6","-8,800,000","-6,400,000","-6,100,000","-12,320,000"
InterestIncome,"16,300,000","4,300,000","4,200,000","3,800,000","4,000,000","4,700,000","5,000,000","6,400,000","7,200,000","10,000,000","11,500,000","12,100,000","10,800,000","9,800,000","8,700,000","7,900,000",,,,,,,,,,,,,,,,,"1,110,000","1,232,000","1,111,000","868,000","869,000","979,000","716,000","1,138,000","1,055,000","1,033,000","930,000","1,016,000","839,000","666,000","629,000","564,000","802,000","944,000","1,005,000","1,085,000","1,335,000","1,721,000","2,302,000","2,311,000","2,804,000","3,716,000","3,939,000","3,681,000","1,938,000",,"3,653,000","2,664,000","2,485,000","1,898,000","1,759,000",,"1,201,000","981,000","892,000",,"674,000","649,000","591,000","637,000",,,"558,000","537,000","1,859,000","1,999,000","2,096,671","2,185,651","2,453,681","3,284,527","3,983,869","3,438,644",,"1,557,858",,"800,000",,
InterestExpense,"18,700,000","4,700,000","4,700,000","4,600,000","4,700,000","4,600,000","4,800,000","4,900,000","5,600,000","8,200,000","10,000,000","11,700,000","12,200,000","10,300,000","4,300,000","4,100,000","2,900,000","2,600,000","3,500,000","3,300,000","1,400,000","800,000","2,200,000","500,000","600,000","600,000","546,000","834,000","1,296,000","2,059,000","3,527,000","4,709,000","4,746,000","4,610,000","4,562,000","4,540,000","4,520,000","4,436,000","4,490,000","4,384,000","3,879,000","3,886,000","5,111,000","5,416,000","5,431,000","5,413,000","5,459,000","4,809,000","4,759,000","4,687,000","3,659,000","3,331,000","3,248,000","2,637,000",,,,"108,000","34,000","717,000","713,000",,"481,000",,"1,000",,"21,000",,"1,000",,"-2,000",,,"2,000","18,000","31,000",,,"27,000","25,000","30,000","34,000","48,191","31,104","54,245","39,178","29,834","34,541",,"27,996",,,,
NetInterestIncome,"-2,400,000","-400,000","-500,000","-800,000","-700,000","100,000","200,000","1,500,000","1,600,000","1,800,000","1,500,000","400,000","-1,400,000","-500,000","4,400,000","3,800,000","-2,900,000","-2,600,000","-3,500,000","-3,300,000","-1,400,000","-800,000","-2,200,000","-500,000","-600,000","-600,000","-546,000","-834,000","-1,296,000","-2,059,000","-3,527,000","-4,709,000","-3,636,000","-3,378,000","-3,451,000","-3,672,000","-3,651,000","-3,457,000","-3,774,000","-3,246,000","-2,824,000","-2,853,000","-4,181,000","-4,400,000","-4,592,000","-4,747,000","-4,830,000","-4,245,000","-3,957,000","-3,743,000","-2,654,000","-2,246,000","-1,913,000","-916,000","2,286,000","2,311,000","2,804,000","3,608,000","3,905,000","2,964,000","1,225,000",,"3,172,000","2,664,000","2,484,000","1,898,000","1,738,000",,"1,200,000","981,000","894,000",,"674,000","647,000","573,000","606,000",,,"531,000","512,000","1,829,000","1,965,000","2,048,480","2,154,547","2,399,436","3,245,349","3,954,035","3,404,103",,"1,529,862",,"800,000",,
EBIT,"888,800,000","313,400,000","145,200,000","209,000,000","221,200,000","37,100,000","119,200,000","223,900,000","139,500,000","179,800,000","78,300,000","178,600,000","262,600,000","-640,300,000","96,200,000","144,200,000","220,800,000","311,600,000","144,500,000","324,000,000","45,600,000","264,400,000","173,700,000","239,600,000","286,300,000","364,500,000","156,578,000","737,697,000","169,630,000","-14,733,000","178,291,000","-31,124,000","177,779,000","217,826,000","-27,068,000","105,719,000","123,039,000","95,271,000","129,442,000","112,877,000","107,169,000","107,822,000","65,101,000","103,672,000","115,045,000","32,239,000","9,964,000","62,543,000","61,678,000","33,368,000","-1,074,000","12,377,000","-2,295,000","22,633,000","-124,086,000","18,060,000","18,990,000","14,754,000","-8,395,000","14,157,000","8,045,000","-7,505,000","3,549,000","11,433,000","11,516,000","2,484,000","10,355,000","14,535,000","11,163,000","6,839,000","6,314,000","5,698,000","3,571,000","-2,373,000","-3,523,000","-1,743,000","-2,828,000","-3,432,000","-3,113,000","-6,537,000","-1,379,000","-6,975,000","-9,512,225","-11,897,687","-12,973,146","-11,893,550","-31,069,402","-10,422,915","-30,519,583","-9,488,785","-9,500,000","-7,100,000","-6,200,000","-12,300,000"
EBITDA,"938,700,000"
ReconciledCostOfRevenue,"125,400,000","25,900,000","34,600,000","27,700,000","37,200,000","23,000,000","34,800,000","24,000,000","25,900,000","23,400,000","28,800,000","33,000,000","26,700,000","29,100,000","31,900,000","51,900,000","61,700,000","53,200,000","53,000,000","19,500,000","18,900,000","14,300,000","28,400,000","23,600,000","20,000,000","700,000","25,309,000","6,891,000","16,058,000","20,778,000","15,770,000","40,803,000","38,709,000","30,600,000","38,778,000","30,716,000","32,320,000","29,313,000","37,665,000","27,968,000","29,633,000","24,031,000","25,327,000","22,676,000","21,162,000","21,471,000","20,173,000","21,722,000","16,684,000","14,886,000","13,496,000","12,755,000","10,084,000","8,986,000","8,107,000","7,741,000","7,332,000","6,886,000","6,357,000","6,166,000","5,342,000","4,396,000","4,753,000","4,154,000","4,244,000","3,877,000","3,153,000","3,432,000","3,175,000","2,555,000","2,252,000","2,160,000","2,043,000","1,795,000","1,280,000","1,753,000","2,020,000","1,730,000","1,498,000","1,275,000","1,913,000","770,000","747,786","859,372","724,711","286,006","711,858","252,137","397,713","344,079",,,,
ReconciledDepreciation,"49,900,000","12,500,000","12,600,000","12,400,000","12,400,000","12,500,000","13,100,000","11,800,000","12,600,000","12,400,000","12,500,000","12,700,000","10,400,000","10,300,000","10,500,000","9,400,000","8,100,000","7,900,000","7,700,000","7,700,000","7,700,000","7,900,000","7,800,000","8,200,000","7,900,000","7,700,000","7,961,000","8,248,000","8,382,000","8,330,000","8,932,000","8,107,000","7,641,000","7,565,000","7,753,000","7,661,000","7,680,000","8,165,000","7,290,000","6,915,000","6,292,000","6,648,000","4,898,000","4,991,000","4,837,000","5,809,000","3,739,000","5,028,000","4,583,000","4,570,000","4,721,000","2,505,000","2,403,000","1,765,000","2,383,000","1,009,000","-85,000","1,229,000","401,000","127,000","258,000","171,000","24,000","401,000","502,000","537,000","618,000","592,000","614,000","590,000","615,000","576,000","501,000","584,000","640,000","569,000","598,000","518,000","490,000","567,000","1,054,000","1,024,000","1,400,124","839,686","755,698","519,277","-4,224","12,410","35,874","-123,796","-1,400,000","200,000",,
NetIncomeFromContinuingOperationNetMinorityInterest,"687,400,000","239,900,000","112,200,000","162,700,000","172,600,000","28,300,000","98,800,000","171,200,000","107,100,000","137,700,000","52,600,000","132,400,000","205,100,000","-494,600,000","65,300,000","106,500,000","172,900,000","244,500,000","19,000,000","276,300,000","-56,000,000","178,600,000","110,300,000","161,800,000","206,100,000","235,500,000","104,644,000","464,425,000","99,211,000","-16,641,000","115,935,000","-25,237,000","111,852,000","137,524,000","-30,314,000","62,685,000","79,864,000","62,325,000","83,255,000","78,111,000","72,316,000","70,760,000","43,189,000","80,615,000","73,891,000","16,390,000","9,544,000","39,736,000","37,707,000","18,929,000","-3,330,000","11,937,000","-2,344,000","13,197,000","-81,145,000","12,623,000","14,331,000","11,403,000","1,986,000","14,848,000","5,806,000","-2,781,000","55,507,000","8,478,000","7,673,000","2,307,000","29,410,000","15,763,000","12,181,000","7,661,000","6,890,000","6,266,000","4,140,000","-1,847,000","-3,220,000","-1,341,000","-2,384,000","-3,024,000","-2,605,000","-12,188,000","-3,180,000","-5,678,000","-7,427,133","-9,810,895","-10,646,937","-9,402,784","-31,872,554","-7,014,023","-28,810,316","-7,911,597","-8,800,000","-6,400,000","-6,100,000","-12,200,000"
TotalUnusualItemsExcludingGoodwill,"-4,000,000","-1,700,000","0","0","-2,300,000","0","0","-3,500,000","0","-5,600,000","0","0",,,"-41,100,000","-12,400,000","0",,"0","-3,100,000","-256,500,000",,"0",,,,"0","350,000,000",,,,,,,,,"-72,000","-47,000","156,000","31,068,000","569,000","72,000","672,000","-278,000","-257,000","-5,273,000","314,000","137,000","93,000","0","145,000","-403,000","529,000","364,000","-1,057,000","-493,000","817,000","-292,000","-572,000","-34,000","-279,000","4,000","1,162,000","23,000","5,000","-2,014,000","13,000","6,000","13,000","21,000","-15,000","45,000","6,000","6,000","55,000","17,000","28,000","87,000","35,000","-6,156,000","-3,563,000","-591,000","-224,943","39,186","-73,227","-92,402","-4,757,187","4,789","24,063","47,326",,,,"200,000"
TotalUnusualItems,"-4,000,000","-1,700,000","0","0","-2,300,000","0","0","-3,500,000","0","-5,600,000","0","0",,,"-41,100,000","-12,400,000","0",,"0","-3,100,000","-256,500,000",,"0",,,,"0","350,000,000",,,,,,,,,"-72,000","-47,000","156,000","31,068,000","569,000","72,000","672,000","-278,000","-257,000","-5,273,000","314,000","137,000","93,000","0","145,000","-403,000","529,000","364,000","-1,057,000","-493,000","817,000","-292,000","-572,000","-34,000","-279,000","4,000","1,162,000","23,000","5,000","-2,014,000","13,000","6,000","13,000","21,000","-15,000","45,000","6,000","6,000","55,000","17,000","28,000","87,000","35,000","-6,156,000","-3,563,000","-591,000","-224,943","39,186","-73,227","-92,402","-4,757,187","4,789","24,063","47,326",,,,"200,000"
NormalizedEBITDA,"942,700,000","327,600,000","157,800,000","221,400,000","235,900,000","49,600,000","132,300,000","239,200,000","152,100,000","197,800,000","90,800,000","191,300,000","273,000,000","-630,000,000","147,800,000","166,000,000","228,900,000","319,500,000","152,200,000","334,800,000","309,800,000","272,300,000","181,500,000","247,800,000","294,200,000","372,200,000","164,539,000","395,945,000","178,012,000","-6,403,000","187,223,000","-23,017,000","185,420,000","225,391,000","-19,315,000","113,380,000","130,719,000","103,436,000","136,732,000","88,724,000","112,892,000","114,398,000","69,327,000","108,941,000","120,139,000","43,321,000","13,389,000","67,434,000","66,168,000","37,938,000","3,502,000","15,285,000","-421,000","24,034,000","-120,646,000","19,562,000","18,173,000","16,275,000","-7,422,000","14,318,000","8,582,000","-7,338,000","2,411,000","11,811,000","12,013,000","5,035,000","10,960,000","15,121,000","11,764,000","7,408,000","6,944,000","6,229,000","4,066,000","-1,795,000","-2,938,000","-1,191,000","-2,258,000","-3,001,000","-2,658,000","186,000","3,238,000","-5,360,000","-7,887,158","-11,097,187","-12,144,221","-11,138,967","-26,316,439","-10,415,294","-30,507,772","-9,659,907","-10,900,000","-6,900,000","-6,200,000","-12,500,000"
TaxRateForCalcs,"0.21","0.22","0.201","0.204","0.203","0.13","0.136","0.218","0.2","0.2","0.23","0.207","0.181","0.24","0.289","0.24","0.207","0.21","0.4","0.138","0.4","0.32","0.357","0.323","0.279","0.353","0.329","0.37","0.4","0.009","0.337","0.296","0.354","0.355","0.042","0.38","0.326","0.314","0.334","0.28","0.3","0.319","0.28","0.18","0.326","0.389","0.35","0.312","0.338","0.34","0.296","0.35","0.35","0.34","0.389","0.365","0.365","0.365","0.35","0.127","0.349","0.342","0.4","0.399","0.4","0.4","0.4","0.4","0.4","0.4","0.4","0.4","0.4","0","0","0","0","0","0","0","0","0","0","0","0","0.4","0.4","0.4","0.4","0.4","0.4","0.4","0.4","0.4"
TaxEffectOfUnusualItems,"-839,903.459","-374,000","0","0","-466,374.134","0","0","-763,926.941","0","-1,120,000","0","0","0","0","-11,896,191.513","-2,973,875.803","0","0","0","-429,186.155","-102,600,000","0","0","0","0","0","0","129,404,380.461","0","0","0","0","0","0","0","0","0","0","0","8,700,173.984","170,628.386","22,982.143","188,202.567","-49,912.453","-83,755.825","-2,051,331.842","109,900","42,708.387","31,390.502","0","42,982.252","-141,050","185,150","123,766.553","-410,662.605","-179,949.092","298,193.415","-106,575.04","-200,200","-4,330.179","-97,236.759","1,367.724","464,800","9,170.638","2,000","-805,600","5,200","2,400","5,200","8,400","-6,000","18,000","2,400","0","0","0","0","0","0","0","0","0","0","0","0","-36,960.8","-1,902,874.8","1,915.6","9,625.2","18,930.4","0","0","0","80,000"