name,ttm,03/31/2022,12/31/2021,09/30/2021,06/30/2021,03/31/2021,12/31/2020,09/30/2020,06/30/2020,03/31/2020,12/31/2019,09/30/2019,06/30/2019,03/31/2019,12/31/2018,09/30/2018,06/30/2018,03/31/2018,12/31/2017,09/30/2017,06/30/2017,03/31/2017,12/31/2016,09/30/2016,06/30/2016,03/31/2016,12/31/2015,09/30/2015,06/30/2015,03/31/2015,12/31/2014,09/30/2014,06/30/2014,03/31/2014,12/31/2013,09/30/2013,06/30/2013,03/31/2013,12/31/2012,09/30/2012,06/30/2012,03/31/2012,12/31/2011,09/30/2011,06/30/2011,03/31/2011,12/31/2010,09/30/2010,06/30/2010,03/31/2010,12/31/2009,09/30/2009,06/30/2009,03/31/2009,12/31/2008,09/30/2008,06/30/2008,03/31/2008,12/31/2007,09/30/2007,06/30/2007,03/31/2007,12/31/2006,09/30/2006,06/30/2006,03/31/2006,12/31/2005,09/30/2005,06/30/2005,03/31/2005,12/31/2004,09/30/2004,06/30/2004,03/31/2004,12/31/2003,09/30/2003,06/30/2003,03/31/2003,12/31/2002,09/30/2002,06/30/2002,03/31/2002,12/31/2001,09/30/2001,06/30/2001,03/31/2001,12/31/2000,09/30/2000,06/30/2000,03/31/2000,12/31/1999,09/30/1999,06/30/1999,03/31/1999,12/31/1998,09/30/1998,06/30/1998,03/31/1998,12/31/1997,09/30/1997,06/30/1997,03/31/1997,12/31/1996,09/30/1996,06/30/1996,03/31/1996,12/31/1995,09/30/1995,06/30/1995,03/31/1995,12/31/1994,09/30/1994,06/30/1994,03/31/1994,12/31/1993,09/30/1993,06/30/1993,03/31/1993,12/31/1992,09/30/1992,06/30/1992,03/31/1992,12/31/1991,09/30/1991,06/30/1991,03/31/1991,12/31/1990,09/30/1990,06/30/1990,03/31/1990,12/31/1989,09/30/1989,06/30/1989,03/31/1989,12/31/1988,09/30/1988,06/30/1988,03/31/1988,12/31/1987,09/30/1987,06/30/1987,03/31/1987,12/31/1986,09/30/1986,06/30/1986,03/31/1986,12/31/1985,09/30/1985
TotalRevenue,"527,100,000","192,600,000","139,800,000","98,100,000","96,600,000","138,800,000","116,900,000","87,400,000","83,900,000","130,400,000","116,400,000","85,300,000","84,400,000","152,100,000","125,600,000","88,200,000","84,500,000","145,800,000","115,400,000","84,000,000","80,800,000","126,000,000","104,300,000","78,800,000","74,500,000","125,800,000","102,400,000","74,700,000","77,500,000","172,200,000","119,800,000","76,600,000","73,300,000","156,100,000","109,800,000","72,500,000","66,400,000","118,200,000","98,800,000","71,300,000","68,800,000","114,200,000","94,700,000","73,200,000","69,500,000","115,400,000","97,900,000","76,100,000","71,400,000","113,000,000","89,500,000","70,400,000","71,500,000","135,600,000","87,800,000","69,100,000","59,400,000","71,900,000","64,300,000","61,800,000","59,000,000","77,800,000","63,645,000","66,287,000","60,226,000","70,703,000","64,052,000","56,654,000","51,439,000","60,000,000","55,989,000","50,049,000","48,606,000","59,493,000","53,331,000","52,892,000","49,624,000","64,807,000","50,573,000","48,007,000","45,517,000","44,289,000","47,429,000","49,484,000","45,619,000","64,490,000","49,252,000","44,464,000","42,908,000","46,317,000","44,600,000","42,700,000","42,800,000","42,400,000","40,800,000","40,300,000","41,500,000","44,000,000","43,100,000","40,600,000","40,600,000","45,400,000","43,700,000","42,400,000","40,700,000","44,100,000","40,000,000","37,800,000","37,700,000","41,000,000","38,300,000","35,900,000","36,100,000","43,200,000","39,700,000","36,700,000","35,000,000","40,200,000","39,200,000","33,800,000","34,300,000","22,800,000","22,700,000","21,900,000","20,400,000","22,800,000","22,600,000","20,800,000","21,100,000","23,400,000","21,200,000","19,500,000","18,800,000","21,800,000","18,600,000","19,000,000","16,900,000","18,800,000","16,900,000","15,600,000","15,400,000","18,200,000","13,900,000","13,300,000","11,700,000","16,000,000","14,200,000","14,600,000"
	OperatingRevenue,"527,100,000","192,600,000","139,800,000","98,100,000","96,600,000","138,800,000","116,900,000","87,400,000","83,900,000","130,400,000","116,400,000","85,300,000","84,400,000","151,200,000","124,400,000","87,100,000","83,400,000","144,500,000","113,900,000","82,600,000","79,400,000","124,300,000","102,800,000","77,300,000","73,000,000","124,200,000","100,900,000","73,100,000","76,000,000","170,600,000","118,600,000","75,100,000","71,900,000","154,500,000","108,400,000","71,000,000","65,000,000","116,700,000","93,300,000","71,300,000","68,800,000","114,200,000","94,700,000","73,200,000","69,500,000","115,400,000","97,900,000","76,100,000","71,400,000","113,000,000","89,500,000","70,400,000","71,500,000","135,600,000","87,800,000","69,100,000","59,400,000","71,900,000","64,300,000","61,800,000","59,000,000","77,800,000","63,645,000","66,287,000","60,226,000","70,703,000","64,052,000","56,654,000","51,439,000","60,000,000","55,989,000","50,049,000","48,606,000","59,493,000","53,331,000","52,892,000","49,624,000","64,807,000","50,573,000","48,007,000","45,517,000","44,289,000","47,429,000","49,484,000","45,619,000","64,490,000","49,252,000","44,464,000","42,908,000","46,317,000","44,600,000","42,700,000","42,800,000","42,400,000","40,800,000","40,300,000","41,500,000","44,000,000","43,100,000","40,600,000","40,600,000","45,400,000","43,700,000","42,400,000","40,700,000","44,100,000","40,000,000","37,800,000","37,700,000","41,000,000","38,300,000","35,900,000","36,100,000","43,200,000","39,700,000","36,700,000","35,000,000","40,200,000","39,200,000","33,800,000","34,300,000","22,800,000","22,700,000","21,900,000","20,400,000","22,800,000","22,600,000","20,800,000","21,100,000","23,400,000","21,200,000","19,500,000","18,800,000","21,800,000","18,600,000","19,000,000","16,900,000","18,800,000","16,900,000","15,600,000","15,400,000","18,200,000","13,900,000","13,300,000","11,700,000","16,000,000","14,200,000","14,600,000"
CostOfRevenue,"361,700,000","134,500,000","92,400,000","70,000,000","64,800,000","84,300,000","71,800,000","61,000,000","53,200,000","82,800,000","75,700,000","57,000,000","54,600,000","103,100,000","84,500,000","60,000,000","56,000,000","99,600,000","74,600,000","58,800,000","53,200,000","81,900,000","66,600,000","51,200,000","48,500,000","85,600,000","67,600,000","51,500,000","53,700,000","127,500,000","84,400,000","54,200,000","52,000,000","115,900,000","81,600,000","50,900,000","46,900,000","81,300,000","107,700,000","36,900,000","35,100,000","67,600,000","47,300,000","43,500,000","40,800,000","71,700,000","59,600,000","48,500,000","46,000,000","74,100,000","61,400,000","45,800,000","45,200,000","95,600,000","63,700,000","51,100,000","40,700,000","51,900,000","44,500,000","44,000,000","40,200,000","58,000,000","45,687,000","49,210,000","42,159,000","53,098,000","45,910,000","38,904,000","33,795,000","40,750,000","37,059,000","33,737,000","32,113,000","40,517,000","38,521,000","35,128,000","33,157,000","45,190,000","21,940,000","33,150,000","30,650,000","28,858,000","43,314,000","33,722,000","29,567,000","40,171,000","42,645,000","28,489,000","26,785,000","25,853,000","26,700,000","26,600,000","26,000,000","22,900,000","22,900,000","24,900,000","25,600,000","25,100,000","24,500,000","25,400,000","24,600,000","25,500,000","25,100,000","26,700,000","24,800,000","24,200,000","22,800,000","23,400,000","23,100,000","21,400,000","20,300,000","20,000,000","20,100,000","22,200,000",,,,,,,,,,,,,,,,,,,,,,,,,,,,,,,,,,
GrossProfit,"165,400,000","58,100,000","47,400,000","28,100,000","31,800,000","54,500,000","45,100,000","26,400,000","30,700,000","47,600,000","40,700,000","28,300,000","29,800,000","49,000,000","41,100,000","28,200,000","28,500,000","46,200,000","40,800,000","25,200,000","27,600,000","44,100,000","37,700,000","27,600,000","26,000,000","40,200,000","34,800,000","23,200,000","23,800,000","44,700,000","35,400,000","22,400,000","21,300,000","40,200,000","28,200,000","21,600,000","19,500,000","36,900,000","-8,900,000","34,400,000","33,700,000","46,600,000","47,400,000","29,700,000","28,700,000","43,700,000","38,300,000","27,600,000","25,400,000","38,900,000","28,100,000","24,600,000","26,300,000","40,000,000","24,100,000","18,000,000","18,700,000","20,000,000","19,800,000","17,800,000","18,800,000","19,800,000","17,958,000","17,077,000","18,067,000","17,605,000","18,142,000","17,750,000","17,644,000","19,250,000","18,930,000","16,312,000","16,493,000","18,976,000","14,810,000","17,764,000","16,467,000","19,617,000","28,633,000","14,857,000","14,867,000","15,431,000","4,115,000","15,762,000","16,052,000","24,319,000","6,607,000","15,975,000","16,123,000","20,464,000","17,900,000","16,100,000","16,800,000","19,500,000","17,900,000","15,400,000","15,900,000","18,900,000","18,600,000","15,200,000","16,000,000","19,900,000","18,600,000","15,700,000","15,900,000","19,900,000","17,200,000","14,400,000","14,600,000","19,600,000","18,000,000","15,900,000","16,000,000","21,000,000",,,,,,,,,,,,,,,,,,,,,,,,,,,,,,,,,,
OperatingExpense,"85,200,000","22,300,000","21,000,000","20,900,000","21,000,000","21,100,000","19,800,000","19,000,000","19,600,000","20,000,000","18,700,000","18,300,000","17,500,000","20,200,000","18,900,000","17,900,000","17,900,000","18,100,000","17,200,000","15,700,000","17,100,000","18,000,000","16,400,000","16,500,000","16,500,000","16,800,000","16,300,000","15,900,000","14,900,000","16,300,000","15,300,000","15,000,000","14,200,000","14,800,000","300,000","16,100,000","14,900,000","21,400,000","-22,100,000","29,400,000","29,400,000","32,600,000","33,000,000","24,500,000","24,500,000","30,300,000","28,500,000","23,000,000","22,700,000","28,000,000","23,500,000","21,200,000","22,100,000","26,100,000","20,700,000","13,600,000","13,800,000","12,200,000","9,300,000","13,100,000","13,700,000","13,500,000","11,761,000","12,261,000","13,999,000","12,565,000","12,229,000","13,862,000","13,538,000","13,341,000","13,107,000","12,863,000","12,329,000","13,012,000","9,951,000","13,608,000","12,433,000","13,666,000","25,385,000","11,090,000","10,859,000","10,716,000","1,311,000","11,949,000","12,158,000","19,585,000","1,802,000","12,735,000","12,545,000","14,638,000","12,600,000","12,000,000","12,700,000","13,600,000","12,600,000","11,400,000","12,100,000","12,900,000","13,500,000","11,200,000","11,700,000","13,700,000","13,100,000","11,900,000","12,500,000","13,500,000","12,400,000","10,300,000","10,800,000","13,900,000","13,400,000","12,100,000","12,600,000","14,800,000",,,,,,,,,,,,,,,,,,,,,,,,,,,,,,,,,,
	SellingGeneralAndAdministration,,,,,,,,,,,,,,,,,,,,,,,,,,,,,,,,,,,,,,,,"2,600,000","2,300,000","1,900,000","3,200,000","2,200,000","1,600,000","1,500,000","3,000,000","1,600,000","2,500,000","1,700,000","1,300,000","1,200,000","1,400,000","1,100,000","700,000","600,000","900,000",,,"800,000","1,100,000",,,,,,,,,,,,,,,,,,,,,,,,,,,,,,,,,,,,,,,,,,,,,,,,,,,,,,,,,,,,,,,,,,,,,,,,,,,,,,,,,,,,,,,
	ResearchAndDevelopment,,,,,,,,,,,,,,,,,,,,,,,,,,,,,,,,,,,,"2,600,000","2,200,000","1,800,000",,,,,,,,,,,,,,,,,,,,,,,,,,,,,,,,,,,,,,,,,,,,,,,,,,,,,,,,,,,,,,,,,,,,,,,,,,,,,,,,,,,,,,,,,,,,,,,,,,,,,,,,,,,,,,
	DepreciationAmortizationDepletionIncomeStatement,"60,100,000","15,500,000","15,000,000","14,800,000","14,800,000","14,900,000","13,800,000","13,700,000","13,500,000","13,500,000","13,000,000","12,800,000","12,400,000","13,800,000","13,000,000","12,400,000","12,700,000","12,300,000","11,700,000","10,800,000","11,900,000","12,500,000","11,500,000","11,600,000","11,700,000","11,800,000","11,600,000","11,400,000","11,300,000","11,400,000","10,900,000","10,800,000","10,200,000","10,200,000","9,500,000","9,600,000","9,200,000","9,400,000","9,200,000","8,900,000","8,700,000","8,300,000","6,800,000","6,900,000","7,700,000","7,900,000","8,500,000","6,200,000","7,100,000","7,100,000","8,100,000","6,600,000","6,400,000","6,300,000","4,800,000","4,600,000","4,500,000","5,200,000","4,400,000","4,500,000","4,400,000","4,500,000","4,097,000","3,452,000","4,341,000","4,179,000","3,814,000","5,007,000","5,076,000","5,226,000","5,009,000","4,664,000","4,393,000","4,764,000","5,004,000","4,488,000","4,316,000","4,948,000","3,801,000","3,954,000","3,618,000","3,538,000","2,725,000","3,473,000","3,203,000","3,366,000","3,038,000","2,865,000","2,972,000","2,991,000","3,000,000","2,500,000","2,800,000","2,900,000","2,500,000","2,500,000","2,400,000","2,300,000","2,400,000","2,200,000","2,200,000","2,300,000","2,200,000","2,300,000","2,000,000","2,100,000","1,900,000","1,900,000","1,900,000","2,000,000","1,900,000","1,900,000","1,900,000","1,900,000",,,,,,,,,,,,,,,,,,,,,,,,,,,,,,,,,,
		DepreciationAndAmortizationInIncomeStatement,"60,100,000","15,500,000","15,000,000","14,800,000","14,800,000","14,900,000","13,800,000","13,700,000","13,500,000","13,500,000","13,000,000","12,800,000","12,400,000","13,800,000","13,000,000","12,400,000","12,700,000","12,300,000","11,700,000","10,800,000","11,900,000","12,500,000","11,500,000","11,600,000","11,700,000","11,800,000","11,600,000","11,400,000","11,300,000","11,400,000","10,900,000","10,800,000","10,200,000","10,200,000","9,500,000","9,600,000","9,200,000","9,400,000","9,200,000","8,900,000","8,700,000","8,300,000","6,800,000","6,900,000","7,700,000","7,900,000","8,500,000","6,200,000","7,100,000","7,100,000","8,100,000","6,600,000","6,400,000","6,300,000",,,,,,,,,,,,,,,,,,,,,,,,,,,,,,,,,,,,,,,,,,,,,,,,,,,,,,,,,,,,,,,,,,,,,,,,,,,,,,,,,,,,,,,,,,,,,,
	OtherTaxes,"25,100,000","6,800,000","6,000,000","6,100,000","6,200,000","6,200,000","6,000,000","5,300,000","6,100,000","6,500,000","5,700,000","5,500,000","5,100,000","6,400,000","5,900,000","5,500,000","5,200,000","5,800,000","5,500,000","4,900,000","5,200,000","5,500,000","4,900,000","4,900,000","4,800,000","5,000,000","4,700,000","4,500,000","3,600,000","4,900,000","4,400,000","4,200,000","4,000,000","4,600,000","-2,600,000","3,900,000","3,500,000","10,200,000","9,000,000","3,500,000","3,500,000","9,000,000","9,800,000","1,800,000","2,700,000","8,700,000","5,100,000","2,100,000","1,500,000","7,000,000","3,800,000","1,400,000","2,300,000","8,300,000","6,400,000","1,400,000","1,400,000","1,700,000","1,400,000","1,300,000","1,400,000","1,500,000","1,261,000","1,336,000","1,407,000","1,497,000","1,090,000","1,314,000","1,328,000","1,486,000","1,309,000","1,213,000","1,250,000","1,410,000","1,025,000","1,201,000","1,195,000","1,384,000","1,255,000","1,091,000","1,105,000","1,280,000","1,060,000","930,000","1,289,000","1,387,000","1,165,000","1,180,000","1,245,000","1,377,000","900,000","1,400,000","1,400,000","1,500,000","1,300,000","1,400,000","1,400,000","1,400,000","1,200,000","1,300,000","1,400,000","1,400,000","1,200,000","1,200,000","1,300,000","1,300,000","1,300,000","1,100,000","1,100,000","1,200,000","1,200,000","1,000,000","1,000,000","1,200,000",,,,,,,,,,,,,,,,,,,,,,,,,,,,,,,,,,
	OtherOperatingExpenses,,,,,,,,,,,,,,,,,,,,,,,,,,,,,,,,,,,,,,,,,,,,,,,,,,,,,,,,,,,,,,,,"915,000","1,190,000","797,000",,"932,000","1,198,000",,,"949,000","961,000",,,,,,"12,823,000",,"-82,000",,"-8,422,000","1,123,000","2,227,000","7,642,000","-8,017,000","1,953,000","2,305,000","4,101,000","3,000,000","1,700,000","2,200,000","3,300,000","2,700,000","1,700,000","2,200,000","3,600,000","3,600,000","1,900,000","2,200,000","4,400,000","3,800,000","2,400,000","2,800,000","4,300,000","3,200,000","1,700,000","2,100,000","3,500,000","2,800,000","1,800,000","2,300,000","4,500,000",,,,,,,,,,,,,,,,,,,,,,,,,,,,,,,,,,
OperatingIncome,"80,200,000","35,800,000","26,400,000","7,200,000","10,800,000","33,400,000","25,300,000","7,400,000","11,100,000","27,600,000","22,000,000","10,000,000","12,300,000","28,800,000","22,200,000","10,300,000","10,600,000","28,100,000","23,600,000","9,500,000","10,500,000","26,100,000","21,300,000","11,100,000","9,500,000","23,400,000","18,500,000","7,300,000","8,900,000","28,400,000","20,100,000","7,400,000","7,100,000","25,400,000","27,900,000","5,500,000","4,600,000","15,500,000","13,200,000","5,000,000","4,300,000","14,000,000","14,400,000","5,200,000","4,200,000","13,400,000","9,800,000","4,600,000","2,700,000","10,900,000","4,600,000","3,400,000","4,200,000","13,900,000","3,400,000","4,400,000","4,900,000","7,800,000","10,500,000","4,700,000","5,100,000","6,300,000","6,197,000","4,816,000","4,068,000","5,040,000","5,913,000","3,888,000","4,106,000","5,909,000","5,823,000","3,449,000","4,164,000","5,964,000","4,859,000","4,156,000","4,034,000","5,951,000","3,248,000","3,767,000","4,008,000","4,715,000","2,804,000","3,813,000","3,894,000","4,734,000","4,805,000","3,240,000","3,578,000","5,826,000","5,300,000","4,100,000","4,100,000","5,900,000","5,300,000","4,000,000","3,800,000","6,000,000","5,100,000","4,000,000","4,300,000","6,200,000","5,500,000","3,800,000","3,400,000","6,400,000","4,800,000","4,100,000","3,800,000","5,700,000","4,600,000","3,800,000","3,400,000","6,200,000","39,700,000","36,700,000","35,000,000","40,200,000","39,200,000","33,800,000","34,300,000","22,800,000","22,700,000","21,900,000","20,400,000","22,800,000","22,600,000","20,800,000","21,100,000","23,400,000","21,200,000","19,500,000","18,800,000","21,800,000","18,600,000","19,000,000","16,900,000","18,800,000","16,900,000","15,600,000","15,400,000","18,200,000","13,900,000","13,300,000","11,700,000","16,000,000","14,200,000","14,600,000"
NetNonOperatingInterestIncomeExpense,"-25,100,000","-6,200,000","-6,100,000","-6,500,000","-6,300,000","-6,700,000","-6,100,000","-5,600,000","-5,900,000","-6,200,000","-5,800,000","-5,800,000","-5,900,000","-6,200,000","-6,100,000","-6,000,000","-5,900,000","-6,000,000","-6,000,000","-5,800,000","-5,300,000","-6,000,000","-5,800,000","-5,500,000","-5,700,000","-5,500,000","-4,600,000","-5,500,000","-6,000,000","-5,800,000","-5,400,000","-5,000,000","-5,300,000","-5,200,000","-4,800,000","-4,800,000","-4,600,000","-4,600,000","-4,200,000","-4,400,000","-4,600,000","-4,900,000","-4,400,000","-6,600,000","-4,800,000","-4,600,000","-4,600,000","-4,700,000","-4,500,000","-4,400,000","-3,300,000","-4,000,000","-3,700,000","-4,800,000",,,,,,,,,,,,,,,,,,,,,,,,,,,,,,,,,,,,,,,,,,,,,,,,,,,,,,,,,,,,,,,,,,,,,,,,,,,,,,,,,,,,,,,,,,,,,,
	InterestIncomeNonOperating,"1,800,000","400,000","500,000","300,000","400,000","200,000","700,000","800,000","400,000","600,000","900,000","700,000","700,000","600,000","900,000","600,000","500,000","400,000","900,000","600,000","500,000","400,000","200,000","500,000","200,000","300,000","1,300,000","300,000","0","100,000","400,000","400,000","200,000","300,000","700,000","800,000","800,000","800,000",,,"1,000,000","700,000",,"200,000","700,000","1,000,000","1,200,000","800,000","1,000,000","800,000",,"1,100,000",,,,,,,,,,,,,,,,,,,,,,,,,,,,,,,,,,,,,,,,,,,,,,,,,,,,,,,,,,,,,,,,,,,,,,,,,,,,,,,,,,,,,,,,,,,,,,,,
	InterestExpenseNonOperating,"26,900,000","6,600,000","6,600,000","6,800,000","6,700,000","6,900,000","6,800,000","6,400,000","6,300,000","6,800,000","6,700,000","6,500,000","6,600,000","6,800,000","7,000,000","6,600,000","6,400,000","6,400,000","6,900,000","6,400,000","5,800,000","6,400,000","6,000,000","6,000,000","5,900,000","5,800,000","5,900,000","5,800,000","6,000,000","5,900,000","5,800,000","5,400,000","5,500,000","5,500,000","5,500,000","5,600,000","5,400,000","5,400,000","8,400,000","4,400,000","5,600,000","5,600,000","3,800,000","6,800,000","5,500,000","5,600,000","5,800,000","5,500,000","5,500,000","5,200,000","300,000","5,100,000","3,700,000","4,800,000",,,,,,,,,,,,,,,,,,,,,,,,,,,,,,,,,,,,,,,,,,,,,,,,,,,,,,,,,,,,,,,,,,,,,,,,,,,,,,,,,,,,,,,,,,,,,,
OtherIncomeExpense,"-4,000,000","-700,000","-1,200,000","-1,000,000","-1,100,000","-1,300,000","-1,200,000","-1,100,000","-1,400,000","-1,500,000","-1,200,000","-1,000,000","-1,300,000","12,100,000","-1,700,000","-1,100,000","-1,300,000","-1,700,000","0",,"-100,000",,"-100,000","-100,000","-100,000",,"700,000",,"-100,000","-100,000","-100,000","-100,000","-100,000","-100,000","-100,000","-100,000","-100,000","-100,000","0","-100,000",,"-100,000","800,000","-200,000","-100,000","-100,000","0",,"-200,000",,"100,000",,"200,000",,"600,000",,"-200,000","-100,000",,,"-100,000",,"-36,000","-38,000","72,000","21,000","-19,000","-46,000","-43,000","-39,000","-43,000","-41,000","-67,000","-42,000","71,000","71,000","-51,000","-51,000","32,000","-44,000","-60,000","-31,000",,"-54,000","-42,000","-46,000",,"-61,000","-84,000","-49,000",,,,,"-100,000",,,,"-100,000","-100,000",,,"0",,"600,000",,"-300,000","100,000","100,000","-100,000",,,,,,,,,,,,,,,,,,,,,,,,,,,,,,,,,,,,,,
	SpecialIncomeCharges,,,,,,,,,,,,,,,,,,,,,,,,,,,,,,,,,,,,,,,,"-100,000","0","-100,000","800,000","-200,000","-100,000","-100,000","0","0","-200,000","0","100,000","0","200,000","0","600,000",,"-200,000","-100,000",,,"-100,000",,"-36,000","-38,000","72,000","21,000","-19,000","-46,000","-43,000","-39,000","-43,000","-41,000","-67,000","-42,000","71,000","71,000","-51,000","-51,000","32,000","-44,000","-60,000","-31,000",,"-54,000","-42,000","-46,000",,"-61,000","-84,000","-49,000",,,,,"-100,000",,,,"-100,000","-100,000",,,"0",,"600,000",,"-300,000","100,000","100,000","-100,000",,,,,,,,,,,,,,,,,,,,,,,,,,,,,,,,,,,,,,
		OtherSpecialCharges,,,,,,,,,,,,,,,,,,,,,,,,,,,,,,,,,,,,,,,,,,"100,000",,,"100,000",,,,"200,000",,,,,,,,,,,,,,,,,,,,,,,,,,,,,,,,,,,,,,,,,,,,,,,,,,,,,,,,,,,,,,,,,,,,,,,,,,,,,,,,,,,,,,,,,,,,,,,,,,,
	OtherNonOperatingIncomeExpenses,"-4,000,000","-700,000","-1,200,000","-1,000,000","-1,100,000","-1,300,000","-1,200,000","-1,100,000","-1,400,000","-1,500,000","-1,200,000","-1,000,000","-1,300,000","12,100,000","-1,700,000","-1,100,000","-1,300,000","-1,700,000","0",,"-100,000",,"-100,000","-100,000","-100,000",,"700,000",,"-100,000","-100,000","-100,000","-100,000","-100,000","-100,000","-100,000","-100,000","-100,000","-100,000",,,,,,,,,,,,,,,,,,,,,,,,,,,,,,,,,,,,,,,,,,,,,,,,,,,,,,,,,,,,,,,,,,,,,,,,,,,,,,,,,,,,,,,,,,,,,,,,,,,,,,,,,,,,,,
PretaxIncome,"51,100,000","28,900,000","19,100,000","-300,000","3,400,000","25,400,000","18,000,000","700,000","3,800,000","19,900,000","15,000,000","3,200,000","5,100,000","34,700,000","14,400,000","3,200,000","3,400,000","20,400,000","17,600,000","3,700,000","5,100,000","20,100,000","15,400,000","5,500,000","3,700,000","17,900,000","14,600,000","1,800,000","2,800,000","22,500,000","14,600,000","2,300,000","1,700,000","20,100,000","23,000,000","600,000","-100,000","10,800,000",,,"-300,000","9,000,000",,,"-700,000","8,700,000",,,"-2,000,000","6,500,000",,,,,"4,600,000","2,000,000","2,400,000","5,100,000","4,000,000","2,400,000","2,600,000","4,200,000","4,146,000","2,831,000","2,174,000","3,148,000","4,133,000","2,249,000","2,331,000","4,115,000","4,064,000","1,759,000","2,465,000","4,144,000","3,252,000","2,301,000","2,138,000","3,818,000","1,774,000","1,898,000","2,117,000","2,789,000","1,397,000","1,912,000","2,130,000","3,009,000","3,330,000","1,492,000","1,775,000","4,032,000","3,500,000","2,500,000","2,200,000","4,100,000","3,600,000","2,300,000","2,000,000","4,000,000","3,200,000","2,200,000","2,500,000","4,500,000","3,700,000","2,200,000","2,500,000","5,000,000","3,500,000","2,500,000","2,300,000","4,200,000","3,000,000","2,200,000","1,900,000","4,900,000",,,,,,,,,,,,,,,,,,,,,,,,,,,,,,,,,,
TaxProvision,"12,400,000","7,400,000","4,600,000","-300,000","700,000","6,500,000","4,400,000","400,000","700,000","4,700,000","3,600,000","900,000","1,100,000","8,200,000","3,400,000","400,000","-200,000","4,800,000","6,400,000","1,400,000","2,000,000","7,700,000","5,200,000","2,000,000","1,200,000","7,000,000","5,300,000","100,000","1,100,000","8,900,000","5,200,000","700,000","600,000","7,500,000",,,,,,,,,,,,,,,,,,,,,"1,400,000","500,000","700,000","1,800,000","1,300,000","800,000","800,000","1,600,000","1,418,000","1,004,000","739,000","1,105,000","1,427,000","648,000","795,000","1,405,000","1,514,000","493,000","861,000","1,338,000","806,000","804,000","662,000","1,279,000","239,000","457,000","764,000","1,030,000","1,246,000","494,000","678,000","1,003,000","1,136,000","361,000","548,000","1,368,000","1,200,000","800,000","600,000","1,400,000","1,200,000","600,000","500,000","1,400,000","1,100,000","700,000","800,000","1,600,000","1,300,000","700,000","900,000","1,800,000","1,200,000","700,000","800,000","1,500,000","1,000,000","700,000","600,000","1,700,000",,,,,,,,,,,,,,,,,,,,,,,,,,,,,,,,,,
NetIncomeCommonStockholders,"38,700,000","21,500,000","14,500,000","0","2,700,000","18,900,000","13,600,000","300,000","3,100,000","15,200,000","11,400,000","2,300,000","4,000,000","26,500,000","11,000,000","2,800,000","3,600,000","15,600,000","11,200,000","2,300,000","3,100,000","12,400,000","10,200,000","3,500,000","2,500,000","10,900,000","9,300,000","1,700,000","1,700,000","13,600,000","9,400,000","1,600,000","1,100,000","12,600,000","10,300,000","600,000","-100,000","10,800,000","9,000,000","500,000","-400,000","9,000,000","10,000,000","-1,600,000","-800,000","8,700,000","5,200,000","-100,000","-2,100,000","6,500,000","1,200,000","-600,000","200,000","9,100,000","3,200,000","1,500,000","1,600,000","3,300,000","2,700,000","1,600,000","1,700,000","2,600,000","2,694,000","1,792,000","1,401,000","2,013,000","2,667,000","1,562,000","1,497,000","2,671,000","2,511,000","1,207,000","1,546,000","2,747,000","2,387,000","1,438,000","1,418,000","2,479,000","1,472,000","1,378,000","1,290,000","1,695,000","89,000","-2,583,000","1,388,000","1,939,000","2,128,000","1,067,000","1,161,000","2,597,000","2,200,000","1,600,000","1,500,000","2,600,000","2,300,000","1,600,000","1,400,000","2,500,000","2,000,000","1,400,000","1,600,000","2,800,000","2,300,000","1,400,000","1,500,000","3,100,000","2,200,000","1,700,000","1,400,000","2,600,000","1,900,000","1,400,000","1,200,000","3,100,000","2,000,000","1,200,000","1,300,000","2,400,000","2,500,000","800,000","800,000","600,000","500,000","300,000","400,000","600,000","700,000","300,000","400,000","800,000","100,000","500,000","400,000",,,,,,,,,,,,,,,
	NetIncome,"38,700,000","21,500,000","14,500,000","0","2,700,000","18,900,000","13,600,000","300,000","3,100,000","15,200,000","11,400,000","2,300,000","4,000,000","26,500,000","11,000,000","2,800,000","3,600,000","15,600,000","11,200,000","2,300,000","3,100,000","12,400,000","10,200,000","3,500,000","2,500,000","10,900,000","9,300,000","1,700,000","1,700,000","13,600,000","9,400,000","1,600,000","1,100,000","12,600,000","10,300,000","600,000","-100,000","10,800,000","9,000,000","500,000","-300,000","9,000,000","10,000,000","-1,600,000","-700,000","8,700,000","5,200,000","-100,000","-2,000,000","6,500,000","1,200,000","-600,000","300,000","9,100,000","3,200,000","1,500,000","1,700,000","3,300,000","2,700,000","1,600,000","1,800,000","2,600,000","2,728,000","1,827,000","1,435,000","2,043,000","2,706,000","1,601,000","1,536,000","2,710,000","2,550,000","1,266,000","1,604,000","2,806,000","2,446,000","1,497,000","1,476,000","2,539,000","1,535,000","1,441,000","1,353,000","1,759,000","151,000","-2,519,000","1,452,000","2,006,000","2,194,000","1,131,000","1,227,000","2,664,000","2,300,000","1,700,000","1,600,000","2,700,000","2,400,000","1,700,000","1,500,000","2,600,000","2,100,000","1,500,000","1,700,000","2,900,000","2,400,000","1,500,000","1,600,000","3,200,000","2,300,000","1,800,000","1,500,000","2,700,000","2,000,000","1,500,000","1,300,000","3,200,000","2,200,000","1,300,000","1,400,000","2,400,000","2,700,000","900,000","900,000","600,000","500,000","300,000","400,000","600,000","700,000","300,000","400,000","800,000","100,000","500,000","400,000",,,,,,,,,,,,,,,
		NetIncomeIncludingNoncontrollingInterests,"38,700,000","21,500,000","14,500,000","0","2,700,000","18,900,000","13,600,000","300,000","3,100,000","15,200,000","11,400,000","2,300,000","4,000,000","26,500,000","11,000,000","2,800,000","3,600,000","15,600,000","11,200,000","2,300,000","3,100,000","12,400,000","10,200,000","3,500,000","2,500,000","10,900,000","9,300,000","1,700,000","1,700,000","13,600,000","9,400,000","1,600,000","1,100,000","12,600,000","10,300,000","600,000","-100,000","10,800,000","9,000,000","500,000","-300,000","9,000,000","10,000,000","-1,600,000","-700,000","8,700,000","5,200,000","-100,000","-2,000,000","6,500,000","1,200,000","-600,000","300,000","9,100,000","3,200,000","1,500,000","1,700,000","3,300,000","2,700,000","1,600,000","1,800,000","2,600,000","2,728,000","1,827,000","1,435,000","2,043,000","2,706,000","1,601,000","1,536,000","2,710,000","2,550,000","1,266,000","1,604,000","2,806,000","2,446,000","1,497,000","1,476,000","2,539,000","1,535,000","1,441,000","1,353,000","1,759,000","151,000","-2,519,000","1,452,000","2,006,000","2,194,000","1,131,000","1,227,000","2,664,000","2,300,000","1,700,000","1,600,000","2,700,000","2,400,000","1,700,000","1,500,000","2,600,000","2,100,000","1,500,000","1,700,000","2,900,000","2,400,000","1,500,000","1,600,000","3,200,000","2,300,000","1,800,000","1,500,000","2,700,000","2,000,000","1,500,000","1,300,000","3,200,000","2,200,000","1,300,000","1,400,000","2,400,000","2,700,000","900,000","900,000","600,000","500,000","300,000","400,000","600,000","700,000","300,000","400,000","800,000","100,000","500,000","400,000","800,000","700,000","600,000","600,000","800,000","500,000","500,000","600,000","900,000","600,000","500,000","600,000","700,000","600,000","500,000"
			NetIncomeContinuousOperations,"38,700,000","21,500,000","14,500,000","0","2,700,000","18,900,000","13,600,000","300,000","3,100,000","15,200,000","11,400,000","2,300,000","4,000,000","26,500,000","11,000,000","2,800,000","3,600,000","15,600,000","11,200,000","2,300,000","3,100,000","12,400,000","10,200,000","3,500,000","2,500,000","10,900,000","9,300,000","1,700,000","1,700,000","13,600,000","9,400,000","1,600,000","1,100,000","12,600,000","10,300,000","600,000","-100,000","10,800,000","9,000,000","500,000","-300,000","9,000,000","10,000,000","-1,600,000","-700,000","8,700,000","5,200,000","-100,000","-2,000,000","6,500,000","1,200,000","-600,000","300,000","9,100,000","3,200,000","1,500,000","1,700,000","3,300,000","2,700,000","1,600,000","1,800,000","2,600,000","2,728,000","1,827,000","1,435,000","2,043,000","2,706,000","1,601,000","1,536,000","2,710,000","2,550,000","1,266,000","1,604,000","2,806,000","2,446,000","1,497,000","1,476,000","2,539,000","1,535,000","1,441,000","1,353,000","1,759,000","151,000","1,418,000","1,452,000","2,006,000","2,194,000","1,131,000","1,227,000","2,664,000","2,300,000","1,700,000","1,600,000","2,700,000","2,400,000","1,700,000","1,500,000","2,600,000","2,100,000","1,500,000","1,700,000","2,900,000","2,400,000","1,500,000","1,600,000","3,200,000","2,300,000","1,800,000","1,500,000","2,700,000","2,000,000","1,500,000","1,300,000","3,200,000","2,200,000","1,300,000","1,400,000","2,400,000","2,700,000","900,000","900,000","600,000","500,000","300,000","400,000","600,000","700,000","300,000","400,000","800,000","100,000","500,000","400,000","800,000","700,000","600,000","600,000","800,000","500,000","500,000","600,000","900,000","600,000","500,000","600,000","700,000","600,000","500,000"
			NetIncomeFromTaxLossCarryforward,,,,,,,,,,,,,,,,,,,,,,,,,,,,,,,,,,,,,,,,,,,,,,,,,,,,,,,,,,,,,,,,,,,,,,,,,,,,,,,,,,,"0","-3,937,000",,,,,,,,,,,,,,,,,,,,,,,,,,,,,,,,,,,,,,,,,,,,,,,,,,,,,,,,,,,,,,,,
	PreferredStockDividends,,,,,,,,,,,,,,,,,,,,,,,,,,,,,,,,,,,,,,,"0",,"100,000",,"0",,"100,000",,"0",,"100,000",,"0",,"-100,000",,"0",,"100,000",,"0",,"100,000",,"34,000","35,000","34,000","30,000","39,000","39,000","39,000","39,000","39,000","59,000","58,000","59,000","59,000","59,000","58,000","60,000","63,000","63,000","63,000","64,000","62,000","64,000","64,000","67,000","66,000","64,000","66,000","67,000","100,000","100,000","100,000","100,000","100,000","100,000","100,000","100,000","100,000","100,000","100,000","100,000","100,000","100,000","100,000","100,000","100,000","100,000","100,000","100,000","100,000","100,000","100,000","100,000",,,,,,,,,,,,,,,,,,,,,,,,,,,,,,,,,,
	OtherunderPreferredStockDividend,,,,,,,,,,,,,,,,,,,,,,,,,,,,,,,,,,,,,,,,,,,,,,,,,,,,,"200,000",,,,,,,,,,,,,,,,,,,,,,,,,,,,,,,,,,,,,,,,,,,,,,,,,,,,,,,,,,,,,,"200,000","100,000","100,000",,"200,000","100,000","100,000",,"0",,,,"0",,,,"0",,,,,,,,,,,,,,,,,
DilutedNIAvailtoComStockholders,"38,700,000","21,500,000","14,500,000","0","2,700,000","18,900,000","13,600,000","300,000","3,100,000","15,200,000","11,400,000","2,300,000","4,000,000","26,500,000","11,000,000","2,800,000","3,600,000","15,600,000","11,200,000","2,300,000","3,100,000","12,400,000","10,200,000","3,500,000","2,500,000","10,900,000","9,300,000","1,700,000","1,700,000","13,600,000","9,400,000","1,600,000","1,100,000","12,600,000","10,300,000","600,000","-100,000","10,800,000","9,000,000","500,000","-400,000","9,000,000","10,000,000","-1,600,000","-800,000","8,700,000","5,200,000","-100,000","-2,100,000","6,500,000","1,200,000","-600,000","200,000","9,100,000","3,200,000","1,500,000","1,600,000","3,300,000","2,700,000","1,600,000","1,700,000","2,600,000","2,694,000","1,792,000","1,401,000","2,013,000","2,667,000","1,562,000","1,497,000","2,671,000","2,511,000","1,207,000","1,546,000","2,747,000","2,387,000","1,438,000","1,418,000","2,479,000","1,472,000","1,378,000","1,290,000","1,695,000","89,000","-2,583,000","1,388,000","1,939,000","2,128,000","1,067,000","1,161,000","2,597,000","2,200,000","1,600,000","1,500,000","2,600,000","2,300,000","1,600,000","1,400,000","2,500,000","2,000,000","1,400,000","1,600,000","2,800,000","2,300,000","1,400,000","1,500,000","3,100,000","2,200,000","1,700,000","1,400,000","2,600,000","1,900,000","1,400,000","1,200,000","3,100,000","2,000,000","1,200,000","1,300,000","2,400,000","2,500,000","800,000","800,000","600,000","500,000","300,000","400,000","600,000","700,000","300,000","400,000","800,000","100,000","500,000","400,000",,,,,,,,,,,,,,,
BasicEPS,,"1.35",,"0","0.18","1.26",,"0.02","0.21","1.02",,"0.15","0.27","1.78",,"0.19","0.24","1.06",,"0.16","0.23","0.88",,"0.25","0.18","0.78",,"0.12","0.12","0.98",,"0.11","0.08","0.91",,"0.04","-0.01","0.79",,"0.03","-0.03","0.83",,"-0.15","-0.08","0.81",,"-0.01","-0.19","0.61",,"-0.06","0.03","1.14",,"0.27","0.28","0.57",,"0.28","0.3","0.46",,"0.32","0.25","0.36",,"0.28","0.27","0.48",,"0.22","0.28","0.5",,"0.3","0.3","0.52",,"0.29","0.27","0.36",,"-0.54","0.29","0.41",,"0.23","0.25","0.55",,"0.35","0.32","0.58",,"0.37","0.31","0.57",,"0.32","0.36","0.65",,"0.33","0.35","0.72",,"0.4","0.34","0.62",,"0.34","0.29","0.73",,"0.31","0.34","0.58",,"0.2","0.2","0.33",,"0.18","0.26","0.36",,"0.21","0.25","0.48",,"0.31","0.23","0.49",,"0.39","0.37","0.52",,"0.27","0.35","0.57",,"0.32","0.35","0.47",,"0.32"
DilutedEPS,,"1.35",,"0","0.18","1.26",,"0.02","0.21","1.02",,"0.15","0.27","1.78",,"0.19","0.24","1.06",,"0.16","0.23","0.88",,"0.25","0.18","0.78",,"0.12","0.12","0.98",,"0.11","0.08","0.91",,"0.04","-0.01","0.79",,"0.03","-0.03","0.83",,"-0.15","-0.08","0.81",,"-0.01","-0.19","0.61",,"-0.06","0.03","1.14",,"0.27","0.28","0.57",,"0.28","0.3","0.46",,"0.32","0.25","0.36",,"0.28","0.27","0.48",,"0.22","0.28","0.5",,"0.3","0.298","0.52",,"0.29","0.27","0.36",,"-0.54","0.29","0.41",,"0.23","0.24","0.55",,"0.35","0.32","0.58",,"0.36","0.3","0.56",,"0.32","0.36","0.65",,"0.33","0.35","0.72",,"0.4","0.34","0.62",,"0.34","0.29","0.73",,"0.31","0.34","0.58",,"0.2","0.2","0.33",,"0.18","0.26","0.36",,"0.21","0.25","0.48",,"0.31","0.23","0.49",,"0.39","0.37","0.52",,"0.27","0.35","0.57",,"0.32","0.35","0.47",,"0.32"
BasicAverageShares,,"16,000,000",,"15,500,000","15,000,000","15,000,000",,"14,900,000","14,900,000","14,900,000",,"14,900,000","14,900,000","14,900,000",,"14,800,000","14,800,000","14,800,000",,"14,100,000","14,100,000","14,000,000",,"14,000,000","14,000,000","14,000,000",,"13,900,000","13,900,000","13,900,000",,"13,800,000","13,800,000","13,800,000",,"13,777,000","13,768,000","13,748,000",,"13,707,000","12,331,000","10,917,000",,"10,887,000","10,877,000","10,860,000",,"10,830,000","10,820,000","10,801,000",,"10,767,000","9,014,000","8,018,000",,"5,745,000","5,736,000","5,719,000",,"5,659,000","5,642,000","5,627,000",,"5,605,208","5,592,616","5,576,551",,"5,558,238","5,547,269","5,533,123",,"5,514,611","5,504,882","5,494,255",,"4,758,295","4,748,619","4,743,696",,"4,768,825","4,743,696","4,743,696",,"4,746,196","4,743,415","4,737,713",,"4,725,989","4,720,178","4,714,540",,"4,571,429","4,687,500","4,482,759",,"4,324,324","4,516,129","4,385,965",,"4,375,000","4,444,444","4,307,692",,"4,242,424","4,285,714","4,305,556",,"4,250,000","4,117,647","4,193,548",,"4,117,647","4,137,931","4,246,575",,"3,870,968","3,823,529","4,137,931",,"4,000,000","4,000,000","1,818,182",,"1,666,667","1,538,462","1,666,667",,"1,428,571","1,600,000","1,666,667",,"1,612,903","1,739,130","1,544,000",,"1,542,000","1,538,000","1,534,000",,"1,532,000","1,530,000","1,528,000",,"1,522,000","1,520,000","1,518,000",,"1,516,000"
DilutedAverageShares,,"16,000,000",,"15,500,000","15,000,000","15,000,000",,"14,900,000","14,900,000","14,900,000",,"14,900,000","14,900,000","14,900,000",,"14,800,000","14,800,000","14,800,000",,"14,100,000","14,100,000","14,000,000",,"14,000,000","14,000,000","14,000,000",,"13,900,000","13,900,000","13,900,000",,"13,800,000","13,800,000","13,800,000",,"13,780,000","13,768,000","13,750,000",,"13,709,000","12,331,000","10,921,000",,"10,887,000","10,877,000","10,861,000",,"10,830,000","10,820,000","10,803,000",,"10,767,000","9,014,000","8,018,000",,"5,748,000","5,741,000","5,724,000",,"5,668,000","5,663,000","5,644,000",,"5,619,082","5,606,609","5,590,904",,"5,577,051","5,563,115","5,549,223",,"5,529,433","5,519,913","5,517,351",,"4,783,642","4,764,537","4,763,229",,"4,768,825","4,774,047","4,760,516",,"4,760,744","4,743,415","4,737,713",,"4,725,989","4,837,500","4,714,540",,"4,571,429","4,687,500","4,482,759",,"4,444,444","4,666,667","4,464,286",,"4,375,000","4,444,444","4,307,692",,"4,242,424","4,285,714","4,305,556",,"4,250,000","4,117,647","4,193,548",,"4,117,647","4,137,931","4,246,575",,"3,870,968","3,823,529","4,137,931",,"4,000,000","4,000,000","1,818,182",,"1,666,667","1,538,462","1,666,667",,"1,428,571","1,600,000","1,666,667",,"1,612,903","1,739,130","1,544,000",,"1,542,000","1,538,000","1,534,000",,"1,532,000","1,530,000","1,528,000",,"1,522,000","1,520,000","1,518,000",,"1,516,000"
TotalOperatingIncomeAsReported,"80,200,000","35,800,000","26,400,000","7,200,000","10,800,000","33,400,000","25,300,000","7,400,000","11,100,000","27,600,000","22,000,000","10,000,000","12,300,000","28,800,000","22,200,000","10,300,000","10,600,000","28,100,000","23,600,000","9,500,000","10,500,000","26,100,000","21,300,000","11,100,000","9,500,000","23,400,000","18,500,000","7,300,000","8,900,000","28,400,000","20,100,000","7,400,000","7,100,000","25,400,000","27,900,000","5,500,000","4,600,000","15,500,000","13,200,000","5,000,000","4,300,000","14,000,000","14,400,000","5,200,000","4,200,000","13,400,000","9,800,000","4,600,000","2,700,000","10,900,000","4,500,000","3,400,000","4,200,000","13,900,000","3,400,000","4,400,000","4,900,000","7,800,000","10,500,000","4,700,000","5,100,000","6,300,000","6,197,000","4,816,000","4,068,000","5,040,000","5,913,000","3,888,000","4,106,000","5,909,000","5,823,000","3,449,000","4,164,000","5,964,000","4,859,000","4,156,000","4,034,000","5,951,000","3,248,000","3,767,000","4,008,000","4,715,000","2,804,000","3,813,000","3,894,000","4,734,000","4,805,000","3,240,000","3,578,000","5,826,000","5,300,000","4,100,000","4,100,000","5,900,000","5,300,000","4,000,000","3,800,000","6,000,000","5,100,000","4,000,000","4,300,000","6,200,000","5,500,000","3,800,000","3,400,000","6,400,000","4,800,000","4,100,000","3,800,000","5,700,000","4,600,000","3,800,000","3,400,000","6,200,000",,,,,,,,,,,,,,,,,,,,,,,,,,,,,,,,,,
TotalExpenses,"446,900,000","156,800,000","113,400,000","90,900,000","85,800,000","105,400,000","91,600,000","80,000,000","72,800,000","102,800,000","94,400,000","75,300,000","72,100,000","123,300,000","103,400,000","77,900,000","73,900,000","117,700,000","91,800,000","74,500,000","70,300,000","99,900,000","83,000,000","67,700,000","65,000,000","102,400,000","83,900,000","67,400,000","68,600,000","143,800,000","99,700,000","69,200,000","66,200,000","130,700,000","81,900,000","67,000,000","61,800,000","102,700,000","85,600,000","66,300,000","64,500,000","100,200,000","80,300,000","68,000,000","65,300,000","102,000,000","88,100,000","71,500,000","68,700,000","102,100,000","84,900,000","67,000,000","67,300,000","121,700,000","84,400,000","64,700,000","54,500,000","64,100,000","53,800,000","57,100,000","53,900,000","71,500,000","57,448,000","61,471,000","56,158,000","65,663,000","58,139,000","52,766,000","47,333,000","54,091,000","50,166,000","46,600,000","44,442,000","53,529,000","48,472,000","48,736,000","45,590,000","58,856,000","47,325,000","44,240,000","41,509,000","39,574,000","44,625,000","45,671,000","41,725,000","59,756,000","44,447,000","41,224,000","39,330,000","40,491,000","39,300,000","38,600,000","38,700,000","36,500,000","35,500,000","36,300,000","37,700,000","38,000,000","38,000,000","36,600,000","36,300,000","39,200,000","38,200,000","38,600,000","37,300,000","37,700,000","35,200,000","33,700,000","33,900,000","35,300,000","33,700,000","32,100,000","32,700,000","37,000,000",,,,,,,,,,,,,,,,,,,,,,,,,,,,,,,,,,
NetIncomeFromContinuingAndDiscontinuedOperation,"38,700,000","21,500,000","14,500,000","0","2,700,000","18,900,000","13,600,000","300,000","3,100,000","15,200,000","11,400,000","2,300,000","4,000,000","26,500,000","11,000,000","2,800,000","3,600,000","15,600,000","11,200,000","2,300,000","3,100,000","12,400,000","10,200,000","3,500,000","2,500,000","10,900,000","9,300,000","1,700,000","1,700,000","13,600,000","9,400,000","1,600,000","1,100,000","12,600,000","10,300,000","600,000","-100,000","10,800,000","9,000,000","500,000","-300,000","9,000,000","10,000,000","-1,600,000","-700,000","8,700,000","5,200,000","-100,000","-2,000,000","6,500,000","1,200,000","-600,000","300,000","9,100,000","3,200,000","1,500,000","1,700,000","3,300,000","2,700,000","1,600,000","1,800,000","2,600,000","2,728,000","1,827,000","1,435,000","2,043,000","2,706,000","1,601,000","1,536,000","2,710,000","2,550,000","1,266,000","1,604,000","2,806,000","2,446,000","1,497,000","1,476,000","2,539,000","1,535,000","1,441,000","1,353,000","1,759,000","151,000","1,418,000","1,452,000","2,006,000","2,194,000","1,131,000","1,227,000","2,664,000","2,300,000","1,700,000","1,600,000","2,700,000","2,400,000","1,700,000","1,500,000","2,600,000","2,100,000","1,500,000","1,700,000","2,900,000","2,400,000","1,500,000","1,600,000","3,200,000","2,300,000","1,800,000","1,500,000","2,700,000","2,000,000","1,500,000","1,300,000","3,200,000","2,200,000","1,300,000","1,400,000","2,400,000","2,700,000","900,000","900,000","600,000","500,000","300,000","400,000","600,000","700,000","300,000","400,000","800,000","100,000","500,000","400,000",,,,,,,,,,,,,,,
NormalizedIncome,"38,700,000","21,500,000","14,500,000","0","2,700,000","18,900,000","13,600,000","300,000","3,100,000","15,200,000","11,400,000","2,300,000","4,000,000","26,500,000","11,000,000","2,800,000","3,600,000","15,600,000","11,200,000","2,300,000","3,100,000","12,400,000","10,200,000","3,500,000","2,500,000","10,900,000","9,300,000","1,700,000","1,700,000","13,600,000","9,400,000","1,600,000","1,100,000","12,600,000","10,300,000","600,000","-100,000","10,800,000","9,000,000","565,000","-300,000","9,065,000","9,480,000","-1,470,000","-600,000","8,765,000","5,200,000","-100,000","-1,800,000","6,500,000","1,135,000","-600,000","170,000","9,100,000","2,782,608.696","1,500,000","1,841,666.667","3,364,705.882","2,700,000","1,600,000","1,869,230.769","2,600,000","2,751,687.41","1,851,523.49","1,387,474.701","2,029,371.347","2,718,439.874","1,633,746.109","1,564,334.62","2,735,684.083","2,576,980.807","1,295,508.812","1,647,597.566","2,834,439.189","2,392,597.171","1,450,808.344","1,511,208.606","2,572,915.401","1,507,311.161","1,474,405.69","1,391,346.717","1,778,551.452","151,000","1,458,048.117","1,480,630.986","2,036,666.667","2,194,000","1,177,240.617","1,285,066.479","2,696,375","2,300,000","1,700,000","1,600,000","2,700,000","2,466,666.667","1,700,000","1,500,000","2,600,000","2,165,625","1,568,181.818","1,700,000","2,900,000","2,400,000","1,500,000","1,216,000","3,200,000","2,497,142.857","1,728,000","1,434,782.609","2,764,285.714","2,000,000","1,500,000","1,300,000","3,200,000","2,200,000","1,300,000","1,400,000","2,400,000","2,700,000","900,000","900,000","600,000","500,000","300,000","400,000","600,000","700,000","300,000","400,000","800,000","100,000","500,000","400,000",,,,,,,,,,,,,,,
InterestIncome,"1,800,000","400,000","500,000","300,000","400,000","200,000","700,000","800,000","400,000","600,000","900,000","700,000","700,000","600,000","900,000","600,000","500,000","400,000","900,000","600,000","500,000","400,000","200,000","500,000","200,000","300,000","1,300,000","300,000","0","100,000","400,000","400,000","200,000","300,000","700,000","800,000","800,000","800,000",,,"1,000,000","700,000",,"200,000","700,000","1,000,000","1,200,000","800,000","1,000,000","800,000",,"1,100,000",,,,,,,,,,,,,,,,,,,,,,,,,,,,,,,,,,,,,,,,,,,,,,,,,,,,,,,,,,,,,,,,,,,,,,,,,,,,,,,,,,,,,,,,,,,,,,,,
InterestExpense,"26,900,000","6,600,000","6,600,000","6,800,000","6,700,000","6,900,000","6,800,000","6,400,000","6,300,000","6,800,000","6,700,000","6,500,000","6,600,000","6,800,000","7,000,000","6,600,000","6,400,000","6,400,000","6,900,000","6,400,000","5,800,000","6,400,000","6,000,000","6,000,000","5,900,000","5,800,000","5,900,000","5,800,000","6,000,000","5,900,000","5,800,000","5,400,000","5,500,000","5,500,000","5,500,000","5,600,000","5,400,000","5,400,000","8,400,000","4,400,000","5,600,000","5,600,000","3,800,000","6,800,000","5,500,000","5,600,000","5,800,000","5,500,000","5,500,000","5,200,000","300,000","5,100,000","3,700,000","4,800,000",,,,,,,,,,,,,,,,,,,,,,,,,,,,,,,,,,,,,,,,,,,,,,,,,,,,,,,,,,,,,,,,,,,,,,,,,,,,,,,,,,,,,,,,,,,,,,
NetInterestIncome,"-25,100,000","-6,200,000","-6,100,000","-6,500,000","-6,300,000","-6,700,000","-6,100,000","-5,600,000","-5,900,000","-6,200,000","-5,800,000","-5,800,000","-5,900,000","-6,200,000","-6,100,000","-6,000,000","-5,900,000","-6,000,000","-6,000,000","-5,800,000","-5,300,000","-6,000,000","-5,800,000","-5,500,000","-5,700,000","-5,500,000","-4,600,000","-5,500,000","-6,000,000","-5,800,000","-5,400,000","-5,000,000","-5,300,000","-5,200,000","-4,800,000","-4,800,000","-4,600,000","-4,600,000","-4,200,000","-4,400,000","-4,600,000","-4,900,000","-4,400,000","-6,600,000","-4,800,000","-4,600,000","-4,600,000","-4,700,000","-4,500,000","-4,400,000","-3,300,000","-4,000,000","-3,700,000","-4,800,000",,,,,,,,,,,,,,,,,,,,,,,,,,,,,,,,,,,,,,,,,,,,,,,,,,,,,,,,,,,,,,,,,,,,,,,,,,,,,,,,,,,,,,,,,,,,,,
EBIT,"78,000,000","35,500,000","25,700,000","6,500,000","10,100,000","32,300,000","24,800,000","7,100,000","10,100,000","26,700,000","21,700,000","9,700,000","11,700,000","41,500,000","21,400,000","9,800,000","9,800,000","26,800,000","24,500,000","10,100,000","10,900,000","26,500,000","21,400,000","11,500,000","9,600,000","23,700,000","20,500,000","7,600,000","8,800,000","28,400,000","20,400,000","7,700,000","7,200,000","25,600,000","28,500,000","6,200,000","5,300,000","16,200,000","17,200,000","5,000,000","5,300,000","14,600,000","14,400,000","5,200,000","4,800,000","14,300,000","9,800,000","4,600,000","3,500,000","11,700,000","4,600,000","3,400,000","4,200,000","13,900,000","7,500,000","4,400,000","4,900,000","7,800,000","10,500,000","4,700,000","5,100,000","6,300,000","6,197,000","4,816,000","4,068,000","5,040,000","5,913,000","3,888,000","4,106,000","5,909,000","5,823,000","3,449,000","4,164,000","5,964,000","4,859,000","4,156,000","4,034,000","5,951,000","3,248,000","3,767,000","4,008,000","4,715,000","2,804,000","3,813,000","3,894,000","4,734,000","4,805,000","3,240,000","3,578,000","5,826,000","5,300,000","4,100,000","4,100,000","5,900,000","5,300,000","4,000,000","3,800,000","6,000,000","5,100,000","4,000,000","4,300,000","6,200,000","5,500,000","3,800,000","3,400,000","6,400,000","4,800,000","4,100,000","3,800,000","5,700,000","4,600,000","3,800,000","3,400,000","6,200,000","39,700,000","36,700,000","35,000,000","40,200,000","39,200,000","33,800,000","34,300,000","22,800,000","22,700,000","21,900,000","20,400,000","22,800,000","22,600,000","20,800,000","21,100,000","23,400,000","21,200,000","19,500,000","18,800,000","21,800,000","18,600,000","19,000,000","16,900,000","18,800,000","16,900,000","15,600,000","15,400,000","18,200,000","13,900,000","13,300,000","11,700,000","16,000,000","14,200,000","14,600,000"
EBITDA,"138,100,000"
ReconciledCostOfRevenue,"361,700,000","134,500,000","92,400,000","70,000,000","64,800,000","84,300,000","71,800,000","61,000,000","53,200,000","82,800,000","75,700,000","57,000,000","54,600,000","103,100,000","84,500,000","60,000,000","56,000,000","99,600,000","74,600,000","58,800,000","53,200,000","81,900,000","66,600,000","51,200,000","48,500,000","85,600,000","67,600,000","51,500,000","53,700,000","127,500,000","84,400,000","54,200,000","52,000,000","115,900,000","81,600,000","50,900,000","46,900,000","81,300,000","107,700,000","36,900,000","35,100,000","67,600,000","47,300,000","43,500,000","40,800,000","71,700,000","59,600,000","48,500,000","46,000,000","74,100,000","61,400,000","45,800,000","45,200,000","95,600,000","63,700,000","51,100,000","40,700,000","51,900,000","44,500,000","44,000,000","40,200,000","58,000,000","45,687,000","49,210,000","42,159,000","53,098,000","45,910,000","38,904,000","33,795,000","40,750,000","37,059,000","33,737,000","32,113,000","40,517,000","38,521,000","35,128,000","33,157,000","45,190,000","21,902,000","33,162,000","30,676,000","28,858,000","43,403,000","33,741,000","29,589,000","40,194,000","42,693,000","28,538,000","26,785,000","25,853,000","26,700,000","26,600,000","26,000,000","22,900,000","22,900,000","24,900,000","25,600,000","25,100,000","24,500,000","25,400,000","24,600,000","25,500,000","25,100,000","26,700,000","24,800,000","24,200,000","22,800,000","23,400,000","23,100,000","21,400,000","20,300,000","20,000,000","20,100,000","22,200,000",,,,,,,,,,,,,,,,,,,,,,,,,,,,,,,,,,
ReconciledDepreciation,"60,100,000","15,500,000","15,000,000","14,800,000","14,800,000","14,900,000","13,800,000","13,700,000","13,500,000","13,500,000","13,000,000","12,800,000","12,400,000","13,800,000","13,000,000","12,400,000","12,700,000","12,300,000","11,700,000","10,800,000","11,900,000","12,500,000","11,500,000","11,600,000","11,700,000","11,800,000","11,600,000","11,400,000","11,300,000","11,400,000","10,900,000","10,800,000","10,200,000","10,200,000","9,500,000","9,600,000","9,200,000","9,400,000","9,200,000","8,900,000","8,700,000","8,300,000","6,800,000","6,900,000","7,700,000","7,900,000","8,500,000","6,200,000","7,100,000","7,100,000","8,100,000","6,600,000","6,400,000","6,300,000","4,800,000","4,600,000","4,500,000","5,200,000","4,400,000","4,500,000","4,400,000","4,500,000","4,097,000","3,452,000","4,341,000","4,179,000","3,814,000","5,007,000","5,076,000","5,226,000","5,009,000","4,664,000","4,393,000","4,764,000","5,004,000","4,488,000","4,316,000","4,948,000","3,839,000","3,942,000","3,592,000","3,538,000","2,636,000","3,454,000","3,181,000","3,343,000","2,990,000","2,816,000","2,972,000","2,991,000",,,,,,,,,,,,,,,,,,,,,,,,,,,,,,,,,,,,,,,,,,,,,,,,,,,,,,,,,,
NetIncomeFromContinuingOperationNetMinorityInterest,"38,700,000","21,500,000","14,500,000","0","2,700,000","18,900,000","13,600,000","300,000","3,100,000","15,200,000","11,400,000","2,300,000","4,000,000","26,500,000","11,000,000","2,800,000","3,600,000","15,600,000","11,200,000","2,300,000","3,100,000","12,400,000","10,200,000","3,500,000","2,500,000","10,900,000","9,300,000","1,700,000","1,700,000","13,600,000","9,400,000","1,600,000","1,100,000","12,600,000","10,300,000","600,000","-100,000","10,800,000","9,000,000","500,000","-300,000","9,000,000","10,000,000","-1,600,000","-700,000","8,700,000","5,200,000","-100,000","-2,000,000","6,500,000","1,200,000","-600,000","300,000","9,100,000","3,200,000","1,500,000","1,700,000","3,300,000","2,700,000","1,600,000","1,800,000","2,600,000","2,728,000","1,827,000","1,435,000","2,043,000","2,706,000","1,601,000","1,536,000","2,710,000","2,550,000","1,266,000","1,604,000","2,806,000","2,446,000","1,497,000","1,476,000","2,539,000","1,535,000","1,441,000","1,353,000","1,759,000","151,000","1,418,000","1,452,000","2,006,000","2,194,000","1,131,000","1,227,000","2,664,000","2,300,000","1,700,000","1,600,000","2,700,000","2,400,000","1,700,000","1,500,000","2,600,000","2,100,000","1,500,000","1,700,000","2,900,000","2,400,000","1,500,000","1,600,000","3,200,000","2,300,000","1,800,000","1,500,000","2,700,000","2,000,000","1,500,000","1,300,000","3,200,000","2,200,000","1,300,000","1,400,000","2,400,000","2,700,000","900,000","900,000","600,000","500,000","300,000","400,000","600,000","700,000","300,000","400,000","800,000","100,000","500,000","400,000",,,,,,,,,,,,,,,
TotalUnusualItemsExcludingGoodwill,,,,,,,,,,,,,,,,,,,,,,,,,,,,,,,,,,,,,,,,"-100,000","0","-100,000","800,000","-200,000","-100,000","-100,000","0","0","-200,000","0","100,000","0","200,000","0","600,000",,"-200,000","-100,000",,,"-100,000",,"-36,000","-38,000","72,000","21,000","-19,000","-46,000","-43,000","-39,000","-43,000","-41,000","-67,000","-42,000","71,000","71,000","-51,000","-51,000","32,000","-44,000","-60,000","-31,000",,"-54,000","-42,000","-46,000",,"-61,000","-84,000","-49,000",,,,,"-100,000",,,,"-100,000","-100,000",,,"0",,"600,000",,"-300,000","100,000","100,000","-100,000",,,,,,,,,,,,,,,,,,,,,,,,,,,,,,,,,,,,,,
TotalUnusualItems,,,,,,,,,,,,,,,,,,,,,,,,,,,,,,,,,,,,,,,,"-100,000","0","-100,000","800,000","-200,000","-100,000","-100,000","0","0","-200,000","0","100,000","0","200,000","0","600,000",,"-200,000","-100,000",,,"-100,000",,"-36,000","-38,000","72,000","21,000","-19,000","-46,000","-43,000","-39,000","-43,000","-41,000","-67,000","-42,000","71,000","71,000","-51,000","-51,000","32,000","-44,000","-60,000","-31,000",,"-54,000","-42,000","-46,000",,"-61,000","-84,000","-49,000",,,,,"-100,000",,,,"-100,000","-100,000",,,"0",,"600,000",,"-300,000","100,000","100,000","-100,000",,,,,,,,,,,,,,,,,,,,,,,,,,,,,,,,,,,,,,
NormalizedEBITDA,"138,100,000","51,000,000","40,700,000","21,300,000","24,900,000","47,200,000","38,600,000","20,800,000","23,600,000","40,200,000","34,700,000","22,500,000","24,100,000","55,300,000","34,400,000","22,200,000","22,500,000","39,100,000","36,200,000","20,900,000","22,800,000","39,000,000","32,900,000","23,100,000","21,300,000","35,500,000","32,100,000","19,000,000","20,100,000","39,800,000","31,300,000","18,500,000","17,400,000","35,800,000","38,000,000","15,800,000","14,500,000","25,600,000","26,400,000","14,000,000","14,000,000","23,000,000","20,400,000","12,300,000","12,600,000","22,300,000","18,300,000","10,800,000","10,800,000","18,800,000","12,600,000","10,000,000","10,400,000","20,200,000","11,700,000","9,000,000","9,600,000","13,100,000","14,900,000","9,200,000","9,600,000","10,800,000","10,330,000","8,306,000","8,337,000","9,198,000","9,746,000","8,941,000","9,225,000","11,174,000","10,875,000","8,154,000","8,624,000","10,770,000","9,792,000","8,573,000","8,401,000","10,950,000","7,055,000","7,765,000","7,686,000","8,284,000","5,529,000","7,340,000","7,139,000","8,146,000","7,843,000","6,166,000","6,634,000","8,866,000","8,300,000","6,600,000","6,900,000","8,800,000","7,900,000","6,500,000","6,200,000","8,300,000","7,600,000","6,300,000","6,500,000","8,500,000","7,700,000","6,100,000","4,800,000","8,500,000","7,000,000","5,900,000","5,600,000","7,800,000","6,500,000","5,700,000","5,300,000","8,100,000","39,700,000","36,700,000","35,000,000","40,200,000","39,200,000","33,800,000","34,300,000","22,800,000","22,700,000","21,900,000","20,400,000","22,800,000","22,600,000","20,800,000","21,100,000","23,400,000","21,200,000","19,500,000","18,800,000","21,800,000","18,600,000","19,000,000","16,900,000","18,800,000","16,900,000","15,600,000","15,400,000","18,200,000","13,900,000","13,300,000","11,700,000","16,000,000","14,200,000","14,600,000"
TaxRateForCalcs,"0.243","0.26","0.241","0.27","0.206","0.256","0.244","0.27","0.184","0.236","0.24","0.281","0.216","0.236","0.236","0.125","0.27","0.235","0.364","0.378","0.392","0.383","0.338","0.364","0.324","0.391","0.363","0.056","0.393","0.396","0.356","0.304","0.353","0.373","0.35","0.35","0","0.35","0.35","0.35","0","0.35","0.35","0.35","0","0.35","0.35","0.35","0","0.35","0.35","0.35","0.35","0.35","0.304","0.25","0.292","0.353","0.325","0.333","0.308","0.381","0.342","0.355","0.34","0.351","0.345","0.288","0.341","0.341","0.373","0.28","0.349","0.323","0.248","0.349","0.31","0.335","0.135","0.241","0.361","0.369","0.4","0.258","0.318","0.333","0.341","0.242","0.309","0.339","0.343","0.32","0.273","0.341","0.333","0.261","0.25","0.35","0.344","0.318","0.32","0.356","0.351","0.318","0.36","0.36","0.343","0.28","0.348","0.357","0.333","0.318","0.316","0.347","0.4","0.4","0.4","0.4","0.4","0.4","0.4","0.4","0.4","0.4","0.4","0.4","0.4","0.4","0.4","0.4","0.4","0.4","0.4",,,,,,,,,,,,,,,
TaxEffectOfUnusualItems,"0","0","0","0","0","0","0","0","0","0","0","0","0","0","0","0","0","0","0","0","0","0","0","0","0","0","0","0","0","0","0","0","0","0","0","0","0","0","0","-35,000","0","-35,000","280,000","-70,000","0","-35,000","0","0","0","0","35,000","0","70,000","0","182,608.696","0","-58,333.333","-35,294.118","0","0","-30,769.231","0","-12,312.59","-13,476.51","24,474.701","7,371.347","-6,560.126","-13,253.891","-14,665.38","-13,315.917","-16,019.193","-11,491.188","-23,402.434","-13,560.811","17,597.171","24,808.344","-15,791.394","-17,084.599","4,311.161","-10,594.31","-21,653.283","-11,448.548","0","-13,951.883","-13,369.014","-15,333.333","0","-14,759.383","-25,933.521","-16,625","0","0","0","0","-33,333.333","0","0","0","-34,375","-31,818.182","0","0","0","0","216,000","0","-102,857.143","28,000","34,782.609","-35,714.286","0","0","0","0","0","0","0","0","0","0","0","0","0","0","0","0","0","0","0","0","0","0","0",,,,,,,,,,,,,,,