name,ttm,03/31/2022,12/31/2021,09/30/2021,06/30/2021,03/31/2021,12/31/2020,09/30/2020,06/30/2020,03/31/2020,12/31/2019,09/30/2019,06/30/2019,03/31/2019,12/31/2018,09/30/2018,06/30/2018,03/31/2018,12/31/2017,09/30/2017,06/30/2017,03/31/2017,12/31/2016,09/30/2016,06/30/2016,03/31/2016,12/31/2015,09/30/2015,06/30/2015,03/31/2015,12/31/2014,09/30/2014,06/30/2014,03/31/2014,12/31/2013,09/30/2013,06/30/2013,03/31/2013,12/31/2012,09/30/2012,06/30/2012,03/31/2012,12/31/2011,09/30/2011,06/30/2011,03/31/2011,12/31/2010,09/30/2010,06/30/2010,03/31/2010,12/31/2009,09/30/2009,06/30/2009,03/31/2009,12/31/2008,09/30/2008,06/30/2008,03/31/2008,12/31/2007,09/30/2007,06/30/2007,03/31/2007,12/31/2006,09/30/2006,06/30/2006,03/31/2006,12/31/2005,09/30/2005,06/30/2005,03/31/2005,12/31/2004,09/30/2004,06/30/2004,03/31/2004,12/31/2003,09/30/2003,06/30/2003,03/31/2003,12/31/2002,09/30/2002,06/30/2002,03/31/2002,12/31/2001,09/30/2001,06/30/2001,03/31/2001,12/31/2000,09/30/2000,06/30/2000,03/31/2000,12/31/1999,12/31/1998,09/30/1998,06/30/1998,03/31/1998,12/31/1997,09/30/1997,06/30/1997,03/31/1997,12/31/1996,09/30/1996,06/30/1996,03/31/1996,12/31/1995,09/30/1995,06/30/1995,03/31/1995,12/31/1994,09/30/1994,06/30/1994,03/31/1994,12/31/1993,09/30/1993,06/30/1993,03/31/1993,12/31/1992,09/30/1992,06/30/1992,03/31/1992,12/31/1991,09/30/1991,06/30/1991,03/31/1991,12/31/1990,06/30/1990,04/30/1990,01/31/1990,10/31/1989,07/31/1989
TotalRevenue,"60,465,578","13,028,394","14,135,132","15,646,460","17,655,592","13,340,487","14,616,989","11,749,186","10,321,754","9,943,104","10,578,016","8,728,403","9,727,060","6,976,115","6,371,809","5,203,268","5,501,730","2,572,872","2,586,613","3,692,406","4,314,068","2,405,519","3,243,599","3,563,106","5,560,776","4,772,801","8,230,659","7,154,985","7,813,207","10,977,467","6,659,206","5,554,113","7,900,055","4,346,223","6,690,195","4,789,187","7,280,498","9,476,866","9,910,227","9,911,701","8,656,390","7,831,364","8,634,442","7,109,050","3,517,439","4,287,245","3,651,368","7,799,923","1,754,211","7,179,147","5,488,674","7,912,227","6,966,767","7,319,509","5,344,838","7,839,973","5,658,125","6,401,277","5,734,751","5,174,226","4,623,190","5,323,953","4,198,879","4,422,103","3,301,206","3,692,871","3,408,362","3,217,394","2,792,739","3,605,764","1,545,657","1,534,707","2,760,235","2,205,565","2,328,748","2,106,416","3,010,911","1,684,293","2,243,940","2,494,756","1,991,287","2,260,298","1,670,171","1,756,662","2,296,590","1,449,297","1,213,625","1,843,443","1,377,932","1,349,718","847,295","700,000","1,451,399","1,100,000","1,600,000","1,300,000","816,408","800,000","600,000","600,000","564,258","700,000","300,000","500,000","600,000","600,000","400,000","2,100,000","3,400,000","5,400,000","4,000,000","3,500,000","2,400,000","4,600,000","3,800,000","1,600,000","1,900,000","4,000,000","4,200,000","1,000,000","2,000,000","6,300,000","3,500,000","1,300,000","8,900,000","1,400,000","1,300,000","1,300,000","1,300,000"
	OperatingRevenue,"60,465,578","13,028,394","14,135,132","15,646,460","17,655,592","13,340,487","14,616,989","11,749,186","10,321,754","9,943,104","10,578,016","8,728,403","9,727,060","6,976,115","6,371,809","5,203,268","5,501,730","2,572,872","2,586,613","3,692,406","4,314,068","2,405,519","3,243,599","3,563,106","5,560,776","4,772,801","8,230,659","7,154,985","7,813,207","10,977,467","6,659,206","5,554,113","7,900,055","4,346,223","6,690,195","4,789,187","7,280,498","9,476,866","9,910,227","9,911,701","8,656,390","7,831,364","8,634,442","7,109,050","3,517,439","4,287,245","3,651,368","7,799,923","1,754,211","7,179,147","5,488,674","7,912,227","6,966,767","7,319,509","5,344,838","7,734,097","5,658,125","6,401,277","5,734,751","5,174,226","4,623,190","5,323,593","4,198,879","4,422,103","3,301,206","3,692,871","3,408,062","3,217,394","2,792,739","3,605,764","1,545,657","1,534,707","2,760,235","2,205,565","2,328,748","2,106,416","3,010,911","1,684,293","2,243,940","2,494,756","1,991,287","2,260,298","1,670,171","1,756,662","2,296,590","1,449,297","1,213,625","1,843,443","1,377,932","1,349,718","847,295","700,000","1,451,399","1,100,000","1,600,000","1,300,000","816,408","800,000","600,000","600,000","564,258","700,000","300,000","500,000","600,000","600,000","400,000","2,100,000","3,400,000","5,400,000","4,000,000","3,500,000","2,400,000","4,600,000","3,800,000","1,600,000","1,900,000","4,000,000","4,200,000","1,000,000","2,000,000","6,300,000","3,500,000","1,300,000","8,900,000","1,400,000","1,300,000","1,300,000","1,300,000"
CostOfRevenue,"11,265,928","1,853,116","2,293,050","3,337,282","3,782,480","2,432,187","3,780,356","2,187,039","3,802,636","2,506,606","3,308,921","2,895,670","3,155,902","2,367,264","1,727,729","2,012,177","2,424,235","1,373,469","1,272,574","1,897,747","2,019,154","1,127,864","1,591,315","1,694,547","2,327,583","1,927,406","2,828,322","3,031,341","3,180,672","4,583,360","2,839,533","2,667,340","3,729,785","1,960,282","3,011,701","2,514,224","3,537,418","3,956,750","3,944,028","4,161,537","3,362,654","3,270,395","3,618,298","2,881,696","1,703,754","2,480,011","1,634,450","3,197,435","814,764","2,999,124","2,285,813","4,076,185","3,619,120","3,426,574","2,903,644","4,326,660","3,480,400","3,728,630","3,368,635","3,143,305","2,810,291","3,289,496","2,920,481","2,908,194","2,106,899","2,163,122","1,795,185","1,803,390","1,509,948","2,040,314","1,016,502","915,643","1,428,028","1,408,773","1,454,518","1,109,293","1,991,990","1,090,256","1,265,298","1,464,472","1,073,929","1,537,202","1,371,406","1,338,852","1,638,045","1,026,380","925,195","1,066,538","985,863","670,266","319,198","700,000","1,573,369","800,000","1,300,000","1,500,000","1,075,709","600,000","1,000,000","800,000","1,984,698","700,000","500,000","300,000","1,400,000","400,000","300,000","1,100,000","1,800,000","3,100,000","2,200,000","400,000","1,300,000","2,700,000","2,100,000","800,000","1,000,000","2,300,000","2,300,000","400,000","1,000,000","3,600,000","2,000,000","600,000",,,,,
GrossProfit,"49,199,650","11,175,278","11,842,082","12,309,178","13,873,112","10,908,300","10,836,633","9,562,147","6,519,118","7,436,498","7,269,095","5,832,733","6,571,158","4,608,851","4,644,080","3,191,091","3,077,495","1,199,403","1,314,039","1,794,659","2,294,914","1,277,655","1,652,284","1,868,559","3,233,193","2,845,395","5,402,337","4,123,644","4,632,535","6,394,107","3,819,673","2,886,773","4,170,270","2,385,941","3,678,494","2,274,963","3,743,080","5,520,116","5,966,199","5,750,164","5,293,736","4,560,969","5,016,144","4,227,354","1,813,685","1,807,234","2,016,918","4,602,488","939,447","4,180,023","3,202,861","3,836,042","3,347,647","3,892,935","2,441,194","3,513,313","2,177,725","2,672,647","2,366,116","2,030,921","1,812,899","2,034,457","1,278,398","1,513,909","1,194,307","1,529,749","1,613,177","1,414,004","1,282,791","1,565,450","529,155","619,064","1,332,207","796,792","874,230","997,123","1,018,921","594,037","978,642","1,030,284","917,358","723,096","298,765","417,810","658,545","422,917","288,430","776,905","392,069","679,452","528,097","0","-121,970","300,000","300,000","-200,000","-259,301","200,000","-400,000","-200,000","-1,420,440","0","-200,000","200,000","-800,000","200,000","100,000","1,000,000","1,600,000","2,300,000","1,800,000","3,100,000","1,100,000","1,900,000","1,700,000","800,000","900,000","1,700,000","1,900,000","600,000","1,000,000","2,700,000","1,500,000","700,000",,,,,
OperatingExpense,"70,669,989","22,940,242","16,804,367","14,180,404","16,744,976","12,379,710","10,059,634","6,731,918","7,911,970","7,736,176","9,053,488","7,290,308","8,413,160","6,733,441","5,655,807","6,965,638","8,042,223","5,895,953","8,750,620","3,632,931","3,561,050","3,856,888","3,526,974","679,007","2,384,674","2,774,970","3,009,782","3,362,327","3,178,687","3,444,714","2,365,824","3,369,350","2,142,640","1,590,718","2,094,858","532,983","2,653,184","2,163,429","2,365,165","2,564,791","2,485,690","2,397,738","2,232,864","1,917,784","1,363,184","1,705,949","1,582,931","1,537,477","960,053","2,217,568","1,930,640","1,796,510","1,861,956","1,642,454","2,002,259","2,282,743","1,781,349","1,845,514","1,636,471","1,628,515","1,442,322","1,712,766","1,496,804","1,432,357","1,191,929","1,475,063","1,510,900","1,514,409","1,451,094","1,462,163","1,674,988","1,166,636","1,156,282","1,156,626","1,210,276","1,467,951","1,017,412","1,224,941","1,213,534","1,267,008","3,423,786","482,634","499,263","407,460","485,151","706,936","791,010","1,226,744","956,171","1,352,127","1,479,786","800,000","428,929","1,200,000","1,000,000","800,000","579,112","1,100,000","1,600,000","1,300,000","2,429,473","1,800,000","1,700,000","600,000","3,400,000","1,000,000","1,300,000","4,300,000","6,000,000","2,400,000","1,800,000","1,600,000","3,500,000","1,700,000","1,800,000","1,300,000","-1,400,000","4,900,000","2,100,000","1,000,000","3,200,000","1,900,000","1,300,000","800,000",,,,,
	SellingGeneralAndAdministration,"25,603,886","7,399,138","6,723,206","5,924,812","5,556,730","4,806,897","4,381,880","3,463,426","3,475,474","3,805,916","3,753,514","3,685,006","3,547,046","3,822,854","3,293,984","3,942,232","4,027,453","3,819,159","2,947,697","2,163,422","3,134,239","2,419,826",,,,,,,,,,,,,,,,,,"2,564,791","2,485,690","2,397,738","2,232,864","1,917,784","1,361,116","1,697,088","1,582,931","1,537,477","960,053","2,217,568","1,930,259","1,795,649","1,851,676","1,618,100","1,931,839","2,200,768","1,766,484","1,759,267","1,535,342","1,576,575","1,409,395","1,653,729","1,432,100","1,336,997","1,129,902","1,453,020","1,479,455","1,441,809","1,359,690","1,398,774","1,657,302","1,138,443","1,083,464","1,112,483","1,128,107","1,467,951","1,017,412","1,224,941","1,213,534","2,713,587","803,151","482,634","499,263","407,460","485,151","502,257","586,331","720,763","690,233","896,320","882,091","700,000","828,929","1,000,000","800,000","700,000","1,079,112","900,000","1,500,000","1,100,000","2,468,379","1,600,000","1,500,000","600,000","3,300,000","1,000,000","1,300,000","4,200,000","5,800,000","2,300,000","1,700,000","1,500,000","3,400,000","1,600,000","1,700,000","1,200,000","-1,500,000","4,800,000","2,000,000","900,000","3,100,000","1,900,000","1,300,000","800,000",,,,,
		GeneralAndAdministrativeExpense,"14,498,330",,,,,,,"3,463,426","3,475,474","3,805,916","3,753,514","3,685,006","3,547,046","3,822,854","3,293,984","3,942,232","4,027,453","3,819,159","2,947,697","2,109,152","3,134,239","2,419,826",,,,,,,,,,,,,,,,,,,,,,"1,830,464","1,246,890","1,585,270","1,563,531","1,514,486","922,024","2,128,257","1,860,408","1,740,855","1,816,488","1,587,723","1,861,045","2,138,313","1,715,515","1,690,409","1,493,824","1,527,721","1,371,339","1,619,803","1,373,062","1,276,760","1,080,421","1,394,343","1,429,350","1,364,391","1,332,613","1,384,754","1,652,714","1,124,268","1,076,288","1,097,707","1,116,633","1,464,089","1,007,714","1,217,906","1,197,596","2,703,555","790,426","472,500","488,322","388,460","482,162",,,,,,,,,,,,,,,,,,,,,,,,,,,,,,,,,,,,,,,,,,,,
			OtherGandA,"14,498,330",,,,,,,"3,463,426","3,475,474","3,805,916","3,753,514","3,685,006","3,547,046","3,822,854","3,293,984","3,942,232","4,027,453","3,819,159","2,947,697","2,109,152","3,134,239","2,419,826",,,,,,,,,,,,,,,,,,,,,,"1,830,464","1,246,890","1,585,270","1,563,531","1,514,486","922,024","2,128,257","1,860,408","1,740,855","1,816,488","1,587,723","1,861,045","2,138,313","1,715,515","1,690,409","1,493,824","1,527,721","1,371,339","1,619,803","1,373,062","1,276,760","1,080,421","1,394,343","1,429,350","1,364,391","1,332,613","1,384,754","1,652,714","1,124,268","1,076,288","1,097,707","1,116,633","1,464,089","1,007,714","1,217,906","1,197,596","2,703,555","790,426","472,500","488,322","388,460","482,162",,,,,,,,,,,,,,,,,,,,,,,,,,,,,,,,,,,,,,,,,,,,
		SellingAndMarketingExpense,,,,,,,,,,,,,,,,,,,,,,,,,,,,,,,,,,,,,,,,,,,"2,232,864","87,320","114,226","111,818","19,400","22,991","38,029","89,311","69,851","54,794","35,188","30,377","70,794","62,455","50,969","68,858","41,518","48,854","38,056","33,926","59,038","60,237","49,481","58,677","50,105","77,418","27,077","14,020","4,588","14,175","7,176","14,776","11,474","3,862","9,698","7,035","15,938","10,032","12,725","10,134","10,941","19,000","2,989",,,,,,,,,,,,,,,,,,,,,,,,,,,,,,,,,,,,,,,,,,,,
	ResearchAndDevelopment,"45,066,103","15,541,104","10,081,161","8,255,592","11,188,246","7,572,813","5,677,754","3,268,492","4,436,496","3,930,260","5,299,974","3,605,302","4,866,114","2,910,587","2,361,823","3,028,234","3,787,562","2,076,794","2,038,786","1,469,509","426,811","1,437,062",,,,,,,,,,,,,,,,,,,,,,"0","2,068","8,861","0","0","0","0","381","861","10,280","24,354","70,420","81,975","14,865","86,247","101,129","51,940","32,927","59,037","64,704","95,360","62,027","22,043","31,446","72,598","91,405","63,389","17,686","28,193","72,818","44,143","34,271",,,,,,,,,,,,,,,,,,,,,,,,,,,,,,,,,,,,,,,,,,,,,,,,,,,,,,
	DepreciationAmortizationDepletionIncomeStatement,,,,,,,,,,,,,,,,,,,,,,,,,,,,,,,,,,,,,,,,,,,,,,,,,,,,,,,,,,,,,,,,,,,,,,,,,,,,,,,,,,,,,,"204,679","204,679","505,981","265,938","455,807","597,695","100,000",,"200,000","200,000","100,000",,"200,000","100,000","200,000",,"200,000","200,000",,,,,"100,000","200,000","100,000","100,000","100,000","100,000","100,000","100,000","100,000","100,000","100,000","100,000","100,000","100,000",,,,,,,,
		DepreciationAndAmortizationInIncomeStatement,,,,,,,,,,,,,,,,,,,,,,,,,,,,,,,,,,,,,,,,,,,,,,,,,,,,,,,,,,,,,,,,,,,,,,,,,,,,,,,,,,,,,,"204,679","204,679","505,981","265,938","455,807","597,695","100,000",,"200,000","200,000","100,000",,"200,000","100,000","200,000",,"200,000","200,000",,,,,"100,000","200,000","100,000","100,000","100,000","100,000","100,000","100,000","100,000","100,000","100,000","100,000","100,000","100,000",,,,,,,,
			DepreciationIncomeStatement,,,,,,,,,,,,,,,,,,,,,,,,,,,,,,,,,,,,,,,,,,,,,,,,,,,,,,,,,,,,,,,,,,,,,,,,,,,,,,,,,,,,,,,,,,,,"100,000",,"200,000","200,000","100,000",,"200,000","100,000","200,000",,"200,000","200,000",,,,,"100,000","200,000","100,000","100,000","100,000","100,000","100,000","100,000","100,000","100,000","100,000","100,000","100,000","100,000",,,,,,,,
	OtherOperatingExpenses,,,,"14,180,404",,"12,379,710","10,059,634",,,,,,,,,"-4,828","227,208",,"3,764,137",,,,,,,,,,,,,,,,,,,,,,,,,,,,,,,,,,,,,,,,,,,,,,,,"-1",,"-1",,,,,,"47,898",,,,,"-1,446,579","2,620,635",,,,,,,,,,,,,,,,,,,,,,,,,,,,,,,,,,,,,,,,,,,,,,,,
OperatingIncome,"-21,470,339","-11,764,964","-4,962,285","-1,871,226","-2,871,864","-1,471,410","776,999","2,830,229","-1,392,852","-299,678","-1,784,393","-1,457,575","-1,842,002","-2,124,590","-1,011,727","-3,774,547","-4,964,728","-4,696,550","-7,436,581","-1,838,272","-1,266,136","-2,579,233","-1,874,690","1,189,552","848,519","70,425","2,392,555","761,317","1,453,848","2,949,393","1,453,849","-482,577","2,027,630","795,223","1,583,636","1,741,980","1,089,896","3,356,687","3,601,034","3,185,373","2,808,046","2,163,231","2,783,280","2,309,570","450,501","101,285","433,987","3,065,011","-20,606","1,962,455","1,272,221","2,039,532","1,485,691","2,250,481","438,935","1,230,570","396,376","827,133","729,645","402,406","370,577","321,691","-218,406","81,552","2,378","54,686","102,277","-100,405","-168,303","103,287","-1,145,833","-547,572","175,925","-359,834","-336,046","-470,828","1,509","-630,904","-234,892","-236,724","-2,506,428","240,462","-200,498","10,350","173,394","-284,019","-502,580","-449,839","-564,102","-672,675","-951,689","-800,000","-550,899","-900,000","-700,000","-1,000,000","-838,413","-900,000","-2,000,000","-1,500,000","-3,849,913","-1,800,000","-1,900,000","-400,000","-4,200,000","-800,000","-1,200,000","-3,300,000","-4,400,000","-100,000","0","1,500,000","-2,400,000","200,000","-100,000","-500,000","2,300,000","-3,200,000","-200,000","-400,000","-2,200,000","800,000","200,000","-100,000","8,900,000","-3,500,000","1,300,000","1,300,000","1,300,000"
NetNonOperatingInterestIncomeExpense,"-4,816,704","-1,212,702","-1,158,682","-1,157,795","-1,287,525","-1,251,551","-1,189,183","-1,145,343","-1,169,692","-1,164,962","-1,141,425","-1,078,085","-1,091,276","-1,258,272","-1,278,423","-1,219,784","-1,380,122","-350,595","-13,169","-10,913","-13,323","-12,686","-9,621","-2,505","-7,399","-19,356","-27,795","15,280","-1,941","-3,841","652","11,124","-993","108,724","-1,732","-30,421","-767","280,977","-4,244","-551","301","257","355","813","-546","-3,094","717","1,264","10,566","-5,007","-12,331",,"-455","-590",,,,,,,,,,,,,,,,,,,,,,,,,,,,,,,,,,,,,,,,,,,,,,,,,,,,,,,,,,,,,,,,,,,,,,,,,,,
	InterestExpenseNonOperating,"4,807,611","1,212,702","1,158,682","1,156,401","1,279,826","1,239,808","1,175,718","1,145,343","1,169,692","1,164,962","1,141,425","1,078,085","1,091,276","1,258,272","1,278,423","1,219,784","1,380,122","350,595",,,,,,,,,,,,,,,,,,,,,,,,,,,,,,,,"5,007",,,"455",,,,,,,,,,,,,,,,,,,,,,,,,,,,,,,,,,,,,,,,,,,,,,,,,,,,,,,,,,,,,,,,,,,,,,,,,,,,
	TotalOtherFinanceCost,,,,"1,394","7,699","11,743","13,465",,,,,,,,,,,,"13,169","10,913","13,323","12,686","9,621","2,505","7,399","19,356","27,795","-15,280","1,941","3,841","-652","-11,124","993","-108,724","1,732","30,421","767","-280,977","4,244","551","-301","-257","-355","-813","546","3,094","-717",,"-10,566",,"12,331",,,"590",,,,,,,,,,,,,,,,,,,,,,,,,,,,,,,,,,,,,,,,,,,,,,,,,,,,,,,,,,,,,,,,,,,,,,,,,,,
OtherIncomeExpense,"-4,400,064","-1,227,614","-144,384","-1,621,526","-1,406,540","-101,330","17,718,187","-14,626,491","-222,334","520,991","-456,026","-945,937","158,744","-626,006","233,850","1,283,261","-379,527","-86,488","-53,455","-956,778","-20,143","-8,756","-11,939","-1,501,637","-39,651","-43,848","-44,944","5,203","3,967","28,467","20,846","-25,632","-15,818","-23,968","-18,426","-1,115","-33,280","-29,626","-37,267","-78,975","15,235","-32,223","-52,306","12,993","-18,022","-25,323","-30,906","58,781","58,846","-40,987","-1,847,664","-1,228,355","-816,148","-194,286","1,194,107","998,987","-36,680","-5,053","115,358","-62,580","-23,905",,"18,572","-4,478","-13,132","11,968","-6,704","-16,110","-7,997","-6,316","16,320",,,,"-47,898",,,,,"1,446,579","-2,620,635",,,,,,,,,,,,"17,141",,,,,,,,,,,,,"-800,000","-900,000",,"2,300,000","-800,000","-700,000",,,,"-200,000",,"-2,800,000",,"700,000",,"300,000",,,"100,000",,,,,
	GainOnSaleOfSecurity,"-4,450,000","-1,229,000","-209,000","-1,640,000","-1,372,000","-53,000","-604,000","-463,000","-169,000","469,000","-464,009","-968,852","140,399","-651,643","207,456","1,283,196","-379,591","-84,077","-53,455","-20,997","-20,143","-8,756","-11,939","-19,098","-39,651","-43,848","-44,944","5,203","3,967","28,467","20,846","-25,632","-15,818","-23,968","-18,426","-1,115","-33,280","-29,626","-37,267",,"15,235","-32,223","-52,306","12,993","-18,022",,,,,,,,,,,,,,,,,,,,,,,,,,,,,,,,,,,,,,,,,,,,,,,,,,,,,,,,,,,,,,,,,,,,,,,,,,,,,,,,,,,,
	SpecialIncomeCharges,"0","0","0","0","0","0","18,410,158",,,,,,,,,"0","0","0","0",,,,,,,,,,,,,,,,,,,,,,,,,"0","0","-25,323","-30,906","58,781","58,846","-40,987","-1,847,664","-1,228,355","-816,148","-194,286","1,194,107","998,987","-36,680","-5,053","115,358","-62,580","-23,905",,"18,572","-4,478","-13,132","11,968","-6,704","-16,110","-7,997","-6,316","16,320",,,,"-47,898",,,,,"1,446,579","-2,620,635",,,,,,,,,,,,"17,141",,,,,,,,,,,,,"-800,000","-900,000",,"2,300,000","-800,000","-700,000",,,,"-200,000",,"-2,800,000",,"700,000",,"300,000",,,"100,000",,,,,
		RestructuringAndMergernAcquisition,,,,,,,,,,,,,,,,"0","0","0","0",,,,,,,,,,,,,,,,,,,,,,,,,"0","0","0","0","3,478","-41,656","71,747","1,896,353",,,,,,,,,,,,,,,,,,,,,,,,,,,,,,,,,,,,,,,,,,,,,,,,,,,,,,,,,,,,,,,,,,,,,,,,,,,,,,
		ImpairmentOfCapitalAssets,"14,100,000",,,"0",,,,,,,,,,,,,,,,,,,,,,,,,,,,,,,,,,,,,,,,,,,,,,,,,,,,,,,,,,,,,,,,,,,,,,,,,,,,,,,,,,,,,,,,,,,,,,,,,,,,,,,,,,,,,,,,,,,,,,,,,,,,,
		OtherSpecialCharges,,,,,,,,,,,,,,,,,,,,,,,,,,,,,,,,,,,,,,,,,,,,,,"25,323","30,906",,"-17,190","-30,760","-48,689",,,,,,,,,,,,,,,,,,,,,,,,,,,,,,,,,,,,,,,,,,,,,,,,,,,,,,,,,,,,,,,,,,,,,,,,,,,,,,
		GainOnSaleOfBusiness,"0","0","0","0","0","0","18,410,158",,,,,,,,,,,,,,,,,,,,,,,,,,,,,,,,,,,,,,,,,,,,,,,,,,,,,,,,,,,,,,,,,,,,,,,,,,,,,,,,,,,,,,,,,,,,,,,,,,,,,,,,,,,,,,,,,,,,,,,,,,
	OtherNonOperatingIncomeExpenses,"49,936","1,386","64,616","18,474","-34,540","-48,330","-87,971","-63,491","-53,334","51,991","7,983","22,915","18,345","25,637","26,394","65","64","-2,411",,,,,,,,,,,,,,,,,,,,,,,,,,,,,,,,,,,,,,,,,,,,,,,,,,,,,,,,,,,,,,,,,,,,,,,,,,,,,,,,,,,,,,,,,,,,,,,,,,,,,,,,,,,,,,,
PretaxIncome,"-30,687,107","-14,205,280","-6,265,351","-4,650,547","-5,565,929","-2,824,291","17,306,003","-12,941,605","-2,784,878","-943,649","-3,381,844","-3,481,597","-2,774,534","-4,008,868","-2,056,300","-3,711,070","-6,724,377","-5,133,633","-7,503,205","-2,805,963","-1,299,602","-2,600,675","-1,896,250","-314,590","801,469","7,221","2,319,816","781,800","1,455,874","2,974,019","1,475,347","-497,085","2,010,819","879,979","1,563,478","1,710,444","1,055,849","3,608,038","3,559,523","3,105,847","2,823,582","2,131,265","2,731,329","2,323,376","431,933","72,868","403,798","2,970,860","48,806","1,864,955","-660,490","683,489","669,088","2,055,605","1,641,931","2,146,497","373,660","829,137","854,611",,,,,,,,,,,,"-1,182,438",,,,"-652,244",,,"-896,108","-483,486",,"-2,801,009","18,082","-356,290","-194,852","44,666",,,,,,,,,,,,,,,,,,,,,,,,,,,,,,,,,,,,,,,,,,,,
TaxProvision,"-3,141,925","-27,450","114,655","-356,067","-2,873,063","21,690","78,302","-1,109,060","240,502","-133,140","-76,743","-421,140","-458","25,167","92,498","4,208,441","1,206,131","-1,302,416","-3,246,053","-126,628","-509,713","-824,033","-530,069","1,436,351","231,211","-27,824","829,453","79,229","284,900","1,306,445","670,430","69,036","851,321","504,898","98,875","-4,879,728","328,938","116,369","25,677","-5,079,358","273,839","226,836","71,385","-2,191,342","15,266","-8,130","17,130","-2,544,877","-26,353","20,424","37,861","-1,595,679","20,832","81,039","8,540","-218,862","-167,000","-377,000",,,,,,,,,,,,,,,,,,,,,,,,,,,,,,,,,,,,,,,,,,,,,,,,,,,,,,,,,,,,,,,,,,,,,,,
NetIncomeCommonStockholders,"-27,545,182","-14,177,830","-6,380,006","-4,294,480","-2,692,866","-2,845,981","17,227,701","-11,832,545","-3,025,380","-810,509","-3,305,101","-3,060,457","-2,774,076","-4,034,035","-2,148,798","-7,919,511","-7,930,508","-3,831,217","-4,257,152","-4,670,106","-789,889","-1,776,642","-1,366,181","-1,750,941","570,258","35,045","1,490,363","702,571","1,170,974","1,667,574","804,917","-566,121","1,159,498","375,081","1,464,603","6,590,172","726,911","3,491,669","3,533,846","8,185,205","2,549,743","1,904,429","2,659,944","4,514,718","416,667","80,998","386,668","5,515,737","75,159","1,844,531","-698,351","2,268,621","626,441","1,951,786","1,608,816","2,340,291","509,067","1,165,936","813,968","1,124,967","317,274","317,348","-226,924","52,104","-27,460","36,418","59,952","-136,896","-218,675","61,973","-1,223,265","-677,755","-58,977","-733,865","-655,292","-744,751","-251,438","-898,869","-486,534","-375,218","-2,833,919","-14,471","-389,561","-228,123","11,756","-435,269","-652,620","-597,239","-865,702","-1,019,149","-1,340,268","-900,000","-706,985","-900,000","-700,000","-1,100,000","-924,114","-1,000,000","-2,100,000","-1,600,000","-4,360,303","-1,900,000","-2,000,000","-500,000","-1,300,000","-1,200,000","-2,400,000","-3,400,000","-2,200,000","-1,100,000","-900,000","1,200,000","-2,500,000",,"-500,000","-700,000","-900,000","-3,300,000","400,000","-500,000","-2,100,000","700,000","100,000","-200,000","400,000","0",,"100,000","100,000"
	NetIncome,"-27,545,182","-14,177,830","-6,380,006","-4,294,480","-2,692,866","-2,845,981","17,227,701","-11,832,545","-3,025,380","-810,509","-3,305,101","-3,060,457","-2,774,076","-4,034,035","-2,148,798","-7,919,511","-7,930,508","-3,831,217","-4,257,152","-2,679,335","-789,889","-1,776,642","-1,366,181","-1,750,941","570,258","35,045","1,490,363","702,571","1,170,974","1,667,574","804,917","-566,121","1,159,498","375,081","1,464,603","6,590,172","726,911","3,491,669","3,533,846","8,185,205","2,549,743","1,904,429","2,659,944","4,514,718","416,667","80,998","386,668","5,515,737","75,159","1,844,531","-698,351","2,279,168","648,256","1,974,566","1,633,391","2,365,359","540,660","1,206,137","854,611","1,165,610","357,476","357,108","-186,281","92,747","12,742","76,178","100,595","-96,252","-178,474","101,508","-1,182,438","-637,111","-18,776","-710,757","-652,244","-742,038","-248,536","-896,108","-483,486","-341,947","-2,801,009","18,082","-356,290","-194,852","44,666","-401,721","-619,349","-564,134","-832,792","-986,409","-1,306,827","-900,000","-657,316","-900,000","-700,000","-1,100,000","-909,149","-1,000,000","-2,100,000","-1,600,000","-4,360,303","-1,900,000","-2,000,000","-500,000","-1,300,000","-1,200,000","-2,400,000","-3,400,000","-2,200,000","-1,100,000","-900,000","1,200,000","-2,500,000",,"-500,000","-700,000","-900,000","-3,300,000","400,000","-500,000","-2,100,000","700,000","100,000","-200,000","400,000","0",,"100,000","100,000"
		NetIncomeIncludingNoncontrollingInterests,"-27,545,182","-14,177,830","-6,380,006","-4,294,480","-2,692,866","-2,845,981","17,227,701","-11,832,545","-3,025,380","-810,509","-3,305,101","-3,060,457","-2,774,076","-4,034,035","-2,148,798","-7,919,511","-7,930,508","-3,831,217","-4,257,152","-2,679,335","-789,889","-1,776,642","-1,366,181","-1,750,941","570,258","35,045","1,490,363","702,571","1,170,974","1,667,574","804,917","-566,121","1,159,498","375,081","1,464,603","6,590,172","726,911","3,491,669","3,533,846","8,185,205","2,549,743","1,904,429","2,659,944","4,514,718","416,667","80,998","386,668","5,515,737","75,159","1,844,531","-698,351","2,279,168","648,256","1,974,566","1,633,391","2,365,359","540,660","1,206,137","854,611","1,165,610","357,476","357,108","-186,281","92,747","12,742","76,178","100,595","-96,252","-178,474","101,508","-1,182,438","-637,111","-18,776","-710,757","-652,244","-742,038","-248,536","-896,108","-483,486","-341,947","-2,801,009","18,082","-356,290","-194,852","44,666","-401,721","-619,349","-564,134","-832,792","-986,409","-1,306,827","-900,000","-657,316","-900,000","-700,000","-1,100,000","-909,149","-1,000,000","-2,100,000","-1,600,000","-4,360,303","-1,900,000","-2,000,000","-500,000","-1,300,000","-1,200,000","-2,400,000","-3,500,000","-2,300,000","-1,200,000","-900,000","1,100,000","-2,600,000",,"-600,000","-800,000","-900,000","-3,400,000","300,000","-600,000","-2,200,000","600,000","0","-300,000","400,000","0",,"100,000","100,000"
			NetIncomeContinuousOperations,"-27,545,182","-14,177,830","-6,380,006","-4,294,480","-2,692,866","-2,845,981","17,227,701","-11,832,545","-3,025,380","-810,509","-3,305,101","-3,060,457","-2,774,076","-4,034,035","-2,148,798","-7,919,511","-7,930,508","-3,831,217","-4,257,152","-2,679,335","-789,889","-1,776,642","-1,366,181","-1,750,941","570,258","35,045","1,490,363","702,571","1,170,974","1,667,574","804,917","-566,121","1,159,498","375,081","1,464,603","6,590,172","726,911","3,491,669","3,533,846","8,185,205","2,549,743","1,904,429","2,659,944","4,514,718","416,667","80,998","386,668","5,515,737","75,159","1,844,531","-698,351","2,279,168","648,256","1,974,566","1,633,391","2,365,359","540,660","1,206,137","854,611","1,165,610","357,476","357,108","-186,281","92,747","12,742","76,178","100,595","-96,252","-178,474","101,508","-1,182,438","-637,111","-18,776","-710,757","-652,244","-742,038","-248,536","-896,108","-483,486","-341,947","-2,801,009","18,082","-356,290","-194,852","44,666","-401,721","-619,349","-564,134","-832,792","-986,409","-1,306,827","-900,000","-657,316","-900,000","-700,000","-1,100,000","-909,149","-1,000,000","-2,100,000","-1,600,000","-4,355,842","-1,900,000","-2,000,000","-500,000","-1,500,000","-1,700,000","-2,100,000","-3,400,000","-2,200,000","-1,100,000","-900,000","1,200,000","-2,500,000",,"-500,000","-700,000","-900,000","-3,300,000","400,000","-500,000","-2,100,000","700,000","100,000","-200,000","400,000","0",,"100,000","100,000"
			NetIncomeDiscontinuousOperations,,,,,,,,,,,,,,,,,,,,,,,,,,,,,,,,,,,,,,,,,,,,,,,,,,,,,,,,,,,,,,,,,,,,,,,,,,,,,,,,,,,,,,,,,,,,,,,,,,,,,,,,,"200,000","500,000","-300,000",,,,,,,,,,,,,,,,,,,,,,
		MinorityInterests,,,,,,,,,,,,,,,,,,,,,,,,,,,,,,,,,,,,,,,,,,,,,,,,,,,,,,,,,,,,,,,,,,,,,,,,,,,,,,,,,,,,,,,,,,,,,,,,,,,,,,,,,,,,"100,000","100,000","100,000",,"100,000","100,000","100,000","100,000","100,000","0","100,000","100,000","100,000","100,000","100,000","100,000","100,000",,,,,
	PreferredStockDividends,,,,,,,,,,,,,,,,,,,,,,,,,,,,,,,,,,,,,,,,,,,,,,,,,,,,"10,547","21,815","22,780","24,575","25,068","31,593","40,201","40,643","40,643","40,202","39,760","40,643","40,643","40,202","39,760","40,643","40,644","40,201","39,535","40,827","40,644","40,201","23,108","3,048","2,713","2,902","2,761","3,048","33,271","32,910","32,553","33,271","33,271","32,910","33,548","33,271","33,105","32,910","32,740","33,441",,"-767,331",,,,,,,,,,,,,,,,,,,,,,,,,,,,,,,,,,,,
DilutedNIAvailtoComStockholders,"-27,545,182","-14,177,830","-6,380,006","-4,294,480","-2,692,866","-2,845,981","17,227,701","-11,832,545","-3,025,380","-810,509","-3,305,101","-3,060,457","-2,774,076","-4,034,035","-2,148,798","-7,919,511","-7,930,508","-3,831,217","-4,257,152","-4,670,106","-789,889","-1,776,642","-1,366,181","-1,750,941","570,258","35,045","1,490,363","702,571","1,170,974","1,667,574","804,917","-566,121","1,159,498","375,081","1,464,603","6,590,172","726,911","3,491,669","3,533,846","8,185,205","2,549,743","1,904,429","2,659,944","4,514,718","416,667","80,998","386,668","5,515,737","75,159","1,844,531","-698,351","2,268,621","626,441","1,951,786","1,608,816","2,340,291","509,067","1,165,936","813,968","1,124,967","317,274","317,348","-226,924","52,104","-27,460","36,418","59,952","-136,896","-218,675","61,973","-1,223,265","-677,755","-58,977","-733,865","-655,292","-744,751","-251,438","-898,869","-486,534","-375,218","-2,833,919","-14,471","-389,561","-228,123","11,756","-435,269","-652,620","-597,239","-865,702","-1,019,149","-1,340,268","-900,000","-706,985","-900,000","-700,000","-1,100,000","-924,114","-1,000,000","-2,100,000","-1,600,000","-4,360,303","-1,900,000","-2,000,000","-500,000","-1,300,000","-1,200,000","-2,400,000","-3,400,000","-2,200,000","-1,100,000","-900,000","1,200,000","-2,500,000",,"-500,000","-700,000","-900,000","-3,300,000","400,000","-500,000","-2,100,000","700,000","100,000","-200,000","400,000","0",,"100,000","100,000"
BasicEPS,,"-0.18","-0.08","-0.05","-0.03","-0.04","0.25","-0.17","-0.05","-0.01","-0.05","-0.05","-0.04","-0.06","-0.03","-0.14","-0.15","-0.07","-0.08",,"-0.03","-0.06","-0.04","-0.06","0.02","0.001","0.05","0.02","0.04","0.06","0.03",,"0.04","0.01","0.05",,"0.03","0.12","0.12",,"0.09","0.07","0.1",,"0.02","0","0.01",,"0","0.07","-0.03",,"0.02","0.08","0.06",,"0.02","0.04","0.03",,"0.01","0.01","-0.01",,"0","0","0",,"-0.01","0","-0.06",,"0","-0.04","-0.03",,"-0.01","-0.05","-0.03",,"-0.18","0","-0.02",,"0","-0.03","-0.05",,"-0.07","-0.08","-0.11","-0.09",,"-0.09","-0.17","-0.11",,"-0.11","-0.28","-0.22",,"-0.3","-0.31","-0.07",,"-0.17","-0.45","-0.64",,"-0.21","-0.19","0.28",,"0","-0.13","-0.18",,"-0.95","0.1","-0.14",,"0.2","0.04","-0.07","0.16",,"0.03","0.03","0.03"
DilutedEPS,,"-0.18","-0.08","-0.05","-0.03","-0.04","0.23","-0.17","-0.05","-0.01","-0.05","-0.05","-0.04","-0.06","-0.03","-0.14","-0.15","-0.07","-0.08",,"-0.03","-0.06","-0.04","-0.06","0.02","0.001","0.05","0.02","0.04","0.06","0.03",,"0.04","0.01","0.05",,"0.03","0.12","0.12",,"0.09","0.07","0.09",,"0.01","0","0.01",,"0","0.06","-0.03",,"0.02","0.07","0.06",,"0.02","0.04","0.03",,"0.01","0.01","-0.01",,"0","0","0",,"-0.01","0","-0.06",,"0","-0.04","-0.03",,"-0.01","-0.05","-0.03",,"-0.18","0","-0.02",,"0","-0.03","-0.05",,"-0.07","-0.08","-0.11","-0.09",,"-0.09","-0.17","-0.11",,"-0.11","-0.28","-0.22",,"-0.3","-0.31","-0.07",,"-0.17","-0.45","-0.64",,"-0.21","-0.19","0.28",,"0","-0.13","-0.18",,"-0.95","0.1","-0.14",,"0.2","0.04","-0.07","0.16",,"0.03","0.03","0.03"
BasicAverageShares,,"80,052,504","80,023,168","79,887,081","79,729,370","75,175,077","70,313,589","69,863,681","66,728,782","65,367,493","65,038,511","65,037,604","62,917,362","62,767,258","62,553,791","55,136,704","53,789,409","53,355,944","53,154,076",,"30,991,247","30,982,497","30,976,140","28,723,666","28,655,970","28,652,635","28,633,372","28,566,021","28,538,908","28,521,659","28,502,560",,"28,561,648","28,562,647","28,479,597",,"28,381,923","28,389,977","28,333,360",,"27,554,290","27,557,587","27,480,011",,"27,301,422","27,301,422","27,245,560",,"27,216,798","27,211,526","26,300,571",,"25,453,243","25,489,097","25,820,224",,"26,144,583","26,087,245","26,121,460",,"25,902,539","23,973,955","23,952,040",,"24,079,209","23,833,768","23,595,226",,"23,427,162","23,325,438","22,156,056",,"20,086,890","19,707,709","19,599,988",,"19,228,896","19,200,034","18,312,885",,"16,035,261","16,003,165","15,866,837",,"14,656,473","14,449,174","14,075,236",,"12,824,651","12,452,115","12,292,449","10,000,000",,"10,000,000","10,000,000","10,000,000",,"9,090,909","7,500,000","7,272,727",,"6,333,333","6,451,613","7,142,857",,"7,058,824","5,333,333","5,312,500",,"5,238,095","4,736,842","4,285,714",,"3,870,968","3,846,154","3,888,889",,"3,473,684","4,000,000","3,571,429",,"3,500,000","2,500,000","2,857,143","1,739,000",,"3,333,333","3,333,333","3,333,333"
DilutedAverageShares,,"80,052,504","80,023,168","79,887,081","79,729,370","75,175,077","75,799,037","69,863,681","66,728,782","65,367,493","65,038,511","65,037,604","62,917,362","62,767,258","62,553,791","55,136,704","53,789,409","53,355,944","53,154,076",,"30,991,247","30,982,497","30,976,140","28,972,303","29,054,147","29,059,296","28,993,943","28,918,231","28,759,443","28,780,481","28,778,710",,"28,885,427","28,915,778","28,798,400",,"28,750,679","28,754,322","28,694,903",,"29,101,092","29,047,011","28,883,710",,"28,971,510","28,992,322","28,997,497",,"28,819,516","28,861,955","26,300,571",,"27,775,458","27,747,588","27,984,633",,"28,117,178","28,403,263","28,688,345",,"28,753,523","27,702,950","26,444,924",,"24,079,209","23,833,768","23,595,226",,"25,811,911","26,496,267","22,156,056",,"20,086,890","19,707,709","19,599,988",,"19,228,896","19,200,034","18,312,885",,"16,035,261","16,003,165","15,866,837",,"14,656,473","14,449,174","14,075,236",,"12,824,651","12,452,115","12,292,449","10,000,000",,"10,000,000","10,000,000","10,000,000",,"9,090,909","7,500,000","7,272,727",,"6,333,333","6,451,613","7,142,857",,"7,058,824","5,333,333","5,312,500",,"5,238,095","4,736,842","4,285,714",,"3,870,968","3,846,154","3,888,889",,"3,473,684","4,000,000","3,571,429",,"3,500,000","2,500,000","2,857,143","1,739,000",,"3,333,333","3,333,333","3,333,333"
TotalOperatingIncomeAsReported,"-21,470,339","-11,764,964",,"-1,871,226","-2,871,864","-1,471,410","19,187,157","-11,269,771","-1,392,852","-299,678","-1,784,393","-1,457,575","-1,842,002","-2,124,590","-1,011,727","-3,774,547","-4,964,728","-4,696,550","-7,436,581","-2,774,053","-1,266,136","-2,579,233","-1,874,690","-292,987","848,519","70,425","2,392,555","761,317","1,453,848","2,949,393","1,453,849","-482,577","2,027,630","795,223","1,583,636","1,741,980","1,089,896","3,356,687","3,601,034","3,185,373","2,808,046","2,163,231","2,783,280","2,309,570","450,501","101,285","433,987","3,061,533","21,050","1,890,708","-624,132","542,908","1,485,691","2,250,481","438,935","1,230,570","396,376","827,133","729,645","402,406","370,577","321,331","-218,406","81,551","2,378","54,686","101,977","-100,405","-168,303","103,287","-1,145,833","-547,572","175,925","-359,834","-336,045","-470,828","1,509","-630,904","-234,892","-236,724","-2,506,428","240,462","-200,498","10,350","173,394","-284,019","-502,580","-449,839","-564,102","-672,675","-951,689",,,,,,,,,,,,,,,,,,,,,,,,,,,,,,,,,,,,,,
TotalExpenses,"81,935,917","24,793,358","19,097,417","17,517,686","20,527,456","14,811,897","13,839,990","8,918,957","11,714,606","10,242,782","12,362,409","10,185,978","11,569,062","9,100,705","7,383,536","8,977,815","10,466,458","7,269,422","10,023,194","5,530,678","5,580,204","4,984,752","5,118,289","2,373,554","4,712,257","4,702,376","5,838,104","6,393,668","6,359,359","8,028,074","5,205,357","6,036,690","5,872,425","3,551,000","5,106,559","3,047,207","6,190,602","6,120,179","6,309,193","6,726,328","5,848,344","5,668,133","5,851,162","4,799,480","3,066,938","4,185,960","3,217,381","4,734,912","1,774,817","5,216,692","4,216,453","5,872,695","5,481,076","5,069,028","4,905,903","6,609,403","5,261,749","5,574,144","5,005,106","4,771,820","4,252,613","5,002,262","4,417,285","4,340,551","3,298,828","3,638,185","3,306,085","3,317,799","2,961,042","3,502,477","2,691,490","2,082,279","2,584,310","2,565,399","2,664,794","2,577,244","3,009,402","2,315,197","2,478,832","2,731,480","4,497,715","2,019,836","1,870,669","1,746,312","2,123,196","1,733,316","1,716,205","2,293,282","1,942,034","2,022,393","1,798,984","1,500,000","2,002,298","2,000,000","2,300,000","2,300,000","1,654,821","1,700,000","2,600,000","2,100,000","4,414,171","2,500,000","2,200,000","900,000","4,800,000","1,400,000","1,600,000","5,400,000","7,800,000","5,500,000","4,000,000","2,000,000","4,800,000","4,400,000","3,900,000","2,100,000","-400,000","7,200,000","4,400,000","1,400,000","4,200,000","5,500,000","3,300,000","1,400,000",,,,,
NetIncomeFromContinuingAndDiscontinuedOperation,"-27,545,182","-14,177,830","-6,380,006","-4,294,480","-2,692,866","-2,845,981","17,227,701","-11,832,545","-3,025,380","-810,509","-3,305,101","-3,060,457","-2,774,076","-4,034,035","-2,148,798","-7,919,511","-7,930,508","-3,831,217","-4,257,152","-2,679,335","-789,889","-1,776,642","-1,366,181","-1,750,941","570,258","35,045","1,490,363","702,571","1,170,974","1,667,574","804,917","-566,121","1,159,498","375,081","1,464,603","6,590,172","726,911","3,491,669","3,533,846","8,185,205","2,549,743","1,904,429","2,659,944","4,514,718","416,667","80,998","386,668","5,515,737","75,159","1,844,531","-698,351","2,279,168","648,256","1,974,566","1,633,391","2,365,359","540,660","1,206,137","854,611","1,165,610","357,476","357,108","-186,281","92,747","12,742","76,178","100,595","-96,252","-178,474","101,508","-1,182,438","-637,111","-18,776","-710,757","-652,244","-742,038","-248,536","-896,108","-483,486","-341,947","-2,801,009","18,082","-356,290","-194,852","44,666","-401,721","-619,349","-564,134","-832,792","-986,409","-1,306,827","-900,000","-657,316","-900,000","-700,000","-1,100,000","-909,149","-1,000,000","-2,100,000","-1,600,000","-4,360,303","-1,900,000","-2,000,000","-500,000","-1,300,000","-1,200,000","-2,400,000","-3,400,000","-2,200,000","-1,100,000","-900,000","1,200,000","-2,500,000",,"-500,000","-700,000","-900,000","-3,300,000","400,000","-500,000","-2,100,000","700,000","100,000","-200,000","400,000","0",,"100,000","100,000"
NormalizedIncome,"-23,550,798.955","-12,951,204.895","-6,227,436","-2,780,045.848","-1,691,306","-2,807,291","-497,892.02","1,482,445.902","-2,902,010","-1,213,337.51","-2,851,621.594","-2,208,799.015","-2,914,451.824","-3,558,335.61","-2,300,240.88","-8,856,244.08","-7,653,406.57","-3,768,470.553","-4,225,079","-1,765,734.649","-777,646.226","-1,770,660.369","-1,357,584.92","-849,958.8","598,470.32","61,353.8","1,519,217.048","697,895.281","1,167,784.532","1,650,493.8","791,367.1","-549,460.2","1,169,779.7","390,660.2","1,481,863.732","6,590,896.75","749,822.987","3,520,339.481","3,570,844.171","8,236,538.75","2,535,985.534","1,933,222.423","2,710,882.95","4,506,272.55","434,052.04","97,457.95","416,262.899","5,477,529.35","36,909.1","1,885,069.132","502,630.6","3,077,598.75","1,438,993.299","2,161,192.579","445,494.781","1,716,017.45","564,502","1,209,421.45","779,628.3","1,206,287","373,014.25","357,108","-197,424.2","95,433.8","20,621.2","68,997.2","104,617.4","-86,586","-173,675.8","105,297.6","-1,198,758","-637,111","-18,776","-710,757","-604,346","-742,038","-248,536","-896,108","-483,486","-1,209,894.4","-180,374","18,082","-356,290","-194,852","44,666","-401,721","-619,349","-564,134","-832,792","-986,409","-1,306,827","-900,000","-667,600.6","-900,000","-700,000","-1,100,000","-909,149","-1,000,000","-2,100,000","-1,600,000","-4,355,842","-1,900,000","-2,000,000","-500,000","-1,500,000","-1,220,000","-1,560,000","-3,400,000","-3,580,000","-620,000","-480,000","1,200,000","-2,500,000",,"-380,000","-700,000","780,000","-3,300,000","-20,000","-500,000","-2,280,000","700,000","100,000","-260,000","400,000","0",,"100,000","100,000"
InterestExpense,"4,807,611","1,212,702","1,158,682","1,156,401","1,279,826","1,239,808","1,175,718","1,145,343","1,169,692","1,164,962","1,141,425","1,078,085","1,091,276","1,258,272","1,278,423","1,219,784","1,380,122","350,595",,,,,,,,,,,,,,,,,,,,,,,,,,,,,,,,"5,007",,,"455",,,,,,,,,,,,,,,,,,,,,,,,,,,,,,,,,,,,,,,,,,,,,,,,,,,,,,,,,,,,,,,,,,,,,,,,,,,,
NetInterestIncome,"-4,816,704","-1,212,702","-1,158,682","-1,157,795","-1,287,525","-1,251,551","-1,189,183","-1,145,343","-1,169,692","-1,164,962","-1,141,425","-1,078,085","-1,091,276","-1,258,272","-1,278,423","-1,219,784","-1,380,122","-350,595","-13,169","-10,913","-13,323","-12,686","-9,621","-2,505","-7,399","-19,356","-27,795","15,280","-1,941","-3,841","652","11,124","-993","108,724","-1,732","-30,421","-767","280,977","-4,244","-551","301","257","355","813","-546","-3,094","717","1,264","10,566","-5,007","-12,331",,"-455","-590",,,,,,,,,,,,,,,,,,,,,,,,,,,,,,,,,,,,,,,,,,,,,,,,,,,,,,,,,,,,,,,,,,,,,,,,,,,
EBIT,"-25,879,496","-12,992,578","-5,106,669","-3,494,146","-4,286,103","-1,584,483","18,481,721","-11,796,262","-1,615,186","221,313","-2,240,419","-2,403,512","-1,683,258","-2,750,596","-777,877","-2,491,286","-5,344,255","-4,783,038","-7,436,581","-1,838,272","-1,266,136","-2,579,233","-1,874,690","1,189,552","848,519","70,425","2,392,555","761,317","1,453,848","2,949,393","1,453,849","-482,577","2,027,630","795,223","1,583,636","1,741,980","1,089,896","3,356,687","3,601,034","3,185,373","2,808,046","2,163,231","2,783,280","2,309,570","450,501","101,285","433,987","3,065,011","-20,606","1,869,962","1,272,221","2,039,532","669,543","2,250,481","438,935","1,230,570","396,376","827,133","729,645","402,406","370,577","321,691","-218,406","81,552","2,378","54,686","102,277","-100,405","-168,303","103,287","-1,145,833","-547,572","175,925","-359,834","-336,046","-470,828","1,509","-630,904","-234,892","-236,724","-2,506,428","240,462","-200,498","10,350","173,394","-284,019","-502,580","-449,839","-564,102","-672,675","-951,689","-800,000","-550,899","-900,000","-700,000","-1,000,000","-838,413","-900,000","-2,000,000","-1,500,000","-3,849,913","-1,800,000","-1,900,000","-400,000","-4,200,000","-800,000","-1,200,000","-3,300,000","-4,400,000","-100,000","0","1,500,000","-2,400,000","200,000","-100,000","-500,000","2,300,000","-3,200,000","-200,000","-400,000","-2,200,000","800,000","200,000","-100,000","8,900,000","-3,500,000","1,300,000","1,300,000","1,300,000"
EBITDA,"-25,709,216"
ReconciledCostOfRevenue,"11,265,928","1,853,116","2,293,050","3,337,282","3,782,480","2,432,187","3,780,356","2,187,039","3,802,636","2,506,606","3,308,921","2,895,670","3,155,902","2,367,264","1,727,729","2,012,177","2,424,235","1,373,469","1,272,574","1,897,747","2,019,154","1,127,864","1,591,315","1,694,547","2,327,583","1,927,406","2,828,322","3,031,341","3,180,672","4,583,360","2,839,533","2,667,340","3,729,785","1,960,282","3,011,701","2,514,224","3,537,418","3,956,750","3,944,028","4,161,537","3,362,654","3,270,395","3,618,298","2,881,696","1,703,754","2,480,011","1,634,450","3,197,435","814,764","2,999,124","2,285,813","4,076,185","3,619,120","3,426,574","2,903,644","4,326,660","3,480,400","3,728,630","3,368,635","3,143,305","2,810,291","3,289,496","2,920,481","2,908,194","2,106,899","2,163,122","1,795,185","1,803,390","1,509,948","2,040,314","1,016,502","915,643","1,428,028","1,408,773","1,454,518","1,109,293","1,991,990","1,090,256","1,265,298","1,464,472","1,073,929","1,537,202","1,371,406","1,338,852","1,638,045","1,060,209","925,195","1,066,538","985,863","670,266","319,198","900,000","1,573,369","1,100,000","1,700,000","1,700,000","1,075,709","1,000,000","1,200,000","1,200,000","1,984,698","1,100,000","500,000","300,000","1,400,000","400,000","300,000","1,300,000","2,200,000","3,300,000","2,400,000","600,000","1,500,000","2,900,000","2,300,000","1,000,000","1,200,000","2,500,000","2,400,000","600,000","1,200,000","3,600,000","2,000,000","600,000",,,,,
ReconciledDepreciation,"170,280","47,061","43,228","40,681","39,310","39,620","91,783","115,582","114,762","115,774","116,623","113,411","118,999","119,148","119,863","113,681","112,497","112,825","113,045","106,899","129,843","128,253","116,013","95,241","100,951","112,275","114,406","121,723","121,152","123,444","127,939","160,155","142,293","143,146","143,749","137,952","144,134","143,307","130,911","119,692","116,315","113,018","112,422","115,361","115,893","116,056","117,599","147,062","106,059","103,178","110,245","103,827","109,065","29,425","26,065","118,218","22,254","15,277","61,336","-23,013","93,627","91,202","91,120","64,426","66,042","90,367","112,798","135,741","127,111","103,249","156,696","68,161","177,990","431,091","409,455","376,601","399,705","376,880","392,462","164,920","329,374","284,237","232,569","299,317","249,071","170,850","204,679","505,981","265,938","455,807","597,695","-100,000","933,994","-100,000","-200,000","-100,000","1,053,298","-200,000","-100,000","-200,000","1,075,084","-200,000","200,000",,,,,"-100,000","-200,000","-100,000","-100,000","-100,000","-100,000","-100,000","-100,000","-100,000","-100,000","-100,000","0","-100,000","-100,000","0",,,,,,,
NetIncomeFromContinuingOperationNetMinorityInterest,"-27,545,182","-14,177,830","-6,380,006","-4,294,480","-2,692,866","-2,845,981","17,227,701","-11,832,545","-3,025,380","-810,509","-3,305,101","-3,060,457","-2,774,076","-4,034,035","-2,148,798","-7,919,511","-7,930,508","-3,831,217","-4,257,152","-2,679,335","-789,889","-1,776,642","-1,366,181","-1,750,941","570,258","35,045","1,490,363","702,571","1,170,974","1,667,574","804,917","-566,121","1,159,498","375,081","1,464,603","6,590,172","726,911","3,491,669","3,533,846","8,185,205","2,549,743","1,904,429","2,659,944","4,514,718","416,667","80,998","386,668","5,515,737","75,159","1,844,531","-698,351","2,279,168","648,256","1,974,566","1,633,391","2,365,359","540,660","1,206,137","854,611","1,165,610","357,476","357,108","-186,281","92,747","12,742","76,178","100,595","-96,252","-178,474","101,508","-1,182,438","-637,111","-18,776","-710,757","-652,244","-742,038","-248,536","-896,108","-483,486","-341,947","-2,801,009","18,082","-356,290","-194,852","44,666","-401,721","-619,349","-564,134","-832,792","-986,409","-1,306,827","-900,000","-657,316","-900,000","-700,000","-1,100,000","-909,149","-1,000,000","-2,100,000","-1,600,000","-4,355,842","-1,900,000","-2,000,000","-500,000","-1,500,000","-1,700,000","-2,100,000","-3,400,000","-2,200,000","-1,100,000","-900,000","1,200,000","-2,500,000",,"-500,000","-700,000","-900,000","-3,300,000","400,000","-500,000","-2,100,000","700,000","100,000","-200,000","400,000","0",,"100,000","100,000"
TotalUnusualItemsExcludingGoodwill,"-4,450,000","-1,229,000","-209,000","-1,640,000","-1,372,000","-53,000","17,806,158","-14,563,000","-169,000","469,000","-464,009","-968,852","140,399","-651,643","207,456","1,283,196","-379,591","-84,077","-53,455","-956,778","-20,143","-8,756","-11,939","-1,501,637","-39,651","-43,848","-44,944","5,203","3,967","28,467","20,846","-25,632","-15,818","-23,968","-18,426","-1,115","-33,280","-29,626","-37,267","-78,975","15,235","-32,223","-52,306","12,993","-18,022","-25,323","-30,906","58,781","58,846","-40,987","-1,847,664","-1,228,355","-816,148","-194,286","1,194,107","998,987","-36,680","-5,053","115,358","-62,580","-23,905",,"18,572","-4,478","-13,132","11,968","-6,704","-16,110","-7,997","-6,316","16,320",,,,"-47,898",,,,,"1,446,579","-2,620,635",,,,,,,,,,,,"17,141",,,,,,,,,,,,,"-800,000","-900,000",,"2,300,000","-800,000","-700,000",,,,"-200,000",,"-2,800,000",,"700,000",,"300,000",,,"100,000",,,,,
TotalUnusualItems,"-4,450,000","-1,229,000","-209,000","-1,640,000","-1,372,000","-53,000","17,806,158","-14,563,000","-169,000","469,000","-464,009","-968,852","140,399","-651,643","207,456","1,283,196","-379,591","-84,077","-53,455","-956,778","-20,143","-8,756","-11,939","-1,501,637","-39,651","-43,848","-44,944","5,203","3,967","28,467","20,846","-25,632","-15,818","-23,968","-18,426","-1,115","-33,280","-29,626","-37,267","-78,975","15,235","-32,223","-52,306","12,993","-18,022","-25,323","-30,906","58,781","58,846","-40,987","-1,847,664","-1,228,355","-816,148","-194,286","1,194,107","998,987","-36,680","-5,053","115,358","-62,580","-23,905",,"18,572","-4,478","-13,132","11,968","-6,704","-16,110","-7,997","-6,316","16,320",,,,"-47,898",,,,,"1,446,579","-2,620,635",,,,,,,,,,,,"17,141",,,,,,,,,,,,,"-800,000","-900,000",,"2,300,000","-800,000","-700,000",,,,"-200,000",,"-2,800,000",,"700,000",,"300,000",,,"100,000",,,,,
NormalizedEBITDA,"-21,259,216","-11,716,517","-4,854,441","-1,813,465","-2,874,793","-1,491,863","767,346","2,882,320","-1,331,424","-131,913","-1,659,787","-1,321,249","-1,704,658","-1,979,805","-865,470","-3,660,801","-4,852,167","-4,586,136","-7,270,081","-774,595","-1,116,150","-2,442,224","-1,746,738","2,786,430","989,121","226,548","2,551,905","877,837","1,571,033","3,044,370","1,560,942","-296,790","2,185,741","962,337","1,745,811","1,881,047","1,267,310","3,529,620","3,769,212","3,384,040","2,909,126","2,308,472","2,948,008","2,411,938","584,416","242,664","582,492","3,153,292","26,607","2,014,127","3,230,130","3,371,714","1,594,756","2,474,192","-729,107","349,801","455,310","847,463","675,623","464,986","488,109","412,893","-145,858","150,456","81,552","133,085","221,779","51,446","-33,195","212,852","-1,005,457","-479,411","353,915","71,257","121,307","-94,227","401,214","-254,024","157,570","-1,518,383","443,581","524,699","32,071","309,667","422,465","-79,340","-297,901","56,142","-298,164","-216,868","-353,994","-700,000","365,954","-700,000","-500,000","-900,000","214,885","-700,000","-1,900,000","-1,300,000","-2,774,829","-1,600,000","-1,700,000","-400,000","-4,200,000","0","-300,000","-3,200,000","-6,500,000","800,000","800,000","1,600,000","-2,300,000","300,000","200,000","-400,000","5,200,000","-3,100,000","-800,000","-300,000","-2,400,000","800,000","200,000","-200,000","8,900,000","-3,500,000","1,300,000","1,300,000","1,300,000"
TaxRateForCalcs,"0.102","0.002","0.27","0.077","0.27","0.27","0.005","0.086","0.27","0.141","0.023","0.121","0","0.27","0.27","0.27","0.27","0.254","0.4","0.045","0.392","0.317","0.28","0.4","0.288","0.4","0.358","0.101","0.196","0.4","0.35","0.35","0.35","0.35","0.063","0.35","0.312","0.032","0.007","0.35","0.097","0.106","0.026","0.35","0.035","0.35","0.042","0.35","0.35","0.011","0.35","0.35","0.031","0.039","0.005","0.35","0.35","0.35","0.35","0.35","0.35","0.35","0.4","0.4","0.4","0.4","0.4","0.4","0.4","0.4","0","0.4","0.4","0.4","0","0.4","0.4","0","0","0.4","0","0.4","0","0","0.4","0.4","0.4","0.4","0.4","0.4","0.4","0.4","0.4","0.4","0.4","0.4","0.4","0.4","0.4","0.4","0.4","0.4","0.4","0.4","0.4","0.4","0.4","0.4","0.4","0.4","0.4","0.4","0.4",,"0.4","0.4","0.4","0.4","0.4","0.4","0.4","0.4","0.4","0.4","0.4","0.4",,"0.4","0.4"
TaxEffectOfUnusualItems,"-455,616.955","-2,374.895","-56,430","-125,565.848","-370,440","-14,310","80,564.98","-1,248,009.098","-45,630","66,171.49","-10,529.594","-117,194.015","23.176","-175,943.61","56,013.12","346,462.92","-102,489.57","-21,330.553","-21,382","-43,177.649","-7,900.226","-2,774.369","-3,342.92","-600,654.8","-11,438.68","-17,539.2","-16,089.952","527.281","777.532","11,386.8","7,296.1","-8,971.2","-5,536.3","-8,388.8","-1,165.268","-390.25","-10,368.013","-955.519","-268.829","-27,641.25","1,477.534","-3,429.577","-1,367.05","4,547.55","-636.96","-8,863.05","-1,311.101","20,573.35","20,596.1","-448.868","-646,682.4","-429,924.25","-25,410.701","-7,659.421","6,210.781","349,645.45","-12,838","-1,768.55","40,375.3","-21,903","-8,366.75","0","7,428.8","-1,791.2","-5,252.8","4,787.2","-2,681.6","-6,444","-3,198.8","-2,526.4","0","0","0","0","0","0","0","0","0","578,631.6","0","0","0","0","0","0","0","0","0","0","0","0","6,856.4","0","0","0","0","0","0","0","0","0","0","0","0","-320,000","-360,000","0","920,000","-320,000","-280,000","0","0",,"-80,000","0","-1,120,000","0","280,000","0","120,000","0","0","40,000","0","0",,"0","0"