name,ttm,03/31/2022,12/31/2021,09/30/2021,06/30/2021,03/31/2021,12/31/2020,09/30/2020,06/30/2020,03/31/2020,12/31/2019,09/30/2019,06/30/2019,03/31/2019,12/31/2018,09/30/2018,06/30/2018,03/31/2018,12/31/2017,09/30/2017,06/30/2017,03/31/2017,12/31/2016,09/30/2016,06/30/2016,03/31/2016,12/31/2015,09/30/2015,06/30/2015,03/31/2015,12/31/2014,09/30/2014,06/30/2014,03/31/2014,12/31/2013,09/30/2013,06/30/2013,03/31/2013,12/31/2012,09/30/2012,06/30/2012,03/31/2012,12/31/2011,09/30/2011,06/30/2011,03/31/2011,12/31/2010,09/30/2010,06/30/2010,03/31/2010,12/31/2009,09/30/2009,06/30/2009,03/31/2009,12/31/2008,09/30/2008,06/30/2008,03/31/2008,12/31/2007,09/30/2007,06/30/2007,03/31/2007,12/31/2006,09/30/2006,06/30/2006,03/31/2006,12/31/2005,09/30/2005,06/30/2005,03/31/2005,12/31/2004,09/30/2004,06/30/2004,03/31/2004
TotalRevenue,"1,434,943,000","358,828,000","366,305,000","358,341,000","351,469,000","332,900,000","323,295,000","316,649,000","310,533,000","297,457,000","309,687,000","302,534,000","297,584,000","279,541,000","273,803,000","261,531,000","259,875,000","253,573,000","254,020,000","253,083,000","251,836,000","243,347,000","246,763,000","248,359,000","233,675,000","226,824,000","230,124,000","223,360,000","221,858,000","219,730,000","214,601,000","214,737,000","218,882,000","220,733,000","211,220,000","203,984,000","204,776,000","209,087,000","213,711,000","207,584,000","211,916,000","215,903,000","215,690,000","216,507,000","218,285,000","219,841,000","217,624,000","214,126,000","225,341,000","227,951,000","223,542,000","221,505,000","220,028,000","224,005,000","222,209,000","225,770,000","227,524,000","224,617,000","215,852,000","210,534,000","205,902,000","195,940,000","184,414,000","160,722,000","143,378,000","118,883,000","114,243,000","57,122,000","57,122,000","40,710,000","19,927,000","19,927,000","19,927,000","19,927,000"
	OperatingRevenue,"1,434,943,000","358,828,000","366,305,000","358,341,000","351,469,000","332,900,000","323,295,000","316,649,000","310,533,000","297,457,000","309,687,000","302,534,000","297,584,000","279,541,000","273,803,000","261,531,000","259,875,000","253,573,000","254,020,000","253,083,000","251,836,000","243,347,000","246,763,000","248,359,000","233,675,000","226,824,000","230,124,000","223,360,000","221,858,000","219,730,000","214,601,000","214,737,000","218,882,000","220,733,000","211,220,000","203,984,000","204,776,000","209,087,000","213,711,000","207,584,000","211,916,000","215,903,000","215,690,000","216,507,000","218,285,000","219,841,000","217,624,000","214,126,000","225,341,000","227,951,000","223,542,000","221,505,000","220,028,000","224,005,000","222,209,000","225,770,000","227,524,000","224,617,000","215,852,000","210,534,000","205,902,000","195,940,000","184,414,000","160,722,000","143,378,000","118,883,000","114,243,000","57,122,000","57,122,000","40,710,000","19,927,000","19,927,000","19,927,000","19,927,000"
CostOfRevenue,"720,107,000","182,385,000","191,061,000","177,864,000","168,797,000","156,787,000","150,216,000","141,901,000","133,988,000","127,418,000","135,619,000","133,833,000","128,221,000","113,411,000","111,873,000","104,351,000","107,204,000","103,567,000","103,266,000","102,938,000","103,861,000","94,889,000","96,536,000","95,968,000","84,430,000","78,216,000","77,110,000","75,399,000","72,426,000","71,043,000","85,642,000","59,035,000","61,835,000","62,356,000","62,078,000","62,417,000","62,744,000","64,059,000","66,382,000","65,689,000","67,470,000","71,469,000","68,972,000","69,941,000","67,748,000","71,244,000","70,118,000","73,477,000","77,022,000","79,142,000","75,348,000","69,771,000","67,659,000","72,263,000","74,566,000","77,337,000","75,119,000","78,570,000","71,951,000","82,659,000","74,630,000","79,314,000","118,670,000","57,206,000","54,993,000","55,164,000",,,,,,,,
GrossProfit,"714,836,000","176,443,000","175,244,000","180,477,000","182,672,000","176,113,000","173,079,000","174,748,000","176,545,000","170,039,000","174,068,000","168,701,000","169,363,000","166,130,000","161,930,000","157,180,000","152,671,000","150,006,000","150,754,000","150,145,000","147,975,000","148,458,000","150,227,000","152,391,000","149,245,000","148,608,000","153,014,000","147,961,000","149,432,000","148,687,000","128,959,000","155,702,000","157,047,000","158,377,000","149,142,000","141,567,000","142,032,000","145,028,000","147,329,000","141,895,000","144,446,000","144,434,000","146,718,000","146,566,000","150,537,000","148,597,000","147,506,000","140,649,000","148,319,000","148,809,000","148,194,000","151,734,000","152,369,000","151,742,000","147,643,000","148,433,000","152,405,000","146,047,000","143,901,000","127,875,000","131,272,000","116,626,000","65,744,000","103,516,000","88,385,000","63,719,000",,,,,,,,
OperatingExpense,"735,230,000","195,289,000","194,399,000","171,032,000","174,510,000","167,184,000","168,909,000","185,337,000","174,123,000","166,191,000","170,093,000","163,154,000","169,530,000","168,722,000","155,909,000","142,333,000","139,296,000","132,338,000","127,769,000","125,522,000","141,316,000","143,334,000","145,013,000","137,362,000","143,858,000","130,084,000","144,716,000","139,164,000","132,874,000","129,348,000","115,127,000","144,065,000","145,031,000","148,055,000","142,506,000","132,344,000","128,016,000","122,554,000","123,314,000","119,147,000","147,132,000","123,901,000","118,821,000","119,178,000","119,356,000","118,713,000","121,602,000","120,811,000","124,021,000","123,795,000","129,415,000","133,461,000","137,319,000","146,642,000","144,829,000","151,293,000","154,345,000","150,500,000","139,067,000","288,387,000","164,299,000","189,701,000","184,403,000","169,314,000","162,013,000","146,122,000",,,,,,,,
	SellingGeneralAndAdministration,"641,672,000","170,094,000","170,827,000","148,525,000","152,226,000","146,767,000","144,056,000","162,450,000","153,431,000","145,706,000","147,032,000","141,835,000","148,868,000","147,508,000","136,815,000","126,309,000","120,234,000","115,538,000","109,766,000","107,343,000","122,922,000","125,387,000","125,943,000","119,344,000","125,640,000","113,105,000","126,737,000","123,718,000","118,411,000","115,403,000","100,863,000","131,719,000","132,572,000","135,717,000","131,079,000","123,885,000","119,811,000","114,579,000","115,262,000","111,037,000","113,352,000","115,257,000","110,183,000","110,495,000","110,692,000","107,647,000","108,875,000","108,162,000","110,092,000","110,027,000","115,649,000","120,580,000","123,471,000","133,746,000","130,887,000","137,946,000","143,231,000","140,291,000","127,962,000","279,824,000","156,108,000","181,842,000","177,371,000","163,368,000","156,273,000","141,163,000",,,,,,,,
		GeneralAndAdministrativeExpense,"309,051,000","91,216,000","90,125,000","61,699,000","66,011,000","65,293,000","63,956,000","76,945,000","62,604,000","60,085,000","58,434,000","58,207,000","53,506,000","51,985,000","54,583,000","51,929,000","42,549,000","38,402,000","31,760,000","33,767,000","43,184,000","43,456,000","41,650,000","35,613,000","42,296,000","33,504,000","36,818,000","35,690,000","34,026,000","29,839,000","49,314,000","73,414,000","73,569,000","78,453,000","73,159,000","64,752,000","61,481,000","62,910,000","62,461,000","59,676,000","58,396,000","61,835,000","58,579,000","59,451,000","58,481,000","58,243,000","58,523,000","58,908,000","60,768,000","60,787,000","62,891,000","63,187,000","71,327,000","68,051,000",,,,,,,,,,,,"52,875,000",,,,,,,,
			OtherGandA,"309,051,000","91,216,000","90,125,000","61,699,000","66,011,000","65,293,000","63,956,000","76,945,000","62,604,000","60,085,000","58,434,000","58,207,000","53,506,000","51,985,000","54,583,000","51,929,000","42,549,000","38,402,000","31,760,000","33,767,000","43,184,000","43,456,000","41,650,000","35,613,000","42,296,000","33,504,000","36,818,000","35,690,000","34,026,000","29,839,000","49,314,000","73,414,000","73,569,000","78,453,000","73,159,000","64,752,000","61,481,000","62,910,000","62,461,000","59,676,000","58,396,000","61,835,000","58,579,000","59,451,000","58,481,000","58,243,000","58,523,000","58,908,000","60,768,000","60,787,000","62,891,000","63,187,000","71,327,000","68,051,000",,,,,,,,,,,,"52,875,000",,,,,,,,
		SellingAndMarketingExpense,"332,621,000","78,878,000","80,702,000","86,826,000","86,215,000","81,474,000","80,100,000","85,505,000","90,827,000","85,621,000","88,598,000","83,628,000","95,362,000","95,523,000","82,232,000","74,380,000","77,685,000","77,136,000","78,006,000","73,576,000","79,738,000","81,931,000","84,293,000","83,731,000","83,344,000","79,601,000","89,919,000","88,028,000","84,385,000","85,564,000","51,549,000","58,305,000","59,003,000","57,264,000","57,920,000","59,133,000","58,330,000","51,669,000","52,801,000","51,361,000","54,956,000","53,422,000","51,604,000","51,044,000","52,211,000","49,404,000","50,352,000","49,254,000","49,324,000","49,240,000","52,758,000","57,393,000","52,144,000","65,695,000",,,,,,,,,,,,"88,288,000",,,,,,,,
	ResearchAndDevelopment,"69,460,000",,,,,,,"20,110,000","19,784,000","19,203,000","19,142,000","16,901,000","16,891,000","16,526,000","16,635,000","14,309,000","10,375,000","10,820,000","7,634,000","6,956,000","6,670,000","8,370,000","7,607,000","8,075,000","7,243,000","6,834,000","6,921,000","6,830,000","6,864,000","6,605,000",,,,,,,,,,,,,,,,,,,,,,,,,,,,,,,,,,,,,,,,,,,,
	DepreciationAmortizationDepletionIncomeStatement,"93,558,000","25,195,000","23,572,000","22,507,000","22,284,000","20,417,000","24,853,000","22,887,000","20,692,000","20,485,000","23,061,000","21,319,000","20,662,000","21,214,000","19,094,000","16,024,000","19,062,000","16,800,000","18,003,000","18,179,000","18,394,000","17,947,000","19,070,000","18,018,000","18,218,000","16,979,000","17,979,000","15,446,000","14,463,000","13,945,000","14,264,000","12,346,000","12,459,000","12,338,000","11,427,000","8,459,000","8,205,000","7,975,000","8,052,000","8,110,000","8,518,000","8,644,000","8,638,000","8,683,000","8,664,000","11,066,000","12,727,000","12,649,000","13,929,000","13,768,000","13,766,000","12,881,000","13,848,000","12,896,000","13,942,000","13,347,000","11,114,000","10,209,000","11,105,000","8,563,000","8,191,000","7,859,000","7,032,000","5,946,000","5,740,000","4,959,000",,,,,,,,
		DepreciationAndAmortizationInIncomeStatement,"93,558,000","25,195,000","23,572,000","22,507,000","22,284,000","20,417,000","24,853,000","22,887,000","20,692,000","20,485,000","23,061,000","21,319,000","20,662,000","21,214,000","19,094,000","16,024,000","19,062,000","16,800,000","18,003,000","18,179,000","18,394,000","17,947,000","19,070,000","18,018,000","18,218,000","16,979,000","17,979,000","15,446,000","14,463,000","13,945,000","14,264,000","12,346,000","12,459,000","12,338,000","11,427,000","8,459,000","8,205,000","7,975,000","8,052,000","8,110,000","8,518,000","8,644,000","8,638,000","8,683,000","8,664,000","11,066,000","12,727,000","12,649,000","13,929,000","13,768,000","13,766,000","12,881,000","13,848,000","12,896,000","13,942,000","13,347,000","11,114,000","10,209,000","11,105,000","8,563,000","8,191,000","7,859,000","7,032,000","5,946,000","5,740,000","4,959,000",,,,,,,,
	OtherOperatingExpenses,,,,,,,,,,,,,,,,,,,,,,,,,,,,,,,,,,,,,,,,,"25,262,000",,,,,,,,,,,,,,,,,,,,,,,,,,,,,,,,,
OperatingIncome,"-20,394,000","-18,846,000","-19,155,000","9,445,000","8,162,000","8,929,000","4,170,000","-10,589,000","2,422,000","3,848,000","3,975,000","5,547,000","-167,000","-2,592,000","6,021,000","14,847,000","13,375,000","17,668,000","22,985,000","24,623,000","6,659,000","5,124,000","5,214,000","15,029,000","5,387,000","18,524,000","8,298,000","8,797,000","16,558,000","19,339,000","13,832,000","11,637,000","12,016,000","10,322,000","6,636,000","9,223,000","14,016,000","22,474,000","24,015,000","22,748,000","-2,686,000","20,533,000","27,897,000","27,388,000","31,181,000","29,884,000","25,904,000","19,838,000","24,298,000","25,014,000","18,779,000","18,273,000","15,050,000","5,100,000","2,814,000","-2,860,000","-1,940,000","-4,453,000","4,834,000","-160,512,000","-33,027,000","-73,075,000","-118,659,000","-65,798,000","-73,628,000","-82,403,000","-419,490,000","57,122,000","57,122,000","40,710,000","-131,328,000","19,927,000","19,927,000","19,927,000"
NetNonOperatingInterestIncomeExpense,"-24,703,000","-3,653,000","-6,924,000","-7,045,000","-7,081,000","-7,298,000","-7,384,000","-7,373,000","-9,321,000","-8,082,000","-8,304,000","-8,454,000","-8,487,000","-7,576,000","-5,774,000","-3,036,000","-3,097,000","-3,161,000","-3,478,000","-3,818,000","-3,857,000","-3,698,000","-3,551,000","-3,955,000","-3,032,000","-2,425,000","-2,517,000","-2,198,000","-2,067,000","-1,915,000","-1,579,000","-1,643,000","-1,403,000","-1,986,000","-1,760,000","-1,412,000","-1,658,000","-1,420,000","-1,238,000","-1,372,000","-1,536,000","-1,731,000","-1,979,000","-2,893,000","-5,551,000","-6,560,000","-11,199,000","-11,415,000","-12,250,000","-13,158,000","-13,232,000","-13,632,000","-13,619,000","-13,432,000",,,,,,,,,,,,,,,,,,,,
	InterestIncomeNonOperating,,,,,,,,,,,,,,,,,,,"5,000","3,000","4,000","5,000","14,000","19,000","25,000","21,000","24,000","24,000","21,000","20,000","53,000","37,000","31,000","91,000","99,000","97,000","74,000","37,000","29,000","30,000","30,000","20,000","23,000","33,000","37,000","42,000","139,000","154,000","173,000","53,000","49,000","58,000","60,000","110,000",,,,,,,,,,,,,,,,,,,,
	InterestExpenseNonOperating,"24,703,000","3,653,000","6,924,000","7,045,000","7,081,000","7,298,000","5,790,000","7,373,000","9,321,000","8,082,000","8,304,000","8,454,000","8,487,000","7,576,000","5,774,000","3,036,000","3,097,000","3,161,000","3,483,000","3,821,000","3,861,000","3,703,000","3,565,000","3,974,000","3,057,000","2,446,000","2,541,000","2,222,000","2,088,000","1,935,000","1,632,000","1,680,000","1,434,000","2,077,000","1,859,000","1,509,000","1,732,000","1,457,000","1,267,000","1,402,000","1,566,000","1,751,000","2,002,000","2,926,000","5,588,000","6,602,000","11,338,000","11,569,000","12,423,000","13,211,000","13,281,000","13,690,000","13,679,000","13,542,000",,,,,,,,,,,,,,,,,,,,
OtherIncomeExpense,"1,242,000","511,000","1,119,000","-100,000","-288,000","174,000","160,000","-37,000","-38,000","229,000","455,000","58,000","-147,000","-416,000","-749,000","347,000","337,000","-253,000","322,000","465,000","686,000","-220,000","-109,000","-495,000","104,000","154,000","-247,000","-50,000","32,000","-577,000","-10,000","-2,000","36,000","-13,000","-33,000","-15,000","-17,000","-39,000","-16,000","28,000","-65,000","42,000","-266,000","-8,032,000","-3,184,000","-1,545,000","-56,354,000","-63,714,000","-12,269,000","1,976,000","-808,000","-59,167,000","1,155,000","13,771,000","-30,751,000","46,000","52,000","-164,000","-169,000","-36,000","-50,000","17,000","-73,000","-108,000","-4,000","-4,000",,,,,,,,
	GainOnSaleOfSecurity,,,,,,,,,,,,,,,,,,,,,,,,,,,,,,,,,,,,,,,,,,,,,,,,"-1,545,000",,,,,,,,,,,,,,,,,,,,,,,,,,
	SpecialIncomeCharges,,,,,,,,,,,,,,,,,,,,,,,,,,,,,,,,,,,"0","0","0",,"-5,000","28,000","-65,000","42,000","-266,000","-8,032,000","44,000","-1,545,000","-60,846,000","-62,169,000","-12,269,000","1,976,000","-4,849,000","-59,167,000","1,155,000","13,771,000","-30,751,000","46,000","52,000","-164,000","-169,000","-36,000","-50,000","17,000","-73,000","-108,000","-4,000","-4,000",,,,,,,,
		OtherSpecialCharges,,,,,,,,,,,,,,,,,,,,,,,,,,,,,,,,,,,,,,,,,,,,,,"952,000",,,,,,,,,,,,,,,,,,,,,,,,,,,,
		GainOnSaleOfBusiness,,,,,,,,,,,,,,,,,,,,,,,,,,,,,,,,,,,,,,,,,,,,,,"-593,000",,,,,,,,,,,,,,,,,,,,,,,,,,,,
		GainOnSaleOfPPE,,,,,,,,,,,,,,,,,,,,,,,,,,,,,,,,,,,"0","0","0",,"0",,,,,,,,,,,,,,,,,,,,,,,,,,,,,,,,,,,
	OtherNonOperatingIncomeExpenses,"1,242,000","511,000","1,119,000","-100,000","-288,000","174,000","160,000","-37,000","-38,000","229,000","455,000","58,000","-147,000","-416,000","-749,000","347,000","337,000","-253,000","322,000","465,000","686,000","-220,000","-109,000","-495,000","104,000","154,000","-247,000","-50,000","32,000","-577,000","-10,000","-2,000","36,000","-13,000","-33,000","-15,000","-17,000","-39,000","-16,000",,,,,,"-3,228,000",,,,,,,,,,,,,,,,,,,,,,,,,,,,,
PretaxIncome,"-43,855,000","-21,988,000","-24,960,000","2,300,000","793,000","1,805,000","-3,054,000","-17,999,000","-6,937,000","-4,005,000","-3,874,000","-2,849,000","-8,801,000","-10,584,000","-502,000","12,158,000","10,615,000","14,254,000","19,829,000","21,270,000","3,488,000","1,206,000","1,554,000","10,579,000","2,459,000","16,253,000","5,534,000","6,549,000","14,523,000","16,847,000","12,243,000","9,992,000","10,649,000","8,323,000","4,843,000","7,796,000","12,341,000","21,015,000","22,761,000","21,404,000","-4,287,000","18,844,000","25,652,000","16,463,000","22,446,000","21,779,000","-41,667,000","-55,291,000","-221,000","13,832,000","4,739,000","-54,526,000","2,586,000","5,439,000","-40,934,000","-7,774,000","-6,402,000","-8,788,000","71,000","-161,734,000","-33,443,000","-72,140,000","-117,308,000","-62,184,000","-74,136,000","-85,160,000",,,,,,,,
TaxProvision,"-2,612,000","-4,866,000","-2,809,000","4,332,000","731,000","2,181,000","10,911,000","-7,937,000","1,493,000","-250,000","-1,499,000","18,248,000","-13,325,000","-10,050,000","6,441,000","2,570,000","2,056,000","-10,270,000","75,102,000","10,668,000","-1,337,000","-4,707,000","1,553,000","1,501,000","1,562,000","8,322,000","2,128,000","3,116,000","6,176,000","6,998,000","6,749,000","5,627,000","5,266,000","4,118,000","1,521,000","3,811,000","4,894,000","7,968,000","9,928,000","8,191,000","-947,000","4,923,000","-324,494,000","426,000","698,000","666,000","22,000","91,000","341,000","-136,000","338,000","29,000","301,000","168,000","-18,000","43,000","480,000","173,000","-289,000","94,000","183,000","194,000",,,,,,,,,,,,
NetIncomeCommonStockholders,"-41,243,000","-17,122,000","-22,151,000","-2,032,000","62,000","-376,000","-13,965,000","-10,062,000","-8,430,000","-3,755,000","-2,375,000","-21,097,000","4,524,000","-534,000","-6,943,000","9,588,000","8,559,000","24,524,000","-55,273,000","10,602,000","4,825,000","5,913,000","1,000","9,078,000","897,000","7,931,000","3,406,000","3,433,000","8,347,000","7,469,000","5,604,000","4,556,000","5,518,000","4,588,000","3,588,000","4,207,000","7,447,000","13,047,000","12,833,000","13,213,000","-3,340,000","13,921,000","350,146,000","16,037,000","21,748,000","21,113,000","-41,689,000","-55,382,000","-562,000","13,968,000","4,401,000","-54,555,000","2,285,000","5,271,000","-40,916,000","-7,817,000","-6,882,000","-8,961,000","360,000","-161,828,000","-33,626,000","-72,334,000","-117,093,000","-62,184,000","-74,136,000","-85,160,000","-100,968,000","-50,484,000","-50,484,000","-60,002,000","-17,480,000","-17,480,000","-17,480,000","-17,480,000"
	NetIncome,"-41,243,000","-17,122,000","-22,151,000","-2,032,000","62,000","-376,000","-13,965,000","-10,062,000","-8,430,000","-3,755,000","-2,375,000","-21,097,000","4,524,000","-534,000","-6,943,000","9,588,000","8,559,000","24,524,000","-55,273,000","10,602,000","4,825,000","5,913,000","1,000","9,078,000","897,000","7,931,000","3,406,000","3,433,000","8,347,000","7,469,000","5,604,000","4,556,000","5,518,000","4,588,000","3,588,000","4,207,000","7,447,000","13,047,000","12,833,000","13,213,000","-3,340,000","13,921,000","350,146,000","16,037,000","21,748,000","21,113,000","-41,689,000","-55,382,000","-562,000","13,968,000","4,401,000","-54,555,000","2,285,000","5,271,000","-40,916,000","-7,817,000","-6,882,000","-8,961,000","360,000","-161,828,000","-33,626,000","-72,334,000","-117,093,000","-62,184,000","-74,136,000","-85,160,000","-100,666,000","-50,333,000","-50,333,000","-60,002,000","-17,480,000","-17,480,000","-17,480,000","-17,480,000"
		NetIncomeIncludingNoncontrollingInterests,"-41,243,000","-17,122,000","-22,151,000","-2,032,000","62,000","-376,000","-13,965,000","-10,062,000","-8,430,000","-3,755,000","-2,375,000","-21,097,000","4,524,000","-534,000","-6,943,000","9,588,000","8,559,000","24,524,000","-55,273,000","10,602,000","4,825,000","5,913,000","1,000","9,078,000","897,000","7,931,000","3,406,000","3,433,000","8,347,000","7,410,000","5,494,000","4,365,000","5,383,000","4,205,000","3,322,000","3,985,000","7,447,000","13,047,000","12,833,000","13,213,000","-3,340,000","13,921,000","350,146,000","16,037,000","21,748,000","21,113,000","-41,689,000","-55,382,000","-562,000","13,968,000","4,401,000","-54,555,000","2,285,000","5,271,000","-40,916,000","-7,817,000","-6,882,000","-8,961,000","360,000","-161,828,000","-33,626,000","-72,334,000","-117,093,000","-62,184,000","-74,136,000","-85,160,000","-100,666,000","-50,333,000","-50,333,000","-60,002,000","-17,480,000","-17,480,000","-17,480,000","-17,480,000"
			NetIncomeContinuousOperations,"-41,243,000","-17,122,000","-22,151,000","-2,032,000","62,000","-376,000","-13,965,000","-10,062,000","-8,430,000","-3,755,000","-2,375,000","-21,097,000","4,524,000","-534,000","-6,943,000","9,588,000","8,559,000","24,524,000","-55,273,000","10,602,000","4,825,000","5,913,000","1,000","9,078,000","897,000","7,931,000","3,406,000","3,433,000","8,347,000","9,849,000","5,494,000","4,365,000","5,383,000","4,205,000","3,322,000","3,985,000","7,447,000","13,047,000","12,833,000","13,213,000","-3,340,000","13,921,000","350,146,000","16,037,000","21,748,000","21,113,000","-41,689,000","-55,382,000","-562,000","13,968,000","4,401,000","-54,555,000","2,285,000","5,271,000","-40,916,000","-7,817,000","-6,882,000","-8,961,000","360,000","-161,828,000","-33,626,000","-72,334,000","-117,093,000","-62,184,000","-74,136,000","-85,160,000","-100,666,000","-50,333,000","-50,333,000","-60,002,000","-17,480,000","-17,480,000","-17,480,000","-17,480,000"
			NetIncomeDiscontinuousOperations,,,,,,,,,,,,,,,,,,,,,,,"0",,"0","0","0","0","0","-2,439,000",,,,,,,,,,,,,,,,,,,,,,,,,,,,,,,,,,,,,,,,,,,,
		MinorityInterests,,,,,,,,,,,,,,,,,,,,,,,"0",,"0","0","0","0","0","59,000","110,000","191,000","135,000","383,000","266,000","222,000",,,,,,,,,,,,,,,,,,,,,,,,,,,,,,,,,,,,,,
	PreferredStockDividends,,,,,,,,,,,,,,,,,,,,,,,,,,,,,,,,,,,,,,,,,,,,,,,,,,,,,,,,,,,,,,,,,,,"302,000","151,000","151,000",,,,,
DilutedNIAvailtoComStockholders,"-41,243,000","-17,122,000","-22,151,000","-2,032,000","62,000","-376,000","-13,965,000","-10,062,000","-8,430,000","-3,755,000","-2,375,000","-21,097,000","4,524,000","-534,000","-6,943,000","9,588,000","8,559,000","24,524,000","-55,273,000","10,602,000","4,825,000","5,913,000","1,000","9,078,000","897,000","7,931,000","3,406,000","3,433,000","8,347,000","7,469,000","5,604,000","4,556,000","5,518,000","4,588,000","3,588,000","4,207,000","7,447,000","13,047,000","12,833,000","13,213,000","-3,340,000","13,921,000","350,146,000","16,037,000","21,748,000","21,113,000","-41,689,000","-55,382,000","-562,000","13,968,000","4,401,000","-54,555,000","2,285,000","5,271,000","-40,916,000","-7,817,000","-6,882,000","-8,961,000","360,000","-161,828,000","-33,626,000","-72,334,000","-117,093,000","-62,184,000","-74,136,000","-85,160,000","-100,968,000","-50,484,000","-50,484,000","-60,002,000","-17,480,000","-17,480,000","-17,480,000","-17,480,000"
BasicEPS,,"-0.07","-0.09","-0.01","0","-0.002","-0.06","-0.04","-0.03","-0.02","-0.01","-0.09","0.02","-0.002","-0.03","0.04","0.04","0.11","-0.24","0.05","0.02","0.03","0","0.04","0.004","0.04","0.02","0.02","0.04","0.04","0.03","0.02","0.03","0.02","0.02","0.02","0.04","0.06","0.06","0.06","-0.01","0.06",,"0.07","0.1","0.1",,"-0.26","0","0.07",,"-0.33","0.01","0.03",,"-0.05","-0.04","-0.06",,"-1.04","-0.22","-0.47",,"-0.4","-1.16","-60.4",,"-36.46","-36.46","-43.83",,"-12.853","-12.853","-12.853"
DilutedEPS,,"-0.07","-0.09","-0.01","0","-0.002","-0.06","-0.04","-0.03","-0.02","-0.01","-0.09","0.02","-0.002","-0.03","0.04","0.03","0.1","-0.24","0.04","0.02","0.02","0","0.04","0.004","0.04","0.01","0.02","0.04","0.03","0.03","0.02","0.02","0.02","0.02","0.02","0.03","0.06","0.06","0.06","-0.01","0.06",,"0.07","0.09","0.09",,"-0.26","0","0.06",,"-0.33","0.01","0.03",,"-0.05","-0.04","-0.06",,"-1.04","-0.22","-0.47",,"-0.4","-1.16","-60.4",,"-36.46","-36.46","-43.83",,"-12.853","-12.853","-12.853"
BasicAverageShares,,"254,666,000","252,791,000","252,101,000","251,430,000","249,638,000","248,586,000","246,697,000","245,385,000","243,627,000","242,708,000","242,336,000","242,475,000","240,527,000","239,649,000","239,303,000","237,919,000","233,034,000","229,339,000","227,943,000","223,492,000","220,371,000","218,375,000","217,000,000","213,558,000","214,039,000","213,864,000","213,291,000","213,582,000","211,844,000","207,176,000","208,580,000","211,390,000","212,195,000","209,928,000","209,589,000","212,169,000","214,639,000","219,379,000","225,555,000","226,429,000","225,732,000",,"225,281,000","224,233,000","222,162,000",,"212,086,000","211,305,000","201,324,000",,"167,666,000","156,928,000","156,718,000",,"156,299,000","156,103,000","156,034,000",,"155,784,000","155,506,000","155,151,000",,"154,775,000","63,995,000","1,410,000",,"1,381,000","1,381,000","1,369,000",,"1,360,000","1,360,000","1,360,000"
DilutedAverageShares,,"254,666,000","252,791,000","252,101,000","259,962,000","249,638,000","248,586,000","246,697,000","245,385,000","243,627,000","242,708,000","242,336,000","249,720,000","240,527,000","239,649,000","249,516,000","248,256,000","248,481,000","229,339,000","242,720,000","239,938,000","239,486,000","237,670,000","234,868,000","222,700,000","224,225,000","227,751,000","225,182,000","222,188,000","220,589,000","214,349,000","217,176,000","221,002,000","225,187,000","219,600,000","217,059,000","219,837,000","223,202,000","228,107,000","233,708,000","226,429,000","236,036,000",,"241,189,000","244,590,000","240,340,000",,"212,086,000","211,305,000","221,947,000",,"167,666,000","156,928,000","218,787,000",,"156,299,000","156,103,000","156,034,000",,"155,784,000","155,506,000","155,151,000",,"154,775,000","63,995,000","1,422,000",,"1,381,000","1,381,000","1,369,000",,"1,360,000","1,360,000","1,360,000"
TotalOperatingIncomeAsReported,"-20,394,000","-18,846,000","-19,155,000","9,445,000","8,162,000","8,929,000","4,170,000","-10,589,000","2,422,000","3,848,000","3,975,000","5,547,000","-167,000","-2,592,000","6,021,000","14,847,000","13,375,000","17,668,000","22,985,000","24,623,000","6,659,000","5,124,000","5,214,000","15,029,000","5,387,000","18,524,000","8,298,000","8,797,000","16,558,000","19,339,000","13,832,000","11,637,000","12,016,000","10,322,000","6,636,000","9,223,000","14,016,000","22,474,000","24,015,000",,,,,"27,388,000","31,181,000","29,884,000",,,,,,,,,,,,,,,,,,,,,,,,,,,,
TotalExpenses,"1,455,337,000","377,674,000","385,460,000","348,896,000","343,307,000","323,971,000","319,125,000","327,238,000","308,111,000","293,609,000","305,712,000","296,987,000","297,751,000","282,133,000","267,782,000","246,684,000","246,500,000","235,905,000","231,035,000","228,460,000","245,177,000","238,223,000","241,549,000","233,330,000","228,288,000","208,300,000","221,826,000","214,563,000","205,300,000","200,391,000","200,769,000","203,100,000","206,866,000","210,411,000","204,584,000","194,761,000","190,760,000","186,613,000","189,696,000","184,836,000","214,602,000","195,370,000","187,793,000","189,119,000","187,104,000","189,957,000","191,720,000","194,288,000","201,043,000","202,937,000","204,763,000","203,232,000","204,978,000","218,905,000","219,395,000","228,630,000","229,464,000","229,070,000","211,018,000","371,046,000","238,929,000","269,015,000","303,073,000","226,520,000","217,006,000","201,286,000",,,,,,,,
NetIncomeFromContinuingAndDiscontinuedOperation,"-41,243,000","-17,122,000","-22,151,000","-2,032,000","62,000","-376,000","-13,965,000","-10,062,000","-8,430,000","-3,755,000","-2,375,000","-21,097,000","4,524,000","-534,000","-6,943,000","9,588,000","8,559,000","24,524,000","-55,273,000","10,602,000","4,825,000","5,913,000","1,000","9,078,000","897,000","7,931,000","3,406,000","3,433,000","8,347,000","7,469,000","5,604,000","4,556,000","5,518,000","4,588,000","3,588,000","4,207,000","7,447,000","13,047,000","12,833,000","13,213,000","-3,340,000","13,921,000","350,146,000","16,037,000","21,748,000","21,113,000","-41,689,000","-55,382,000","-562,000","13,968,000","4,401,000","-54,555,000","2,285,000","5,271,000","-40,916,000","-7,817,000","-6,882,000","-8,961,000","360,000","-161,828,000","-33,626,000","-72,334,000","-117,093,000","-62,184,000","-74,136,000","-85,160,000","-100,666,000","-50,333,000","-50,333,000","-60,002,000","-17,480,000","-17,480,000","-17,480,000","-17,480,000"
NormalizedIncome,"-41,243,000","-17,122,000","-22,151,000","-2,032,000","62,000","-376,000","-13,965,000","-10,062,000","-8,430,000","-3,755,000","-2,375,000","-21,097,000","4,524,000","-534,000","-6,943,000","9,588,000","8,559,000","24,524,000","-55,273,000","10,602,000","4,825,000","5,913,000","1,000","9,078,000","897,000","7,931,000","3,406,000","3,433,000","8,347,000","9,908,000","5,604,000","4,556,000","5,518,000","4,588,000","3,588,000","4,207,000","7,447,000","13,047,000","12,836,250","13,195,715.193","-3,289,358.526","13,889,972.511","350,318,900","23,861,162.303","21,705,368.262","22,610,754.029","-5,058,900","-13,967,900","7,412,850","12,683,600","5,151,370.964","-16,096,450","1,264,437.355","-8,074,640.927","-10,178,522.206","-7,846,900","-6,915,800","-8,854,400","469,850","-161,804,600","-33,593,500","-72,345,050","-117,020,000","-62,076,000","-74,132,000","-85,156,000","-100,666,000","-50,333,000","-50,333,000","-60,002,000","-17,480,000","-17,480,000","-17,480,000","-17,480,000"
InterestIncome,,,,,,,,,,,,,,,,,,,"5,000","3,000","4,000","5,000","14,000","19,000","25,000","21,000","24,000","24,000","21,000","20,000","53,000","37,000","31,000","91,000","99,000","97,000","74,000","37,000","29,000","30,000","30,000","20,000","23,000","33,000","37,000","42,000","139,000","154,000","173,000","53,000","49,000","58,000","60,000","110,000",,,,,,,,,,,,,,,,,,,,
InterestExpense,"24,703,000","3,653,000","6,924,000","7,045,000","7,081,000","7,298,000","5,790,000","7,373,000","9,321,000","8,082,000","8,304,000","8,454,000","8,487,000","7,576,000","5,774,000","3,036,000","3,097,000","3,161,000","3,483,000","3,821,000","3,861,000","3,703,000","3,565,000","3,974,000","3,057,000","2,446,000","2,541,000","2,222,000","2,088,000","1,935,000","1,632,000","1,680,000","1,434,000","2,077,000","1,859,000","1,509,000","1,732,000","1,457,000","1,267,000","1,402,000","1,566,000","1,751,000","2,002,000","2,926,000","5,588,000","6,602,000","11,338,000","11,569,000","12,423,000","13,211,000","13,281,000","13,690,000","13,679,000","13,542,000",,,,,,,,,,,,,,,,,,,,
NetInterestIncome,"-24,703,000","-3,653,000","-6,924,000","-7,045,000","-7,081,000","-7,298,000","-7,384,000","-7,373,000","-9,321,000","-8,082,000","-8,304,000","-8,454,000","-8,487,000","-7,576,000","-5,774,000","-3,036,000","-3,097,000","-3,161,000","-3,478,000","-3,818,000","-3,857,000","-3,698,000","-3,551,000","-3,955,000","-3,032,000","-2,425,000","-2,517,000","-2,198,000","-2,067,000","-1,915,000","-1,579,000","-1,643,000","-1,403,000","-1,986,000","-1,760,000","-1,412,000","-1,658,000","-1,420,000","-1,238,000","-1,372,000","-1,536,000","-1,731,000","-1,979,000","-2,893,000","-5,551,000","-6,560,000","-11,199,000","-11,415,000","-12,250,000","-13,158,000","-13,232,000","-13,632,000","-13,619,000","-13,432,000",,,,,,,,,,,,,,,,,,,,
EBIT,"-19,152,000","-18,335,000","-18,036,000","9,345,000","7,874,000","9,103,000","2,736,000","-10,626,000","2,384,000","4,077,000","4,430,000","5,605,000","-314,000","-3,008,000","5,272,000","15,194,000","13,712,000","17,415,000","23,312,000","25,091,000","7,349,000","4,909,000","5,119,000","14,553,000","5,516,000","18,699,000","8,075,000","8,771,000","16,611,000","18,782,000","13,875,000","11,672,000","12,083,000","10,400,000","6,702,000","9,305,000","14,073,000","22,472,000","24,028,000","22,806,000","-2,721,000","20,595,000","27,654,000","19,389,000","28,034,000","28,381,000","-30,329,000","-43,722,000","12,202,000","27,043,000","18,020,000","-40,836,000","16,265,000","18,981,000","-24,767,000","-2,860,000","-1,940,000","-4,453,000","4,834,000","-160,512,000","-33,027,000","-73,075,000","-118,659,000","-65,798,000","-73,628,000","-82,403,000","-419,490,000","57,122,000","57,122,000","40,710,000","-131,328,000","19,927,000","19,927,000","19,927,000"
EBITDA,"74,406,000"
ReconciledCostOfRevenue,"720,107,000","182,385,000","191,061,000","177,864,000","168,797,000","156,787,000","150,216,000","141,901,000","133,988,000","127,418,000","135,619,000","133,833,000","128,221,000","113,411,000","111,784,000","104,353,000","107,196,000","103,741,000","103,346,000","102,936,000","103,995,000","94,889,000","96,536,000","95,968,000","84,430,000","78,216,000","77,110,000","75,399,000","72,426,000","70,852,000","85,642,000","59,035,000","61,835,000","62,356,000","62,078,000","62,417,000","62,744,000","64,059,000","66,382,000","65,689,000","67,470,000","71,469,000","68,972,000","69,941,000","67,748,000","71,244,000","70,118,000","73,477,000","77,022,000","79,142,000","77,572,000","69,062,000","66,878,000","71,529,000","72,929,000","76,510,000","74,292,000","77,742,000","68,752,000","82,162,000","74,134,000","78,817,000","118,174,000","56,704,000","54,482,000","54,674,000",,,,,,,,
ReconciledDepreciation,"93,558,000","25,195,000","23,572,000","22,507,000","22,284,000","20,417,000","24,853,000","22,887,000","20,692,000","20,485,000","23,061,000","21,319,000","20,662,000","21,214,000","19,183,000","16,022,000","19,070,000","16,626,000","17,923,000","18,181,000","18,260,000","17,947,000","19,070,000","18,018,000","18,218,000","16,979,000","17,979,000","15,446,000","14,463,000","14,136,000","14,264,000","12,346,000","12,459,000","12,338,000","11,427,000","8,459,000","8,205,000","7,975,000","8,052,000","8,110,000","8,518,000","8,644,000","8,638,000","8,683,000","8,664,000","11,066,000","12,727,000","12,649,000","13,929,000","13,768,000","11,542,000","13,590,000","14,629,000","13,630,000","15,579,000","14,174,000","11,941,000","11,037,000","14,304,000","9,060,000","8,687,000","8,356,000","7,528,000","6,448,000","6,251,000","5,449,000",,,,,,,,
NetIncomeFromContinuingOperationNetMinorityInterest,"-41,243,000","-17,122,000","-22,151,000","-2,032,000","62,000","-376,000","-13,965,000","-10,062,000","-8,430,000","-3,755,000","-2,375,000","-21,097,000","4,524,000","-534,000","-6,943,000","9,588,000","8,559,000","24,524,000","-55,273,000","10,602,000","4,825,000","5,913,000","1,000","9,078,000","897,000","7,931,000","3,406,000","3,433,000","8,347,000","9,908,000","5,604,000","4,556,000","5,518,000","4,588,000","3,588,000","4,207,000","7,447,000","13,047,000","12,833,000","13,213,000","-3,340,000","13,921,000","350,146,000","16,037,000","21,748,000","21,113,000","-41,689,000","-55,382,000","-562,000","13,968,000","4,401,000","-54,555,000","2,285,000","5,271,000","-40,916,000","-7,817,000","-6,882,000","-8,961,000","360,000","-161,828,000","-33,626,000","-72,334,000","-117,093,000","-62,184,000","-74,136,000","-85,160,000","-100,666,000","-50,333,000","-50,333,000","-60,002,000","-17,480,000","-17,480,000","-17,480,000","-17,480,000"
TotalUnusualItemsExcludingGoodwill,,,,,,,,,,,,,,,,,,,,,,,,,,,,,,,,,,,"0","0","0",,"-5,000","28,000","-65,000","42,000","-266,000","-8,032,000","44,000","-1,545,000","-56,354,000","-63,714,000","-12,269,000","1,976,000","-808,000","-59,167,000","1,155,000","13,771,000","-30,751,000","46,000","52,000","-164,000","-169,000","-36,000","-50,000","17,000","-73,000","-108,000","-4,000","-4,000",,,,,,,,
TotalUnusualItems,,,,,,,,,,,,,,,,,,,,,,,,,,,,,,,,,,,"0","0","0",,"-5,000","28,000","-65,000","42,000","-266,000","-8,032,000","44,000","-1,545,000","-56,354,000","-63,714,000","-12,269,000","1,976,000","-808,000","-59,167,000","1,155,000","13,771,000","-30,751,000","46,000","52,000","-164,000","-169,000","-36,000","-50,000","17,000","-73,000","-108,000","-4,000","-4,000",,,,,,,,
NormalizedEBITDA,"74,406,000","6,860,000","5,536,000","31,852,000","30,158,000","29,520,000","27,589,000","12,261,000","23,076,000","24,562,000","27,491,000","26,924,000","20,348,000","18,206,000","24,455,000","31,218,000","32,782,000","34,215,000","41,315,000","43,272,000","25,743,000","22,856,000","24,189,000","32,571,000","23,734,000","35,678,000","26,054,000","24,217,000","31,074,000","32,918,000","28,139,000","24,018,000","24,542,000","22,738,000","18,129,000","17,764,000","22,278,000","30,447,000","32,085,000","30,888,000","5,862,000","29,197,000","36,558,000","36,104,000","36,654,000","40,992,000","38,752,000","32,641,000","38,400,000","38,835,000","32,594,000","31,921,000","29,739,000","18,840,000","21,563,000","11,268,000","9,949,000","6,748,000","19,307,000","-151,416,000","-24,290,000","-64,736,000","-111,058,000","-59,242,000","-67,373,000","-76,950,000","-419,490,000","57,122,000","57,122,000","40,710,000","-131,328,000","19,927,000","19,927,000","19,927,000"
TaxRateForCalcs,"0.06","0.221","0.113","0.27","0.27","0.27","0.27","0.27","0.27","0.062","0.387","0.27","0.27","0.27","0.27","0.211","0.194","0.27","0.4","0.4","0.4","0.4","0.4","0.142","0.4","0.4","0.385","0.4","0.4","0.4","0.35","0.35","0.35","0.35","0.314","0.35","0.397","0.379","0.35","0.383","0.221","0.261","0.35","0.026","0.031","0.031","0.35","0.35","0.35","0.35","0.071","0.35","0.116","0.031","0","0.35","0.35","0.35","0.35","0.35","0.35","0.35","0","0","0","0","0.4","0.4","0.4","0.4","0.4","0.4","0.4","0.4"
TaxEffectOfUnusualItems,"0","0","0","0","0","0","0","0","0","0","0","0","0","0","0","0","0","0","0","0","0","0","0","0","0","0","0","0","0","0","0","0","0","0","0","0","0","0","-1,750","10,715.193","-14,358.526","10,972.511","-93,100","-207,837.697","1,368.262","-47,245.971","-19,723,900","-22,299,900","-4,294,150","691,600","-57,629.036","-20,708,450","134,437.355","425,359.073","-13,522.206","16,100","18,200","-57,400","-59,150","-12,600","-17,500","5,950","0","0","0","0","0","0","0","0","0","0","0","0"