name,ttm,03/31/2022,12/31/2021,09/30/2021,06/30/2021,03/31/2021,12/31/2020,09/30/2020,06/30/2020,03/31/2020,12/31/2019,09/30/2019,06/30/2019,03/31/2019,12/31/2018,09/30/2018,06/30/2018,03/31/2018,12/31/2017,09/30/2017,06/30/2017,03/31/2017,12/31/2016,09/30/2016,06/30/2016,03/31/2016,12/31/2015,09/30/2015,06/30/2015,03/31/2015,12/31/2014,09/30/2014,06/30/2014,03/31/2014,12/31/2013,09/30/2013,06/30/2013,03/31/2013,12/31/2012,09/30/2012,06/30/2012,03/31/2012,12/31/2011,09/30/2011,06/30/2011,03/31/2011,12/31/2010,09/30/2010,06/30/2010,03/31/2010,12/31/2009,09/30/2009,06/30/2009,03/31/2009,12/31/2008,09/30/2008,06/30/2008,03/31/2008,12/31/2007,09/30/2007,06/30/2007,03/31/2007,12/31/2006,09/30/2006,06/30/2006,03/31/2006,12/31/2005,09/30/2005,06/30/2005,03/31/2005,12/31/2004,09/30/2004,06/30/2004,03/31/2004,12/31/2003,09/30/2003,06/30/2003,03/31/2003,12/31/2002,09/30/2002,06/30/2002,03/31/2002,12/31/2001,09/30/2001,06/30/2001,03/31/2001,12/31/2000,09/30/2000,06/30/2000,03/31/2000,12/31/1999,09/30/1999,06/30/1999,03/31/1999,12/31/1998,09/30/1998,06/30/1998,03/31/1998,12/31/1997,09/30/1997,06/30/1997,03/31/1997,12/31/1996,09/30/1996,06/30/1996,03/31/1996,12/31/1995,09/30/1995,06/30/1995,03/31/1995,12/31/1994,09/30/1994,06/30/1994,03/31/1994,12/31/1993,09/30/1993,06/30/1993,03/31/1993,12/31/1992,09/30/1992,06/30/1992,03/31/1992,12/31/1991,09/30/1991,06/30/1991,03/31/1991,09/30/1990,06/30/1990,03/31/1990,12/31/1989,09/30/1989,06/30/1989,03/31/1989,12/31/1988,09/30/1988,06/30/1988,03/31/1988,12/31/1987,09/30/1987,06/30/1987
TotalRevenue,"1,261,754,000","312,042,000","-705,239,000","652,646,000","729,529,000","543,764,000","554,590,000","547,831,000","445,760,000","454,488,000","439,565,000","504,790,000","538,432,000","420,924,000","445,939,000","513,869,000","481,488,000","428,966,000","435,654,000","484,625,000","471,989,000","415,208,000","412,772,000","459,104,000","438,273,000","380,800,000","430,330,000","449,934,000","416,173,000","360,760,000","417,590,000","419,876,000","406,613,000","347,236,000","295,162,000","271,516,000","249,120,000","240,402,000","277,563,000","272,783,000","276,594,000","257,606,000","292,827,000","288,995,000","291,180,000","260,378,000","277,618,000","295,124,000","268,460,000","222,087,000","236,748,000","236,736,000","206,794,000","121,216,000","271,470,000","102,274,000","142,960,000","132,205,000","277,439,000","93,028,000","140,351,000","133,892,000","265,484,000","89,512,000","113,355,000","117,704,000","87,279,000","82,552,000","76,102,000","104,173,000","79,645,000","83,434,000","77,923,000","82,184,000","83,640,000","91,718,000","82,658,000","83,324,000","76,666,000","90,046,000","85,124,000","58,738,000","121,103,000","173,220,000","167,003,000","131,718,000","145,660,000","149,987,000","174,305,000","153,514,000","171,900,000","132,800,000","101,200,000","94,400,000","118,300,000","88,000,000","88,800,000","66,900,000","80,300,000","81,000,000","77,400,000","63,100,000","94,600,000","88,500,000","95,700,000","69,300,000","88,500,000","91,500,000","89,100,000","68,900,000","-59,900,000","140,200,000","135,900,000","131,300,000","244,600,000","143,200,000","141,900,000","143,800,000","166,300,000","176,900,000","211,400,000","165,500,000","289,500,000","305,100,000","286,400,000","289,400,000","175,400,000","145,100,000","140,200,000","173,600,000","128,100,000","131,000,000","121,600,000","148,100,000","109,000,000","122,300,000","112,500,000","147,200,000","129,900,000","142,300,000"
	OperatingRevenue,"1,261,754,000","312,042,000","-705,239,000","652,646,000","729,529,000","543,764,000","554,590,000","547,831,000","445,760,000","454,488,000","439,565,000","504,790,000","538,432,000","420,924,000","445,939,000","513,869,000","481,488,000","428,966,000","435,654,000","484,625,000","471,989,000","415,208,000","412,772,000","459,104,000","438,273,000","380,800,000","430,330,000","449,934,000","416,173,000","360,760,000","417,590,000","419,876,000","406,613,000","347,236,000","295,162,000","271,516,000","249,120,000","240,402,000","277,563,000","272,783,000","276,594,000","257,606,000","292,827,000","288,995,000","291,180,000","260,378,000","277,618,000","295,124,000","268,460,000","222,087,000","236,748,000","236,736,000","206,794,000","121,216,000","439,640,000","102,274,000","186,161,000","132,205,000","321,403,000","136,053,000","185,146,000","178,377,000","137,528,000","137,665,000","153,041,000","117,704,000","136,176,000","124,965,000","113,113,000","137,605,000","122,590,000","126,060,000","121,856,000","128,354,000","129,514,000","142,850,000","131,177,000","133,142,000","124,472,000","141,714,000","140,050,000","97,182,000","166,471,000","214,716,000","204,189,000","158,842,000","145,660,000","149,987,000","174,305,000","153,514,000","171,900,000","132,800,000","101,200,000","94,400,000","118,300,000","88,000,000","88,800,000","66,900,000","80,300,000","81,000,000","77,400,000","63,100,000","94,600,000","88,500,000","95,700,000","69,300,000","88,500,000","91,500,000","89,100,000","68,900,000","-59,900,000","140,200,000","135,900,000","131,300,000","244,600,000","143,200,000","141,900,000","143,800,000","166,300,000","176,900,000","211,400,000","165,500,000","289,500,000","305,100,000","286,400,000","289,400,000","175,400,000","145,100,000","140,200,000","173,600,000","128,100,000","131,000,000","121,600,000","148,100,000","109,000,000","122,300,000","112,500,000","147,200,000","129,900,000","142,300,000"
	ExciseTaxes,,,,,,,,,,,,,"119,943,000",,,,"115,970,000",,,,,,,,,,,,,,,,,,,,,,,,,,,,,,,,,,,,,,,,"43,201,000",,"43,964,000","43,025,000","44,795,000","44,485,000",,"48,153,000","39,686,000",,"48,897,000","42,413,000","37,011,000","33,432,000","42,945,000","42,626,000","43,933,000","46,170,000","45,874,000","51,132,000","48,519,000","49,818,000","47,806,000","51,668,000","54,926,000","38,444,000","45,368,000","41,496,000","37,186,000","27,124,000",,,,,,,,,,,,,,,,,,,,,,,,,,,,,,,,,,,,,,,,,,,,,,,,,,,,,,
CostOfRevenue,"817,450,000","212,815,000","-541,500,000","447,090,000","500,410,000","363,542,000","377,062,000","374,575,000","304,885,000","310,623,000","301,929,000","345,456,000","368,174,000","286,020,000","305,141,000","360,302,000","332,766,000","294,275,000","299,113,000","338,116,000","314,894,000","275,923,000","273,849,000","303,442,000","283,631,000","236,422,000","292,588,000","295,917,000","279,204,000","242,018,000","291,505,000","287,236,000","279,282,000","239,037,000","198,809,000","194,991,000","180,430,000","172,956,000","207,770,000","203,749,000","211,752,000","200,181,000","228,770,000","227,863,000","231,073,000","205,177,000","225,041,000","239,160,000","210,994,000","169,911,000","179,298,000","177,798,000","147,764,000","72,526,000","211,313,000","41,672,000","86,030,000","80,007,000","217,295,000","37,157,000","87,222,000","84,685,000","212,145,000","40,176,000","69,304,000","73,341,000","33,716,000","35,467,000","28,890,000","58,998,000","67,371,000","28,491,000","25,895,000","27,930,000","31,231,000","41,579,000","37,491,000","33,973,000","34,199,000","48,774,000","45,947,000","22,558,000","39,645,000","26,895,000","17,419,000","13,640,000","2,980,000","27,939,000","53,108,000","43,874,000","32,600,000","30,100,000","25,400,000","27,400,000","30,000,000","26,900,000","29,300,000","23,700,000","15,800,000","33,700,000","31,800,000","24,900,000","30,200,000","32,300,000","34,000,000","25,800,000","17,100,000","22,000,000","24,600,000","20,000,000","-113,300,000","68,400,000","68,200,000","67,800,000","109,900,000","67,600,000","69,100,000",,"76,300,000","91,600,000","105,400,000","88,400,000","160,900,000","187,100,000","167,700,000","172,000,000",,,,,,,,,,,,,,
GrossProfit,"444,304,000","99,227,000","-163,739,000","205,556,000","229,119,000","180,222,000","177,528,000","173,256,000","140,875,000","143,865,000","137,636,000","159,334,000","170,258,000","134,904,000","140,798,000","153,567,000","148,722,000","134,691,000","136,541,000","146,509,000","157,095,000","139,285,000","138,923,000","155,662,000","154,642,000","144,378,000","137,742,000","154,017,000","136,969,000","118,742,000","126,085,000","132,640,000","127,331,000","108,199,000","96,353,000","76,525,000","68,690,000","67,446,000","69,793,000","69,034,000","64,842,000","57,425,000","64,057,000","61,132,000","60,107,000","55,201,000","52,577,000","55,964,000","57,466,000","52,176,000","57,450,000","58,938,000","59,030,000","48,690,000","60,157,000","60,602,000","56,930,000","52,198,000","60,144,000","55,871,000","53,129,000","49,207,000","53,339,000","49,336,000","44,051,000","44,363,000","53,563,000","47,085,000","47,212,000","45,175,000","12,274,000","54,943,000","52,028,000","54,254,000","52,409,000","50,139,000","45,167,000","49,351,000","42,467,000","41,272,000","39,177,000","36,180,000","81,458,000","146,325,000","149,584,000","118,078,000","142,680,000","122,048,000","121,197,000","109,640,000","139,300,000","102,700,000","75,800,000","67,000,000","88,300,000","61,100,000","59,500,000","43,200,000","64,500,000","47,300,000","45,600,000","38,200,000","64,400,000","56,200,000","61,700,000","43,500,000","71,400,000","69,500,000","64,500,000","48,900,000","53,400,000","71,800,000","67,700,000","63,500,000","134,700,000","75,600,000","72,800,000",,"90,000,000","85,300,000","106,000,000","77,100,000","128,600,000","118,000,000","118,700,000","117,400,000",,,,,,,,,,,,,,
OperatingExpense,"125,346,000","24,029,000","-149,564,000","98,925,000","92,043,000","90,014,000","90,924,000","77,019,000","71,064,000","90,517,000","91,960,000","92,374,000","93,359,000","92,314,000","92,552,000","87,549,000","86,336,000","89,076,000","88,027,000","83,172,000","83,183,000","84,769,000","90,519,000","86,298,000","83,922,000","79,828,000","87,484,000","79,114,000","79,679,000","73,944,000","77,961,000","69,431,000","67,023,000","65,477,000","34,175,000","25,897,000","24,450,000","24,350,000","32,427,000","25,841,000","23,914,000","23,979,000","28,034,000","23,277,000","22,140,000","23,725,000","7,074,000","26,088,000","36,389,000","21,158,000","16,362,000","21,966,000","20,183,000","16,530,000","24,774,000","23,067,000","22,585,000","24,157,000","23,370,000","22,164,000","23,946,000","23,487,000","19,261,000","23,635,000","21,591,000","24,136,000","27,565,000","27,109,000","22,850,000","26,527,000","-2,833,000","32,718,000","74,631,000","39,837,000","39,247,000","38,367,000","44,344,000","49,580,000","41,592,000","40,958,000","44,021,000","51,232,000","75,210,000","137,737,000","133,884,000","117,271,000","124,490,000","114,696,000","111,067,000","99,503,000","123,500,000","83,400,000","62,200,000","44,800,000","65,300,000","48,100,000","46,600,000","35,600,000","53,500,000","40,500,000","39,700,000","37,300,000","71,300,000","55,300,000","58,300,000","44,900,000","73,000,000","58,800,000","65,200,000","49,300,000","62,900,000","64,000,000","59,100,000","56,200,000","103,000,000","76,700,000","77,600,000",,"96,700,000","87,600,000","97,500,000","82,600,000","200,500,000","133,500,000","112,600,000","109,000,000",,,,,,,,,,,,,,
	SellingGeneralAndAdministration,"125,346,000","24,029,000","-149,564,000","98,925,000","92,043,000","90,014,000","90,924,000","77,019,000","71,064,000","90,517,000","91,960,000","92,374,000","93,359,000","92,314,000","92,552,000","87,549,000","86,336,000","89,076,000","88,027,000","83,172,000","83,183,000","84,769,000","90,519,000","86,298,000","83,922,000","79,828,000","87,484,000","79,114,000","79,679,000","73,944,000","77,961,000","69,431,000","67,023,000","65,477,000","34,175,000","25,897,000","24,450,000","24,350,000","32,427,000","25,841,000","23,914,000","23,979,000","28,034,000","23,277,000","22,140,000","23,725,000","7,074,000","26,088,000","36,389,000","21,158,000","21,362,000","21,966,000","20,183,000","21,530,000","24,774,000","23,067,000","22,585,000","24,157,000","23,370,000","22,164,000","23,946,000","23,487,000","21,471,000","23,635,000","21,591,000","24,136,000","40,313,000","27,109,000","22,850,000","26,527,000","34,167,000","32,718,000","37,631,000","39,837,000","39,247,000","38,367,000","44,344,000","49,580,000","41,592,000","40,958,000","44,021,000","52,039,000","65,305,000","137,737,000","133,852,000","107,506,000","111,843,000","114,696,000","111,067,000","99,503,000","115,800,000","83,400,000","62,200,000","44,800,000","56,700,000","48,100,000","46,600,000","35,600,000","45,400,000","40,500,000","39,700,000","37,300,000","62,500,000","55,300,000","58,300,000","44,900,000","63,900,000","58,800,000","65,200,000","49,300,000","56,100,000","64,000,000","59,100,000","56,200,000","84,000,000","76,700,000","77,600,000",,"86,500,000","87,600,000","97,500,000","82,600,000","159,800,000","133,500,000","112,600,000","109,000,000",,,,,,,,,,,,,,
	OtherOperatingExpenses,,,,,"92,043,000","90,014,000","90,924,000","77,019,000","71,064,000","90,517,000","91,960,000","92,374,000","93,359,000","92,314,000","92,552,000","87,549,000","86,336,000","89,076,000","88,027,000","83,172,000","83,183,000","84,769,000","90,519,000","86,298,000","83,922,000","79,828,000","87,484,000","79,114,000","79,679,000","73,944,000","77,961,000","69,431,000","67,023,000","65,477,000","34,175,000","25,897,000","24,450,000","24,350,000","32,427,000",,,,,,,,,,,,,,,"-5,000,000",,,,,,,,,,,,,,,,,,,"37,000,000",,,,,,"0",,,"-807,000",,,"32,000","9,765,000",,,,,,,,,,,,,,,,,,,,,,,,,,,,,,,,,,,,,,,,,,,,,,,,,,,,,,
OperatingIncome,"318,958,000","75,198,000","-14,175,000","106,631,000","137,076,000","90,208,000","86,604,000","96,237,000","69,811,000","53,348,000","45,676,000","66,960,000","76,899,000","42,590,000","48,246,000","66,018,000","62,386,000","45,615,000","48,514,000","63,337,000","73,912,000","54,516,000","48,404,000","69,364,000","70,720,000","64,550,000","50,258,000","74,903,000","57,290,000","44,798,000","48,124,000","63,209,000","60,308,000","42,722,000","62,178,000","50,628,000","44,240,000","43,096,000","37,366,000","43,193,000","40,928,000","33,446,000","36,023,000","37,855,000","37,967,000","31,476,000","45,503,000","29,876,000","21,077,000","31,018,000","41,088,000","36,972,000","38,847,000","32,160,000","35,383,000","37,535,000","34,345,000","28,041,000","36,774,000","33,707,000","29,183,000","25,720,000","34,078,000","25,701,000","22,460,000","20,227,000","25,998,000","19,976,000","24,362,000","18,648,000","15,107,000","22,225,000","-22,603,000","14,417,000","13,162,000","11,772,000","823,000","-229,000","875,000","314,000","-4,844,000","-15,052,000","6,248,000","8,588,000","15,700,000","807,000","18,190,000","7,352,000","10,130,000","10,137,000","15,800,000","19,300,000","13,600,000","22,200,000","23,000,000","13,000,000","12,900,000","7,600,000","11,000,000","6,800,000","5,900,000","900,000","-6,900,000","900,000","3,400,000","-1,400,000","-1,600,000","10,700,000","-700,000","-400,000","-9,500,000","7,800,000","8,600,000","7,300,000","31,700,000","-1,100,000","-4,800,000","143,800,000","-6,700,000","-2,300,000","8,500,000","-5,500,000","-71,900,000","-15,500,000","6,100,000","8,400,000","175,400,000","145,100,000","-380,000,000","173,600,000","128,100,000","131,000,000","-330,800,000","148,100,000","109,000,000","122,300,000","-361,900,000","147,200,000","129,900,000","142,300,000"
NetNonOperatingInterestIncomeExpense,"-107,269,000","-24,648,000","-27,333,000","-27,745,000","-27,590,000","-28,140,000","-27,650,000","-26,912,000","-28,390,000","-32,947,000","-32,052,000","-29,880,000","-29,614,000","-34,312,000","-53,512,000","-48,618,000","-46,276,000","-44,025,000","-35,344,000","-41,408,000","-45,066,000","-44,476,000","-36,775,000","-35,876,000","-34,917,000","-29,396,000","-22,512,000","-31,315,000","-29,893,000","-29,997,000","-34,779,000","-43,541,000","-43,423,000","-38,066,000","-44,150,000","-30,855,000","-30,672,000","-33,376,000","-31,435,000","-32,978,000","-34,397,000","-26,252,000","-25,275,000","-25,421,000","-25,082,000","-24,928,000","-23,010,000","-21,511,000","-20,770,000","-18,740,000","-18,307,000","-16,757,000","-17,010,000","-15,924,000",,,,,,,,,,,,,,,,,,,,,,,,,,,,,,,,,,,,,,,,,,,,,,,,,,,,,,,,,,,,,,,,,,,,,,,,,,,,,,,,,,,,,,
	InterestIncomeNonOperating,"1,836,000","450,000","242,000","542,000","525,000","611,000","743,000","1,251,000","968,000","2,680,000","3,160,000","3,083,000","3,139,000","3,208,000","4,816,000","2,466,000","2,145,000","1,922,000","2,195,000","1,826,000","1,625,000","1,745,000","1,753,000","1,489,000","1,452,000","1,324,000","1,774,000","1,583,000","1,868,000","1,749,000","2,635,000","1,487,000","1,199,000","1,066,000","1,366,000","2,728,000","1,414,000",,,,,,,,,,,,,"65,000","215,000","51,000","76,000","150,000",,,,,,,,,,,,,,,,,,,,,,,,,,,,,,,,,,,,,,,,,,,,,,,,,,,,,,,,,,,,,,,,,,,,,,,,,,,,,,,,,,,,,,
	InterestExpenseNonOperating,"109,105,000","25,098,000","27,575,000","28,287,000","28,115,000","28,751,000","28,393,000","28,163,000","29,358,000","35,627,000","35,212,000","32,963,000","32,753,000","37,520,000","58,328,000","51,084,000","48,421,000","45,947,000","37,539,000","43,234,000","46,691,000","46,221,000","38,528,000","37,365,000","36,369,000","30,720,000","24,286,000","32,898,000","31,761,000","31,746,000","37,414,000","45,028,000","44,622,000","39,132,000","45,516,000","33,583,000","32,086,000","33,376,000","31,435,000","32,978,000","34,397,000","26,252,000","25,275,000","25,421,000","25,082,000","24,928,000","23,010,000","21,511,000","20,770,000","18,805,000","18,522,000","16,808,000","17,086,000","16,074,000",,,,,,,,,,,,,,,,,,,,,,,,,,,,,,,,,,,,,,,,,,,,,,,,,,,,,,,,,,,,,,,,,,,,,,,,,,,,,,,,,,,,,,
OtherIncomeExpense,"12,272,000","-5,786,000","1,846,000","-6,438,000","22,679,000","-17,058,000","-12,682,000","-13,363,000","-4,731,000","-24,610,000","-8,088,000","12,664,000","9,481,000","13,504,000","17,743,000","12,314,000","15,646,000","4,022,000","5,682,000","5,021,000","21,527,000","-17,047,000","-6,319,000","5,535,000","10,537,000","602,000","-14,362,000","-14,231,000","3,672,000","19,094,000","11,870,000","12,001,000","2,247,000","1,815,000","79,807,000","-75,633,000","9,960,000","-11,736,000","22,606,000","21,019,000","-1,403,000","-18,376,000","1,541,000","17,566,000","35,961,000","25,474,000","-3,921,000","9,171,000","30,295,000","6,521,000","-4,271,000","-1,342,000","-36,121,000","-10,798,000","-7,226,000","-1,277,000","13,939,000","10,303,000","-1,490,000","194,000","17,106,000","21,274,000","3,121,000","-1,135,000","-10,976,000","3,751,000","13,787,000","4,205,000","2,376,000","10,285,000","28,313,000","308,000","-29,386,000","239,000","399,000","-17,742,000","182,000","-757,000","-8,952,000","-12,158,000","9,090,000","1,627,000","-4,314,000","-962,000","423,000","-7,794,000","-5,575,000","249,539,000","1,735,000","4,139,000","-9,200,000","4,200,000","297,300,000","2,200,000","6,600,000","-7,900,000","-7,700,000","-3,200,000","-45,200,000","100,000","-4,000,000","21,200,000","-7,700,000","6,300,000","1,100,000","-1,100,000","-2,100,000","2,600,000","1,900,000","2,200,000","-10,500,000","800,000","4,000,000","4,900,000","30,800,000","300,000","2,800,000",,"41,100,000","-1,900,000","1,400,000","1,100,000","1,700,000","500,000","1,000,000","-400,000",,,,,,,,,,,,,,
	GainOnSaleOfSecurity,"3,930,000","-3,039,000","15,000","-1,549,000","8,469,000","2,449,000","6,761,000","2,516,000","6,450,000","-8,910,000","7,945,000","4,695,000","6,103,000","15,122,000","4,436,000","9,208,000","13,953,000","7,822,000","9,663,000","9,533,000","8,368,000","8,686,000","10,547,000","6,444,000","7,555,000","10,261,000","6,609,000","5,078,000","4,721,000","19,575,000","11,693,000","8,151,000","1,997,000","-1,871,000","11,718,000","2,836,000","2,367,000","8,455,000","-7,476,000","1,640,000",,"-21,057,000","2,699,000","8,238,000","20,981,000","16,596,000","8,050,000","708,000","6,447,000","4,664,000",,,,,,,,,,,,,,,,,,,,,,,,,,,,,,,,,,,,,,,,,,,,,,,,,,,,,,,,,,,,,,,,,,,,,,,,,,,,,,,,,,,,,,,,,,
	EarningsFromEquityInterest,"6,640,000","-4,119,000","-1,042,000","-5,825,000","17,626,000","2,166,000","-15,328,000","-6,696,000","-10,053,000","43,647,000","-13,499,000","7,582,000","4,706,000","-1,077,000","16,777,000","3,524,000","2,701,000","-5,398,000","-2,904,000","-350,000","13,832,000","10,052,000","1,226,000","-504,000","3,902,000","-2,178,000","315,000","-1,495,000","199,000","301,000","881,000","4,087,000","-2,081,000","2,458,000","7,447,000","9,436,000","7,650,000","458,000","8,739,000","12,998,000","4,017,000","2,749,000","2,600,000","4,797,000","6,197,000","4,904,000","5,125,000","7,060,000","7,207,000","4,571,000","9,685,000","4,712,000","1,811,000","-995,000","1,693,000","5,202,000","4,184,000","13,320,000","317,000","6,589,000","6,927,000","2,410,000","-640,000","2,121,000","3,870,000","3,735,000","1,341,000","4,184,000","2,324,000","-605,000","-45,000","4,539,000","4,642,000","646,000",,"1,527,000","-174,000",,,,,,,,"-102,000",,,,,,,,,,,,,,,,,,,,,,,,,,,,,,,,,,,,,,,,,,,,,,,,,,,,,,,
	SpecialIncomeCharges,"632,000","-72,000","-194,000","898,000","0","-21,367,000","-12,099,000","-320,000","-3,014,000","-58,252,000","-4,396,000","-240,000","-655,000","0","-3,254,000","-161,000","-750,000","1,883,000","-1,086,000","-4,157,000","-714,000","-35,734,000","-18,115,000","-54,000","-970,000","-7,486,000","-21,617,000","-17,584,000","-1,250,000","-779,000","-750,000","-225,000","2,335,000","0","60,649,000","-87,913,000","0","-21,458,000","20,164,000","6,381,000","-5,420,000","-68,000","-3,758,000","4,531,000","8,783,000","3,974,000","-17,096,000","1,403,000","16,641,000","-2,714,000","-13,956,000","-6,054,000","-37,932,000","-9,803,000","-8,919,000","-6,479,000","9,755,000","-3,017,000","-1,807,000","-6,395,000","10,179,000","18,864,000","3,761,000","-3,256,000","-14,846,000","16,000","12,446,000","21,000","52,000","10,890,000","28,358,000","-4,231,000","-34,028,000","-407,000","1,035,000","-19,269,000","356,000","-757,000","-8,952,000","-12,158,000","9,090,000","1,627,000","-4,314,000","-962,000","525,000","-7,794,000","-5,575,000","249,539,000","1,735,000","4,139,000","-9,200,000","4,200,000","297,300,000","2,200,000","6,600,000","-7,900,000","-7,700,000","-3,200,000","-45,200,000","100,000","-4,000,000","21,200,000","-7,700,000","6,300,000","1,100,000","-1,100,000","-2,100,000","2,600,000","1,900,000","2,200,000","-10,500,000","800,000","4,000,000","4,900,000","30,800,000","300,000","2,800,000",,"41,100,000","-1,900,000","1,400,000","1,100,000","1,700,000","500,000","1,000,000","-400,000",,,,,,,,,,,,,,
		RestructuringAndMergernAcquisition,,,,"0","0",,"101,000","320,000","2,961,000",,,,,,,,,,"0","0","0","0","0","0","0","41,000","5,709,000","1,548,000","0","-64,000","0","0","-2,335,000",,,,,,,,,,,,,,"0","0","0","0","-100,000","0","0","1,000,000",,,,,,,,,,,,,,,,,"6,155,000","4,532,000","2,359,000","653,000","1,221,000","20,079,000",,,,,,,,,,,,,,,,,,,,,,,,,,,,,,,,,,,,,,,,,,,,,,,,,,,,,,,,,,,,,,,,
		ImpairmentOfCapitalAssets,,,,"0","0",,"0","0","0","58,252,000",,,,,,,,,,,,,,,,,,,,,,,,,,,,,,,,,,,,,,"0","0","0",,"0","0","8,500,000",,,,,,,,,,,,,,,,,,,,,,,,,,,,,,,,,,,,,,,,,,,,,,,,,,,,,,,,,,,,,,,,,,,,,,,,,,,,,,,,,,,,,,
		WriteOff,,,,"0","0","0",,,,,,,,,,"161,000","225,000","586,000","286,000","53,000","612,000","39,000","465,000","54,000","970,000","5,095,000","1,446,000","12,211,000",,,,,,,,,,,,,,,,,,,,,,,,,,,,,,,,,,,,,,,,,,,,,,,,,,,,,,,,,,,,,,,,,,,,,,,,,,,,,,,,,,,,,,,,,,,,,,,,,,,,,,,,,,,,,,,,
		OtherSpecialCharges,"278,000","72,000","194,000","12,000",,"21,367,000","284,000",,"53,000",,"4,396,000","240,000","655,000",,"4,226,000",,"525,000","-2,469,000","800,000","4,104,000","102,000","35,695,000","17,650,000",,,"2,350,000","14,229,000","3,750,000","1,250,000","843,000","750,000","225,000",,,"193,000","87,913,000",,"21,458,000",,,,"68,000","3,758,000","-4,531,000","-8,783,000","-3,974,000","17,096,000","-1,403,000","-16,641,000","2,714,000","22,556,000","6,054,000","37,932,000","303,000",,,,,,,,,,,,,,,,,"-34,513,000","-301,000","31,669,000","-246,000","-2,256,000","-810,000",,,,,,,,,,,,,,,,,,,,,,,,,,,,,,,,,,,,,,,,,,,,,,,,,,,,,,,,,,,,,,,,
		GainOnSaleOfBusiness,,,,,,,,,,,,,,,,,,,,,,,,,,,,,,,,,,,,,,,"0",,,,,,,,,,,,,,,,,,,,,,,,,,,,,,,,,,,,,,,,,,,,,,,,,,,,,,,,,,,,,,,,,,,,,,,,,,,,,,,,,,,,,,,,,,,,,,,,,,,,,
		GainOnSaleOfPPE,,,"0","910,000",,,"1,114,000",,,,,,,,,,,,,,,,"0","0",,,"-3,000","-75,000",,,,,,,,,,,,,,,,,,,,,,,,,,,,,,,,,,,,,,,,,,,,,,,,,,,,,,,,,,,,,,,,,,,,,,,,,,,,,,,,,,,,,,,,,,,,,,,,,,,,,,,,,,,,,,,,
	OtherNonOperatingIncomeExpenses,"1,070,000","1,444,000","3,067,000","38,000","-3,416,000","-306,000","7,984,000","-8,863,000","1,886,000","-1,095,000","1,862,000","627,000","-673,000","-541,000","-216,000","-257,000","-258,000","-285,000","9,000","-5,000","41,000","-51,000","23,000","-351,000","50,000","5,000","331,000","-230,000","2,000","-3,000","46,000","-12,000","-4,000","1,228,000","-7,000","8,000","-57,000","809,000","323,000",,,,,,,,,,,,,,,,,,,,,,,,,,,,,,,,,,,,,,,,,,,,,,,,,,,,,,,,,,,,,,,,,,,,,,,,,,,,,,,,,,,,,,,,,,,,,,,,,,,,,
PretaxIncome,"223,961,000","44,764,000","-39,662,000","72,448,000","132,165,000","45,010,000","46,272,000","55,962,000","36,690,000","-4,209,000","5,536,000","49,744,000","56,766,000","21,782,000","12,477,000","29,714,000","31,756,000","5,612,000","18,852,000","26,950,000","50,373,000","-7,007,000","5,310,000","39,023,000","46,340,000","35,756,000","13,384,000","29,357,000","31,069,000","33,895,000","25,215,000","31,669,000","19,132,000","6,471,000","97,835,000","-55,860,000","23,528,000","-2,016,000","28,537,000","31,234,000","5,128,000","-11,182,000","12,289,000","30,000,000","48,846,000","32,022,000","18,572,000","17,536,000","30,602,000","18,860,000","18,510,000","18,873,000","-14,284,000","5,438,000","13,271,000","21,837,000","34,402,000","25,062,000","24,324,000","24,233,000","38,330,000","39,716,000","27,625,000","16,068,000","5,003,000","17,493,000","21,562,000","17,295,000","18,666,000","2,296,000","2,103,000","16,023,000","-20,949,000","8,929,000","6,213,000","-12,620,000","-5,579,000","-5,442,000","-14,157,000","-16,614,000","-2,751,000","-16,125,000","11,015,000","5,581,000","18,963,000","4,578,000","11,303,000","235,228,000","3,586,000","2,311,000","2,800,000","9,000,000","297,400,000","9,300,000","10,300,000","-15,000,000","-14,400,000","-16,500,000","-27,700,000","-15,900,000",,"6,600,000","-22,600,000","-12,600,000","-11,000,000","-17,400,000","-17,800,000","-700,000","-13,500,000",,"-34,200,000","-5,700,000",,"-1,300,000","44,200,000","-13,800,000",,,"19,800,000","-19,800,000","-5,600,000","-18,600,000","-85,500,000","-30,500,000","-9,500,000","-5,400,000",,,,,,,,,,,,,,
TaxProvision,"65,815,000","12,222,000","-12,785,000","23,679,000","38,860,000","13,053,000","14,016,000","17,823,000","10,916,000","-978,000","-5,131,000","13,736,000","17,459,000","6,749,000","-7,842,000","14,686,000","12,760,000","1,948,000","-24,099,000","6,472,000","18,827,000","-2,782,000","2,481,000","13,316,000","19,003,000","14,363,000","3,682,000","13,508,000","11,364,000","12,679,000","12,244,000","11,964,000","6,101,000","2,942,000","34,082,000","-18,969,000","10,017,000","-335,000","12,052,000","13,302,000","1,233,000","-3,492,000","4,492,000","12,451,000","18,545,000","12,649,000","6,556,000","6,629,000","11,379,000","6,922,000","5,077,000","2,654,000","-6,338,000","2,338,000","1,026,000","7,010,000","15,277,000","10,755,000","10,093,000","9,169,000","16,949,000","16,589,000","11,834,000","-3,550,000","8,352,000","8,200,000","11,030,000","7,541,000","9,077,000","12,704,000","-11,462,000","6,995,000","-7,181,000","4,688,000","5,056,000","-3,240,000","-649,000","-593,000","-710,000","-1,972,000","591,000","-4,262,000","1,607,000","3,391,000","7,971,000","2,048,000","4,014,000","76,539,000","640,000","823,000","-3,700,000","2,800,000","81,600,000","1,700,000","-58,500,000","-2,400,000","400,000","900,000","600,000","-200,000",,"700,000","100,000","1,100,000","-300,000","400,000","-200,000","400,000","100,000",,"-100,000","-24,600,000",,"100,000","2,800,000","100,000",,,"8,800,000","-1,100,000","-1,400,000","1,700,000","10,600,000","2,400,000","-1,500,000","7,200,000",,,,,,,,,,,,,,
NetIncomeCommonStockholders,"213,979,000","31,559,000","41,960,000","48,066,000","92,353,000","31,201,000","31,672,000","37,431,000","25,067,000","-3,792,000","9,294,000","33,985,000","37,280,000","11,704,000","19,244,000","10,280,000","16,126,000","5,439,000","41,133,000","17,768,000","25,310,000","-4,227,000","4,525,000","22,425,000","23,231,000","18,705,000","7,927,000","11,845,000","17,339,000","20,334,000","11,306,000","14,456,000","7,694,000","2,503,000","62,937,000","-36,891,000","13,137,000","-1,681,000","15,877,000","17,932,000","3,895,000","-7,690,000","7,797,000","17,549,000","30,301,000","19,373,000","12,016,000","10,907,000","19,223,000","11,938,000","13,433,000","16,219,000","-7,946,000","3,100,000","12,245,000","14,827,000","19,125,000","14,307,000","14,231,000","15,064,000","21,381,000","23,127,000","15,791,000","19,618,000","-3,349,000","9,293,000","18,816,000","8,975,000","9,981,000","11,310,000","10,937,000","8,066,000","-16,902,000","4,627,000","3,549,000","-9,380,000","-4,930,000","-4,849,000","-8,423,000","-8,166,000","-3,342,000","-11,863,000","-1,056,000","7,369,000","11,820,000","2,530,000","14,589,000","156,267,000","2,946,000","1,258,000","6,200,000","5,800,000","214,700,000","8,800,000","68,800,000","-9,400,000","-14,800,000","-17,400,000","-26,600,000","-15,600,000","-13,900,000","6,300,000","-20,300,000","-13,700,000","-10,700,000","-17,800,000","-22,200,000","-1,000,000","-12,500,000","5,000,000","95,100,000","18,900,000","-1,400,000","-2,500,000","128,800,000","-13,900,000","-11,000,000","3,000,000","-1,900,000","-42,200,000","-4,400,000","-27,300,000","-96,100,000","-32,900,000","-8,000,000","-12,600,000",,,,,,,,,,,,,,
	NetIncome,"220,048,000","32,542,000","45,312,000","48,889,000","93,305,000","31,957,000","32,256,000","38,139,000","25,774,000","-3,231,000","10,706,000","36,008,000","39,307,000","14,953,000","21,074,000","12,002,000","17,818,000","7,211,000","42,724,000","19,264,000","26,811,000","-4,227,000","4,599,000","23,175,000","24,015,000","19,338,000","8,169,000","12,205,000","17,868,000","20,956,000","11,594,000","14,879,000","7,925,000","2,580,000","64,005,000","-36,891,000","13,511,000","-1,681,000","16,485,000","17,932,000","3,895,000","-7,690,000","7,797,000","17,549,000","30,301,000","19,373,000","12,016,000","10,907,000","19,223,000","11,938,000","13,433,000","16,219,000","-7,946,000","3,100,000","12,245,000","14,827,000","19,125,000","14,307,000","14,231,000","15,064,000","21,381,000","23,127,000","15,791,000","19,618,000","-3,349,000","9,293,000","18,816,000","8,975,000","9,981,000","11,310,000","10,937,000","8,066,000","-16,902,000","4,627,000","3,549,000","-9,380,000","-4,930,000","-4,849,000","-8,423,000","-8,166,000","-3,342,000","-11,863,000","-1,056,000","7,369,000","11,820,000","2,530,000","14,589,000","156,267,000","2,946,000","1,258,000","6,200,000","5,800,000","214,700,000","8,800,000","68,800,000","-9,400,000","-14,800,000","-17,400,000","-26,600,000","-15,600,000","-13,900,000","6,300,000","-20,300,000","-13,700,000","-10,700,000","-17,800,000","-22,200,000","-1,000,000","-12,500,000","5,000,000","95,100,000","18,900,000","-1,400,000","-2,500,000","128,800,000","-13,900,000","-11,000,000","3,000,000","-1,900,000","-42,200,000","-4,400,000","-27,300,000","-96,100,000","-32,900,000","-8,000,000","-12,600,000",,,,,,,,,,,,,,
		NetIncomeIncludingNoncontrollingInterests,"219,858,000","32,542,000","45,242,000","48,769,000","93,305,000","31,957,000","32,256,000","38,139,000","25,774,000","-3,231,000","10,667,000","36,008,000","39,307,000","15,033,000","20,319,000","15,028,000","18,996,000","3,664,000","42,951,000","20,478,000","31,546,000","-4,225,000","2,829,000","25,707,000","27,337,000","21,393,000","9,702,000","15,849,000","19,705,000","21,216,000","12,971,000","19,705,000","13,031,000","3,529,000","63,753,000","-36,891,000","13,511,000","-1,681,000","16,485,000","17,932,000","3,895,000","-7,690,000","7,797,000","17,549,000","30,301,000","19,373,000","12,016,000","10,907,000","19,223,000","11,938,000","13,433,000","16,219,000","-7,946,000","3,100,000","12,245,000","14,827,000","19,125,000","14,307,000","14,231,000","15,064,000","21,381,000","23,127,000","15,791,000","19,618,000","-3,349,000","9,293,000","18,382,000","9,754,000","9,589,000","13,326,000","16,254,000","9,028,000","-13,768,000","4,241,000","3,138,000","-9,308,000","-5,735,000","-6,097,000","-13,447,000","-14,640,000","-684,000","-12,535,000","636,000","2,190,000","8,776,000","1,654,000","14,220,000","175,690,000","1,063,000","2,997,000","400,000","4,800,000","216,100,000","8,800,000","68,800,000","-9,400,000","-14,800,000","-17,400,000","-48,100,000","-8,500,000","-13,900,000","6,300,000","-27,500,000","-9,100,000","-10,700,000","-17,800,000","-22,200,000","-1,000,000","-12,500,000","5,000,000","95,100,000","18,900,000","-1,400,000","-2,500,000","128,800,000","-13,900,000","-11,000,000","3,000,000","-1,900,000","-42,200,000","-4,400,000","-27,300,000","-98,300,000","-36,800,000","-8,900,000","-18,100,000","10,200,000","9,200,000","3,200,000","13,500,000","3,500,000","5,300,000","4,800,000","12,700,000","7,400,000","5,300,000","5,300,000","10,900,000","5,000,000","9,500,000"
			NetIncomeContinuousOperations,"158,146,000","32,542,000","-26,877,000","48,769,000","93,305,000","31,957,000","32,256,000","38,139,000","25,774,000","-3,231,000","10,667,000","36,008,000","39,307,000","15,033,000","20,319,000","15,028,000","18,996,000","3,664,000","42,951,000","20,478,000","31,546,000","-4,225,000","2,829,000","25,707,000","27,337,000","21,393,000","9,702,000","15,849,000","19,705,000","21,216,000","12,971,000","19,705,000","13,031,000","3,529,000","63,753,000","-36,891,000","13,511,000","-1,681,000","16,485,000","17,932,000","3,895,000","-7,690,000","7,797,000","17,549,000","30,301,000","19,373,000","12,016,000","10,907,000","19,223,000","11,938,000","13,433,000","16,219,000","-7,946,000","3,100,000","12,245,000","14,827,000","19,125,000","14,307,000","14,231,000","15,064,000","21,381,000","23,127,000","15,791,000","19,618,000","-3,349,000","9,293,000","10,966,000","8,975,000","9,981,000","8,276,000","8,248,000","8,066,000","-16,902,000","4,627,000","3,549,000","-9,380,000","-4,930,000","-4,849,000","-8,423,000","-8,166,000","-3,342,000","-11,863,000","309,000","7,369,000","10,992,000","2,530,000","7,289,000","158,689,000","2,946,000","1,488,000","6,500,000","6,200,000","215,800,000","7,600,000","68,800,000","-12,600,000","-14,800,000","-17,400,000","-28,300,000","-15,700,000","-13,600,000","5,900,000","-22,700,000","-13,700,000","-10,700,000","-17,800,000","-17,600,000","-1,100,000","-13,600,000","-12,900,000","-34,100,000","18,900,000","-1,400,000","-1,400,000","41,400,000","-13,900,000","-15,500,000","-19,200,000","11,000,000","-18,700,000","-4,200,000","-20,300,000","-96,100,000","-32,900,000","-8,000,000","-12,600,000","10,200,000","9,200,000","3,200,000","13,500,000","3,500,000","5,300,000","4,800,000","12,700,000","7,400,000","5,300,000","5,300,000","10,900,000","5,000,000","9,500,000"
			NetIncomeDiscontinuousOperations,"61,712,000","0","14,531,000",,,,,,,,,,,,,,,,,,,,,,,,,,,,,,,,,,,,,,,,,,,,,,,,,,,,,,,,,,,,,,,,"0",,,"3,034,000",,,,,,,,,,,,,,,,,,,,,"0",,,"1,200,000","0","3,200,000",,,"1,700,000","100,000","-300,000","400,000",,,,,"5,200,000","100,000","1,100,000","14,800,000",,,,,,,,,"-12,900,000","-23,500,000","-200,000","-8,500,000",,,,,,,,,,,,,,,,,,
			NetIncomeExtraordinary,,,,,,,,,,,,,,,,,,,,,,,,,,,,,,,,,,,,,,,,,,,,,,,,,,,,,,,,,,,,,,,,,,,,,,,,,,,,,,,,,,,,,,,,,,,,,,,,,,,,,,,,,,,,,,,,,,,"-23,500,000",,,"-16,200,000",,,,,,,,,,,,,,,,,,,,,,
			NetIncomeFromTaxLossCarryforward,,,,,,,,,,,,,,,,,,,,,,,,,,,,,,,,,,,,,,,,,,,,,,,,,,,,,,,,,,,,,,,,,,,,,,,,,,,,,,,,,,,,,"828,000",,"831,000","-2,422,000",,"-230,000","-300,000","-400,000","-1,100,000",,,,,,,,,,,,,,,,,"3,100,000","-45,500,000",,,"-1,100,000","110,900,000",,"4,500,000","38,400,000","0",,,"1,500,000",,,,,,,,,,,,,,,,,,
		MinorityInterests,,,"70,000","120,000","0","0","0","0","0","0","39,000","0","0","-80,000","755,000","-3,026,000","-1,178,000","3,547,000","-227,000","-1,214,000","-4,735,000","-2,000","1,770,000","-2,532,000","-3,322,000","-2,055,000","-1,533,000","-3,644,000","-1,837,000","-260,000","-1,377,000","-4,826,000","-5,106,000","-949,000","252,000","0","0","0",,,,,,,,,,,,,,,,,,,,,,,,,,,,,"434,000","-779,000","392,000","-2,016,000","-5,317,000","-962,000","-3,134,000","386,000","411,000","-72,000","805,000","1,248,000","5,024,000","6,474,000","-2,658,000","672,000","-1,692,000","5,179,000","3,044,000","876,000","369,000","-19,423,000","1,883,000","-1,739,000","5,800,000","1,000,000","-1,400,000",,,,,,,"-7,100,000",,,,"-4,600,000",,,,,,,,,,,,,,,,,,,"2,200,000","3,900,000","900,000","5,500,000",,,,,,,,,,,,,,
	OtherunderPreferredStockDividend,"6,069,000","983,000","3,352,000","823,000","952,000","756,000","584,000","708,000","707,000","561,000","1,412,000","2,023,000","2,027,000","3,249,000","1,830,000","1,722,000","1,692,000","1,772,000","1,591,000","1,496,000","1,501,000","0","74,000","750,000","784,000","633,000","242,000","360,000","529,000","622,000","288,000","423,000","231,000","77,000","1,068,000","0","374,000","0",,,,,,,,,,,,,,,,,,,,,,,,,,,,,,,,,,,,,,,,,,,,,,,,,,,,,,,,,,,,,,,,,,,,,,,,,,,,,,,,,,,,,,,,,,,,,,,,,,,,,,
AverageDilutionEarnings,,,,,"0",,,,,,,,,,,,,,,,,,,,,,,,,,,,,,,,,,,,,,,,,,,,,,,,,,,,,,,,,,,,,,,,,,,,,,,,,,,,,,,,,,,,,,,,,,,,,,,,,,,,,,,,,,,,,,,,,,,,,,,,,,,,,,,,,,,,,,,
DilutedNIAvailtoComStockholders,"213,979,000","31,559,000","41,960,000","48,066,000","92,353,000","31,201,000","31,672,000","37,431,000","25,067,000","-3,792,000","9,294,000","33,985,000","37,280,000","11,704,000","19,244,000","10,280,000","16,126,000","5,439,000","41,133,000","17,768,000","25,310,000","-4,227,000","4,525,000","22,425,000","23,231,000","18,705,000","7,927,000","11,845,000","17,339,000","20,334,000","11,306,000","14,456,000","7,694,000","2,503,000","62,937,000","-36,891,000","13,137,000","-1,681,000","15,877,000","17,932,000","3,895,000","-7,690,000","7,797,000","17,549,000","30,301,000","19,373,000","12,016,000","10,907,000","19,223,000","11,938,000","13,433,000","16,219,000","-7,946,000","3,100,000","12,245,000","14,827,000","19,125,000","14,307,000","14,231,000","15,064,000","21,381,000","23,127,000","15,791,000","19,618,000","-3,349,000","9,293,000","18,816,000","8,975,000","9,981,000","11,310,000","10,937,000","8,066,000","-16,902,000","4,627,000","3,549,000","-9,380,000","-4,930,000","-4,849,000","-8,423,000","-8,166,000","-3,342,000","-11,863,000","-1,056,000","7,369,000","11,820,000","2,530,000","14,589,000","156,267,000","2,946,000","1,258,000","6,200,000","5,800,000","214,700,000","8,800,000","68,800,000","-9,400,000","-14,800,000","-17,400,000","-26,600,000","-15,600,000","-13,900,000","6,300,000","-20,300,000","-13,700,000","-10,700,000","-17,800,000","-22,200,000","-1,000,000","-12,500,000","5,000,000","95,100,000","18,900,000","-1,400,000","-2,500,000","128,800,000","-13,900,000","-11,000,000","3,000,000","-1,900,000","-42,200,000","-4,400,000","-27,300,000","-96,100,000","-32,900,000","-8,000,000","-12,600,000",,,,,,,,,,,,,,
BasicEPS,,"0.21","0.29","0.32","0.61","0.2","0.21","0.25","0.17","-0.03","0.06","0.23","0.238","0.086","0.133","0.067","0.104","0.036",,"0.118","0.173","-0.029","0.035","0.155","0.165","0.132","0.049","0.082","0.118","0.141","0.086","0.11","0.06","0.022",,"-0.298","0.107","-0.014","0.135","0.149","0.034","-0.068",,"0.149","0.258","0.161",,"0.09","0.166","0.104",,"0.135","-0.07","0.023",,"0.129","0.167","0.128",,"0.134","0.186","0.202",,"0.175","-0.035","0.086",,"0.101","0.115","0.13",,"0.091","-0.197","0.055",,"-0.11","-0.057","-0.057",,"-0.1","-0.042","-0.15",,"0.1","0.174","0.04",,"2.584","0.049","0.023",,"0.098","3.667","0.15",,"-0.165","-0.259","-0.319",,"-0.308","-0.274","0.12",,"-0.263","-0.207","-0.308",,"-0.011","-0.019","0.063",,"0.383","-0.03","-0.053",,"-0.237","-0.195","-0.03",,"-0.804","-0.165","-0.417",,"-0.511","-0.124","-0.195","0.154","0.135",,"0.199","0.053","0.079",,"0.188","0.113","0.079",,"0.165","0.071","0.188"
DilutedEPS,,"0.21","0.29","0.32","0.61","0.2","0.21","0.25","0.16","-0.03","0.06","0.23","0.238","0.076","0.133","0.067","0.104","0.036",,"0.118","0.173","-0.029","0.035","0.155","0.165","0.132","0.049","0.082","0.118","0.141","0.086","0.11","0.06","0.022",,"-0.298","0.107","-0.014","0.099","0.149","0.034","-0.068",,"0.142","0.232","0.161",,"0.09","0.123","0.092",,"0.135","-0.07","0.023",,"0.123","0.139","0.123",,"0.128","0.18","0.196",,"0.17","-0.035","0.086",,"0.096","0.111","0.125",,"0.091","-0.197","0.05",,"-0.11","-0.057","-0.057",,"-0.1","-0.042","-0.15",,"0.083","0.146","0.032",,"2.173","0.041","0.019",,"0.075","2.934","0.124",,"-0.165","-0.259","-0.319",,"-0.308","-0.274","0.12",,"-0.263","-0.207","-0.308",,"-0.011","-0.019","0.063",,"0.383","-0.03","-0.053",,"-0.237","-0.195","-0.03",,"-0.804","-0.165","-0.417",,"-0.511","-0.124","-0.195","0.154","0.135",,"0.199","0.053","0.079",,"0.188","0.113","0.079",,"0.165","0.071","0.188"
BasicAverageShares,,"152,586,900","156,248,276","152,778,125","152,959,016","152,249,440","153,600,000","152,556,000","151,611,765","107,700,000","178,433,333","156,556,522","165,089,400","174,451,667","158,055,000","180,030,000","171,887,589","146,252,882",,"163,373,538","146,069,714","145,361,114","133,097,934","149,044,219","145,951,913","146,909,124","160,122,690","148,352,538","152,030,660","142,202,956","134,520,077","135,641,381","129,668,852","126,773,003",,"123,593,671","126,742,225","118,266,791","122,084,476","120,025,166","115,093,779","116,808,423",,"116,740,751","115,824,690","115,560,905",,"120,859,549","115,252,598","115,199,448",,"120,086,554","112,562,492","112,545,301",,"112,273,332","114,485,841","111,710,072",,"112,719,915","115,191,612","114,761,599",,"112,098,984","94,725,585","108,232,379",,"88,849,431","86,457,426","86,886,013",,"86,627,122","85,597,508","85,269,627",,"84,794,138","84,721,466","83,893,531",,"80,037,600","80,037,619","80,002,610",,"74,536,978","67,626,071","64,859,276",,"60,495,159","58,579,334","58,579,334",,"58,535,940","58,554,212","58,560,026",,"55,435,518","57,093,732","54,488,783",,"50,598,862","50,598,862","51,407,269",,"51,717,311","51,717,311","51,717,311",,"79,147,436","79,147,436","51,018,791",,"49,321,728","46,581,666","47,532,564",,"35,934,340","56,307,509","52,136,745",,"52,489,797","65,466,147","65,466,147",,"64,392,233","49,293,941","8,459,210","67,104,064","67,104,064",,"67,104,064","67,104,064","67,104,064",,"67,104,064","67,104,064","67,104,064",,"67,104,064","67,104,064","67,104,064"
DilutedAverageShares,,"152,745,253","156,248,276","152,778,125","152,959,016","152,384,090","153,600,000","152,556,000","161,087,500","107,700,000","178,433,333","156,556,522","165,089,400","174,451,667","158,055,000","180,030,000","171,887,589","146,608,403",,"163,373,538","146,480,181","145,361,114","133,097,934","149,044,219","145,951,913","146,909,124","160,122,690","148,352,538","152,030,660","142,447,827","134,520,077","135,641,381","129,804,547","126,938,276",,"123,593,671","126,742,225","118,266,791","122,084,476","120,258,355","115,093,779","116,808,423",,"126,758,899","126,739,653","115,977,567",,"120,859,549","125,788,590","126,219,044",,"120,086,554","112,562,492","112,573,017",,"114,404,890","137,383,009","116,787,802",,"117,620,781","118,579,601","117,863,264",,"115,602,078","94,725,585","108,232,379",,"93,525,716","90,216,444","90,547,469",,"90,032,957","85,597,508","90,065,335",,"84,794,138","84,721,466","83,893,531",,"80,037,600","80,037,619","80,002,610",,"87,769,636","81,316,201","75,687,181",,"71,881,412","70,144,717","69,881,267",,"79,492,488","73,174,057","70,981,826",,"55,435,518","57,093,732","54,488,783",,"50,598,862","50,598,862","51,407,269",,"51,717,311","51,717,311","51,717,311",,"79,147,436","79,147,436","51,018,791",,"49,321,728","46,581,666","47,532,564",,"35,934,340","56,307,509","52,136,745",,"52,489,797","65,466,147","65,466,147",,"64,392,233","49,293,941","8,459,210","67,104,064","67,104,064",,"67,104,064","67,104,064","67,104,064",,"67,104,064","67,104,064","67,104,064",,"67,104,064","67,104,064","67,104,064"
TotalOperatingIncomeAsReported,"319,590,000","75,126,000","-14,369,000","107,529,000","137,076,000","90,203,000","87,333,000","95,917,000","66,797,000","-4,904,000","45,581,000","66,720,000","76,244,000","42,590,000","48,086,000","66,018,000","61,861,000","48,084,000","47,714,000","59,233,000","73,810,000","52,931,000","30,754,000","69,364,000","70,720,000","62,159,000","30,320,000","69,605,000","56,040,000","43,955,000","47,374,000","62,984,000","60,308,000","42,722,000","61,985,000","-37,285,000","44,240,000","43,096,000","37,366,000",,,,,,,,,,,,,,,,,,,,,,,,,,,,,,,,,,,,,,,,,,,,,,,,,,,,,,,,,,,,,,,,,,,,,,,,,,,,,,,,,,,,,,,,,,,,,,,,,,,,,
TotalExpenses,"942,796,000","236,844,000","-691,064,000","546,015,000","592,453,000","453,556,000","467,986,000","451,594,000","375,949,000","401,140,000","393,889,000","437,830,000","461,533,000","378,334,000","397,693,000","447,851,000","419,102,000","383,351,000","387,140,000","421,288,000","398,077,000","360,692,000","364,368,000","389,740,000","367,553,000","316,250,000","380,072,000","375,031,000","358,883,000","315,962,000","369,466,000","356,667,000","346,305,000","304,514,000","232,984,000","220,888,000","204,880,000","197,306,000","240,197,000","229,590,000","235,666,000","224,160,000","256,804,000","251,140,000","253,213,000","228,902,000","232,115,000","265,248,000","247,383,000","191,069,000","195,660,000","199,764,000","167,947,000","89,056,000","236,087,000","64,739,000","108,615,000","104,164,000","240,665,000","59,321,000","111,168,000","108,172,000","231,406,000","63,811,000","90,895,000","97,477,000","61,281,000","62,576,000","51,740,000","85,525,000","64,538,000","61,209,000","100,526,000","67,767,000","70,478,000","79,946,000","81,835,000","83,553,000","75,791,000","89,732,000","89,968,000","73,790,000","114,855,000","164,632,000","151,303,000","130,911,000","127,470,000","142,635,000","164,175,000","143,377,000","156,100,000","113,500,000","87,600,000","72,200,000","95,300,000","75,000,000","75,900,000","59,300,000","69,300,000","74,200,000","71,500,000","62,200,000","101,500,000","87,600,000","92,300,000","70,700,000","90,100,000","80,800,000","89,800,000","69,300,000","-50,400,000","132,400,000","127,300,000","124,000,000","212,900,000","144,300,000","146,700,000",,"173,000,000","179,200,000","202,900,000","171,000,000","361,400,000","320,600,000","280,300,000","281,000,000",,,,,,,,,,,,,,
NetIncomeFromContinuingAndDiscontinuedOperation,"220,048,000","32,542,000","45,312,000","48,889,000","93,305,000","31,957,000","32,256,000","38,139,000","25,774,000","-3,231,000","10,706,000","36,008,000","39,307,000","14,953,000","21,074,000","12,002,000","17,818,000","7,211,000","42,724,000","19,264,000","26,811,000","-4,227,000","4,599,000","23,175,000","24,015,000","19,338,000","8,169,000","12,205,000","17,868,000","20,956,000","11,594,000","14,879,000","7,925,000","2,580,000","64,005,000","-36,891,000","13,511,000","-1,681,000","16,485,000","17,932,000","3,895,000","-7,690,000","7,797,000","17,549,000","30,301,000","19,373,000","12,016,000","10,907,000","19,223,000","11,938,000","13,433,000","16,219,000","-7,946,000","3,100,000","12,245,000","14,827,000","19,125,000","14,307,000","14,231,000","15,064,000","21,381,000","23,127,000","15,791,000","19,618,000","-3,349,000","9,293,000","10,966,000","8,975,000","9,981,000","11,310,000","10,937,000","8,066,000","-16,902,000","4,627,000","3,549,000","-9,380,000","-4,930,000","-4,849,000","-8,423,000","-8,166,000","-3,342,000","-11,863,000","-228,000","7,369,000","10,992,000","2,530,000","13,758,000","158,689,000","2,946,000","1,488,000","6,500,000","6,200,000","215,800,000","8,800,000","68,800,000","-9,400,000","-14,800,000","-17,400,000","-26,600,000","-15,600,000","-13,900,000","6,300,000","-20,300,000","-13,700,000","-10,700,000","-17,800,000","-12,400,000","-1,000,000","-12,500,000","1,900,000","140,600,000","18,900,000","-1,400,000","-1,400,000","41,400,000","-13,900,000","-15,500,000","-19,200,000","-1,900,000","-42,200,000","-4,400,000","-28,800,000","-96,100,000","-32,900,000","-8,000,000","-12,600,000",,,,,,,,,,,,,,
NormalizedIncome,"155,114,626.404","34,803,597.757","-26,685,700.444","49,327,226.3","87,326,109.636","45,388,737.969","35,977,095.436","36,642,390.801","23,360,277.896","48,325,289.38","8,115,230","32,783,176.102","35,534,591.587","4,516,445.689","20,211,140","5,397,690","9,896,200","874,734.854","37,577,800","15,179,037.922","22,017,696.365","12,082,090.909","9,139,800","18,965,489.455","20,064,000","17,673,000","19,048,230.126","19,708,600","15,666,575.59","9,190,962.797","4,481,050","9,947,305.599","4,974,430.692","3,796,150","16,847,915.613","19,295,459.13","11,972,450","9,161,283.234","8,237,800","12,718,350","8,011,790.172","6,837,924.343","8,468,903.572","9,249,150","11,837,278.017","6,928,349.135","17,868,721.086","9,594,005.189","4,720,005.947","10,703,689.29","23,561,090.113","21,421,661.262","16,709,800","9,471,950","20,474,459.347","19,226,145.166","12,784,250","16,268,050","15,405,550","19,039,334.461","14,764,650","10,865,400","13,534,400","21,571,600","5,558,600","9,283,400","3,498,400","8,962,400","9,949,800","1,742,000","-8,766,800","10,604,600","5,461,716.836","4,871,200","2,928,000","4,941,966.719","-5,244,586.844","-4,174,488.24","80,040.475","2,548,905.261","-8,796,000","-13,059,967.504","3,993,622.061","7,946,200","10,677,000","7,206,400","10,884,167.212","-9,654,455.588","1,520,648.634","-1,177,007.356","12,020,000","3,306,666.667","72,562.206","5,802,150.538","64,840,000","-5,964,000","-10,180,000","-15,480,000","-1,180,000","-15,798,742.138","-11,200,000","-13,051,515.152","-18,080,000","-17,480,000","-11,770,000","-17,140,000","-15,523,595.506","-2,660,000","-14,740,000","-14,220,000","-23,630,701.754","18,420,000","-3,800,000","-4,340,000","12,551,131.222","-14,080,000","-17,180,000","-19,200,000","-13,660,000","-16,905,555.556","-5,250,000","-20,960,000","-97,120,000","-33,200,000","-8,842,105.263","-12,360,000",,,,,,,,,,,,,,
InterestIncome,"1,836,000","450,000","242,000","542,000","525,000","611,000","743,000","1,251,000","968,000","2,680,000","3,160,000","3,083,000","3,139,000","3,208,000","4,816,000","2,466,000","2,145,000","1,922,000","2,195,000","1,826,000","1,625,000","1,745,000","1,753,000","1,489,000","1,452,000","1,324,000","1,774,000","1,583,000","1,868,000","1,749,000","2,635,000","1,487,000","1,199,000","1,066,000","1,366,000","2,728,000","1,414,000",,,,,,,,,,,,,"65,000","215,000","51,000","76,000","150,000",,,,,,,,,,,,,,,,,,,,,,,,,,,,,,,,,,,,,,,,,,,,,,,,,,,,,,,,,,,,,,,,,,,,,,,,,,,,,,,,,,,,,,
InterestExpense,"109,105,000","25,098,000","27,575,000","28,287,000","28,115,000","28,751,000","28,393,000","28,163,000","29,358,000","35,627,000","35,212,000","32,963,000","32,753,000","37,520,000","58,328,000","51,084,000","48,421,000","45,947,000","37,539,000","43,234,000","46,691,000","46,221,000","38,528,000","37,365,000","36,369,000","30,720,000","24,286,000","32,898,000","31,761,000","31,746,000","37,414,000","45,028,000","44,622,000","39,132,000","45,516,000","33,583,000","32,086,000","33,376,000","31,435,000","32,978,000","34,397,000","26,252,000","25,275,000","25,421,000","25,082,000","24,928,000","23,010,000","21,511,000","20,770,000","18,805,000","18,522,000","16,808,000","17,086,000","16,074,000",,,,,,,,,,,,,,,,,,,,,,,,,,,,,,,,,,,,,,,,,,,,,,,,,,,,,,,,,,,,,,,,,,,,,,,,,,,,,,,,,,,,,,
NetInterestIncome,"-107,269,000","-24,648,000","-27,333,000","-27,745,000","-27,590,000","-28,140,000","-27,650,000","-26,912,000","-28,390,000","-32,947,000","-32,052,000","-29,880,000","-29,614,000","-34,312,000","-53,512,000","-48,618,000","-46,276,000","-44,025,000","-35,344,000","-41,408,000","-45,066,000","-44,476,000","-36,775,000","-35,876,000","-34,917,000","-29,396,000","-22,512,000","-31,315,000","-29,893,000","-29,997,000","-34,779,000","-43,541,000","-43,423,000","-38,066,000","-44,150,000","-30,855,000","-30,672,000","-33,376,000","-31,435,000","-32,978,000","-34,397,000","-26,252,000","-25,275,000","-25,421,000","-25,082,000","-24,928,000","-23,010,000","-21,511,000","-20,770,000","-18,740,000","-18,307,000","-16,757,000","-17,010,000","-15,924,000",,,,,,,,,,,,,,,,,,,,,,,,,,,,,,,,,,,,,,,,,,,,,,,,,,,,,,,,,,,,,,,,,,,,,,,,,,,,,,,,,,,,,,
EBIT,"333,066,000","69,862,000","-12,087,000","100,735,000","160,280,000","73,761,000","74,665,000","84,125,000","66,048,000","31,418,000","40,748,000","82,707,000","89,519,000","59,302,000","70,805,000","80,798,000","80,177,000","51,559,000","56,391,000","70,184,000","97,064,000","39,214,000","43,838,000","76,388,000","82,709,000","66,476,000","37,670,000","62,255,000","62,830,000","65,641,000","62,629,000","76,697,000","63,754,000","45,603,000","143,351,000","-22,277,000","55,614,000","31,360,000","59,972,000","64,212,000","39,525,000","15,070,000","37,564,000","55,421,000","73,928,000","56,950,000","41,582,000","39,047,000","51,372,000","37,665,000","37,032,000","35,681,000","2,802,000","21,512,000","35,383,000","37,535,000","34,345,000","28,041,000","36,774,000","33,707,000","29,183,000","25,720,000","34,078,000","25,701,000","22,460,000","20,227,000","25,998,000","19,976,000","24,362,000","18,648,000","15,107,000","22,225,000","-22,603,000","14,417,000","13,162,000","11,772,000","823,000","-229,000","875,000","314,000","-4,844,000","-15,052,000","6,248,000","8,588,000","15,700,000","807,000","18,190,000","7,352,000","10,130,000","10,137,000","15,800,000","19,300,000","13,600,000","22,200,000","23,000,000","13,000,000","12,900,000","7,600,000","11,000,000","6,800,000","5,900,000","900,000","-6,900,000","900,000","3,400,000","-1,400,000","-1,600,000","10,700,000","-700,000","-400,000","-9,500,000","7,800,000","8,600,000","7,300,000","31,700,000","-1,100,000","-4,800,000","143,800,000","-6,700,000","-2,300,000","8,500,000","-5,500,000","-71,900,000","-15,500,000","6,100,000","8,400,000","175,400,000","145,100,000","-380,000,000","173,600,000","128,100,000","131,000,000","-330,800,000","148,100,000","109,000,000","122,300,000","-361,900,000","147,200,000","129,900,000","142,300,000"
EBITDA,"333,066,000"
ReconciledCostOfRevenue,"817,450,000","212,815,000","-541,500,000","447,090,000","500,410,000","363,542,000","377,062,000","374,575,000","304,885,000","310,623,000","301,929,000","345,456,000","368,174,000","286,020,000","305,141,000","360,302,000","332,766,000","294,275,000","299,113,000","338,116,000","314,894,000","275,923,000","273,849,000","303,442,000","283,631,000","236,422,000","292,588,000","295,917,000","279,204,000","242,018,000","291,505,000","287,236,000","279,282,000","239,037,000","198,809,000","194,991,000","180,430,000","172,956,000","207,770,000","203,749,000","211,752,000","200,181,000","228,770,000","227,863,000","231,073,000","205,177,000","225,041,000","239,160,000","210,994,000","169,911,000","179,298,000","177,798,000","147,764,000","72,526,000","211,313,000","41,672,000","86,030,000","80,007,000","217,295,000","37,157,000","87,222,000","84,685,000","212,145,000","40,176,000","69,304,000","73,341,000","33,716,000","35,467,000","28,890,000","58,998,000","67,371,000","28,491,000","25,895,000","27,930,000","31,231,000","41,579,000","37,491,000","33,973,000","34,199,000","48,774,000","45,947,000","22,558,000","39,645,000","26,895,000","17,419,000","13,640,000","2,980,000","27,939,000","53,108,000","43,874,000","32,600,000","30,100,000","25,400,000","27,400,000","30,000,000","26,900,000","29,300,000","23,700,000","15,800,000","33,700,000","31,800,000","24,900,000","30,200,000","32,300,000","34,000,000","25,800,000","17,100,000","22,000,000","24,600,000","20,000,000","-113,300,000","68,400,000","68,200,000","67,800,000","109,900,000","67,600,000","69,100,000",,"76,300,000","91,600,000","105,400,000","88,400,000","160,900,000","187,100,000","167,700,000","172,000,000",,,,,,,,,,,,,,
NetIncomeFromContinuingOperationNetMinorityInterest,"158,336,000","32,542,000","-26,807,000","48,889,000","93,305,000","31,957,000","32,256,000","38,139,000","25,774,000","-3,231,000","10,706,000","36,008,000","39,307,000","14,953,000","21,074,000","12,002,000","17,818,000","7,211,000","42,724,000","19,264,000","26,811,000","-4,227,000","4,599,000","23,175,000","24,015,000","19,338,000","8,169,000","12,205,000","17,868,000","20,956,000","11,594,000","14,879,000","7,925,000","2,580,000","64,005,000","-36,891,000","13,511,000","-1,681,000","16,485,000","17,932,000","3,895,000","-7,690,000","7,797,000","17,549,000","30,301,000","19,373,000","12,016,000","10,907,000","19,223,000","11,938,000","13,433,000","16,219,000","-7,946,000","3,100,000","12,245,000","14,827,000","19,125,000","14,307,000","14,231,000","15,064,000","21,381,000","23,127,000","15,791,000","19,618,000","-3,349,000","9,293,000","10,966,000","8,975,000","9,981,000","8,276,000","8,248,000","8,066,000","-16,902,000","4,627,000","3,549,000","-9,380,000","-4,930,000","-4,849,000","-8,423,000","-8,166,000","-3,342,000","-11,863,000","309,000","7,369,000","10,992,000","2,530,000","7,289,000","158,689,000","2,946,000","1,488,000","6,500,000","6,200,000","215,800,000","7,600,000","68,800,000","-12,600,000","-14,800,000","-17,400,000","-28,300,000","-15,700,000","-13,600,000","5,900,000","-22,700,000","-13,700,000","-10,700,000","-17,800,000","-17,600,000","-1,100,000","-13,600,000","-12,900,000","-34,100,000","18,900,000","-1,400,000","-1,400,000","41,400,000","-13,900,000","-15,500,000","-19,200,000","11,000,000","-18,700,000","-4,200,000","-20,300,000","-96,100,000","-32,900,000","-8,000,000","-12,600,000",,,,,,,,,,,,,,
TotalUnusualItemsExcludingGoodwill,"4,562,000","-3,111,000","-179,000","-651,000","8,469,000","-18,918,000","-5,338,000","2,196,000","3,436,000","-67,162,000","3,549,000","4,455,000","5,448,000","15,122,000","1,182,000","9,047,000","13,203,000","9,705,000","8,577,000","5,376,000","7,654,000","-27,048,000","-7,568,000","6,390,000","6,585,000","2,775,000","-15,008,000","-12,506,000","3,471,000","18,796,000","10,943,000","7,926,000","4,332,000","-1,871,000","72,367,000","-85,077,000","2,367,000","-13,003,000","12,688,000","8,021,000","-5,420,000","-21,125,000","-1,059,000","12,769,000","29,764,000","20,570,000","-9,046,000","2,111,000","23,088,000","1,950,000","-13,956,000","-6,054,000","-37,932,000","-9,803,000","-8,919,000","-6,479,000","9,755,000","-3,017,000","-1,807,000","-6,395,000","10,179,000","18,864,000","3,761,000","-3,256,000","-14,846,000","16,000","12,446,000","21,000","52,000","10,890,000","28,358,000","-4,231,000","-34,028,000","-407,000","1,035,000","-19,269,000","356,000","-757,000","-8,952,000","-12,158,000","9,090,000","1,627,000","-4,314,000","-962,000","525,000","-7,794,000","-5,575,000","249,539,000","1,735,000","4,139,000","-9,200,000","4,200,000","297,300,000","2,200,000","6,600,000","-7,900,000","-7,700,000","-3,200,000","-45,200,000","100,000","-4,000,000","21,200,000","-7,700,000","6,300,000","1,100,000","-1,100,000","-2,100,000","2,600,000","1,900,000","2,200,000","-10,500,000","800,000","4,000,000","4,900,000","30,800,000","300,000","2,800,000",,"41,100,000","-1,900,000","1,400,000","1,100,000","1,700,000","500,000","1,000,000","-400,000",,,,,,,,,,,,,,
TotalUnusualItems,"4,562,000","-3,111,000","-179,000","-651,000","8,469,000","-18,918,000","-5,338,000","2,196,000","3,436,000","-67,162,000","3,549,000","4,455,000","5,448,000","15,122,000","1,182,000","9,047,000","13,203,000","9,705,000","8,577,000","5,376,000","7,654,000","-27,048,000","-7,568,000","6,390,000","6,585,000","2,775,000","-15,008,000","-12,506,000","3,471,000","18,796,000","10,943,000","7,926,000","4,332,000","-1,871,000","72,367,000","-85,077,000","2,367,000","-13,003,000","12,688,000","8,021,000","-5,420,000","-21,125,000","-1,059,000","12,769,000","29,764,000","20,570,000","-9,046,000","2,111,000","23,088,000","1,950,000","-13,956,000","-6,054,000","-37,932,000","-9,803,000","-8,919,000","-6,479,000","9,755,000","-3,017,000","-1,807,000","-6,395,000","10,179,000","18,864,000","3,761,000","-3,256,000","-14,846,000","16,000","12,446,000","21,000","52,000","10,890,000","28,358,000","-4,231,000","-34,028,000","-407,000","1,035,000","-19,269,000","356,000","-757,000","-8,952,000","-12,158,000","9,090,000","1,627,000","-4,314,000","-962,000","525,000","-7,794,000","-5,575,000","249,539,000","1,735,000","4,139,000","-9,200,000","4,200,000","297,300,000","2,200,000","6,600,000","-7,900,000","-7,700,000","-3,200,000","-45,200,000","100,000","-4,000,000","21,200,000","-7,700,000","6,300,000","1,100,000","-1,100,000","-2,100,000","2,600,000","1,900,000","2,200,000","-10,500,000","800,000","4,000,000","4,900,000","30,800,000","300,000","2,800,000",,"41,100,000","-1,900,000","1,400,000","1,100,000","1,700,000","500,000","1,000,000","-400,000",,,,,,,,,,,,,,
NormalizedEBITDA,"328,504,000","72,973,000","-11,908,000","101,386,000","151,811,000","92,679,000","80,003,000","81,929,000","62,612,000","98,580,000","37,199,000","78,252,000","84,071,000","44,180,000","69,623,000","71,751,000","66,974,000","41,854,000","47,814,000","64,808,000","89,410,000","66,262,000","51,406,000","69,998,000","76,124,000","63,701,000","52,678,000","74,761,000","59,359,000","46,845,000","51,686,000","68,771,000","59,422,000","47,474,000","70,984,000","62,800,000","53,247,000","44,363,000","47,284,000","56,191,000","44,945,000","36,195,000","38,623,000","42,652,000","44,164,000","36,380,000","50,628,000","36,936,000","28,284,000","35,715,000","50,988,000","41,735,000","40,734,000","31,315,000","44,302,000","44,014,000","24,590,000","31,058,000","38,581,000","40,102,000","19,004,000","6,856,000","30,317,000","28,957,000","37,306,000","20,211,000","13,552,000","19,955,000","24,310,000","7,758,000","-13,251,000","26,456,000","11,425,000","14,824,000","12,127,000","31,041,000","467,000","528,000","9,827,000","12,472,000","-13,934,000","-16,679,000","10,562,000","9,550,000","15,175,000","8,601,000","23,765,000","-242,187,000","8,395,000","5,998,000","25,000,000","15,100,000","-283,700,000","20,000,000","16,400,000","20,900,000","20,600,000","10,800,000","56,200,000","6,700,000","9,900,000","-20,300,000","800,000","-5,400,000","2,300,000","-300,000","500,000","8,100,000","-2,600,000","-2,600,000","1,000,000","7,000,000","4,600,000","2,400,000","900,000","-1,400,000","-7,600,000","143,800,000","-47,800,000","-400,000","7,100,000","-6,600,000","-73,600,000","-16,000,000","5,100,000","8,800,000","175,400,000","145,100,000","-380,000,000","173,600,000","128,100,000","131,000,000","-330,800,000","148,100,000","109,000,000","122,300,000","-361,900,000","147,200,000","129,900,000","142,300,000"
TaxRateForCalcs,"0.294","0.273","0.322","0.327","0.294","0.29","0.303","0.318","0.298","0.232","0.27","0.276","0.308","0.31","0.27","0.27","0.4","0.347","0.4","0.24","0.374","0.397","0.4","0.341","0.4","0.4","0.275","0.4","0.366","0.374","0.35","0.378","0.319","0.35","0.348","0.34","0.35","0.166","0.35","0.35","0.24","0.312","0.366","0.35","0.38","0.395","0.353","0.378","0.372","0.367","0.274","0.141","0.35","0.35","0.077","0.321","0.35","0.35","0.35","0.378","0.35","0.35","0.4","0.4","0.4","0.4","0.4","0.4","0.4","0.4","0.4","0.4","0.343","0.4","0.4","0.257","0.116","0.109","0.05","0.119","0.4","0.264","0.146","0.4","0.4","0.4","0.355","0.325","0.178","0.356","0.4","0.311","0.274","0.183","0.4","0.16","0.4","0.4","0.4","0.013","0.4","0.106","0.4","0.4","0.027","0.4","0.011","0.4","0.4","0.4","0.003","0.4","0.4","0.4","0.063","0.4","0.4","0.4","0.4","0.056","0.25","0.4","0.4","0.4","0.158","0.4",,,,,,,,,,,,,,
TaxEffectOfUnusualItems,"1,340,626.404","-849,402.243","-57,700.444","-212,773.7","2,490,109.636","-5,486,262.031","-1,616,904.564","699,390.801","1,022,277.896","-15,605,710.62","958,230","1,230,176.102","1,675,591.587","4,685,445.689","319,140","2,442,690","5,281,200","3,368,734.854","3,430,800","1,291,037.922","2,860,696.365","-10,738,909.091","-3,027,200","2,180,489.455","2,634,000","1,110,000","-4,128,769.874","-5,002,400","1,269,575.59","7,030,962.797","3,830,050","2,994,305.599","1,381,430.692","-654,850","25,209,915.613","-28,890,540.87","828,450","-2,160,716.766","4,440,800","2,807,350","-1,303,209.828","-6,597,075.657","-387,096.428","4,469,150","11,300,278.017","8,125,349.135","-3,193,278.914","798,005.189","8,585,005.947","715,689.29","-3,827,909.887","-851,338.738","-13,276,200","-3,431,050","-689,540.653","-2,079,854.834","3,414,250","-1,055,950","-632,450","-2,419,665.539","3,562,650","6,602,400","1,504,400","-1,302,400","-5,938,400","6,400","4,978,400","8,400","20,800","4,356,000","11,343,200","-1,692,400","-11,664,283.164","-162,800","414,000","-4,947,033.281","41,413.156","-82,488.24","-448,959.525","-1,443,094.739","3,636,000","430,032.496","-629,377.939","-384,800","210,000","-3,117,600","-1,979,832.788","81,195,544.412","309,648.634","1,473,992.644","-3,680,000","1,306,666.667","81,572,562.206","402,150.538","2,640,000","-1,264,000","-3,080,000","-1,280,000","-18,080,000","1,257.862","-1,600,000","2,248,484.848","-3,080,000","2,520,000","30,000","-440,000","-23,595.506","1,040,000","760,000","880,000","-30,701.754","320,000","1,600,000","1,960,000","1,951,131.222","120,000","1,120,000","0","16,440,000","-105,555.556","350,000","440,000","680,000","200,000","157,894.737","-160,000",,,,,,,,,,,,,,