name,ttm,03/31/2022,12/31/2021,09/30/2021,06/30/2021,03/31/2021,12/31/2020,09/30/2020,06/30/2020,03/31/2020,12/31/2019,09/30/2019,06/30/2019,03/31/2019,12/31/2018,09/30/2018,06/30/2018,03/31/2018,12/31/2017,09/30/2017,06/30/2017,03/31/2017,12/31/2016,09/30/2016,06/30/2016,03/31/2016,12/31/2015,09/30/2015,06/30/2015,03/31/2015,12/31/2014,09/30/2014,06/30/2014,03/31/2014,12/31/2013,09/30/2013,06/30/2013,03/31/2013,12/31/2012,09/30/2012,06/30/2012,03/31/2012,12/31/2011,09/30/2011,06/30/2011,03/31/2011,12/31/2010,09/30/2010,06/30/2010,03/31/2010,12/31/2009,09/30/2009,06/30/2009,03/31/2009,12/31/2008,09/30/2008,06/30/2008,03/31/2008,12/31/2007,09/30/2007,06/30/2007,03/31/2007,12/31/2006,09/30/2006,06/30/2006,03/31/2006,12/31/2005,09/30/2005,06/30/2005,03/31/2005,12/31/2004,09/30/2004,06/30/2004,03/31/2004,12/31/2003,09/30/2003,06/30/2003,03/31/2003,12/31/2002,09/30/2002,06/30/2002,03/31/2002,12/31/2001,09/30/2001,06/30/2001,03/31/2001,12/31/2000,09/30/2000,06/30/2000,03/31/2000,12/31/1999,09/30/1999,06/30/1999,03/31/1999,12/31/1998,09/30/1998,06/30/1998,03/31/1998,12/31/1997,09/30/1997,06/30/1997,03/31/1997,12/31/1996,09/30/1996,06/30/1996,03/31/1996,12/31/1995,09/30/1995,06/30/1995,03/31/1995,12/31/1994,09/30/1994,06/30/1994,03/31/1994,12/31/1993,09/30/1993,06/30/1993,03/31/1993,12/31/1992,09/30/1992,06/30/1992,03/31/1992,12/31/1991,09/30/1991,06/30/1991,03/31/1991,12/31/1990,09/30/1990,06/30/1990,03/31/1990,12/31/1989,09/30/1989,06/30/1989,03/31/1989,12/31/1988,09/30/1988,06/30/1988,03/31/1988
TotalRevenue,"358,850,000","88,282,000","90,281,000","84,911,000","95,376,000","88,796,000","84,302,000","78,112,000","70,761,000","63,401,000","63,125,000","70,772,000","63,355,000","65,725,000","73,720,000","78,035,000","74,196,000","65,269,000","58,771,000","56,888,000","57,709,000","54,462,000","48,085,000","53,227,000","52,941,000","46,027,000","51,394,000","48,664,000","56,119,000","64,017,000","60,735,000","58,402,000","53,361,000","53,233,000","55,258,000","55,091,000","46,865,000","41,946,000","50,424,000","52,948,000","55,467,000","59,668,000","58,551,000","58,560,000","65,402,000","70,455,000","72,975,000","68,672,000","57,377,000","51,709,000","49,138,000","47,746,000","50,627,000","50,448,000","51,324,000","51,278,000","49,297,000","53,469,000","53,947,000","47,693,000","47,206,000","46,981,000","48,033,000","46,932,000","49,210,000","47,872,000","46,294,000","45,298,000","44,579,000","43,180,000","40,637,000","43,048,000","45,374,000","42,521,000","39,111,000","35,877,000","38,693,000","37,740,000","41,637,000","39,503,000","36,831,000","34,620,000","39,032,000","51,599,000","50,260,000","55,019,000","69,168,000","67,851,000","62,778,000","57,786,000","53,800,000","49,400,000","44,800,000","42,000,000","40,400,000","39,300,000","41,700,000","43,200,000","43,100,000","41,400,000","39,700,000","37,939,000","36,800,000","35,700,000","36,700,000","35,800,000","37,800,000","37,300,000","35,100,000","33,800,000","31,900,000","30,100,000","27,700,000","25,800,000","23,500,000","21,700,000","20,100,000","18,700,000","16,800,000","16,400,000","15,600,000","15,100,000","15,400,000","14,500,000","13,500,000","12,100,000","11,000,000","9,700,000","8,700,000","7,400,000","7,200,000","7,100,000","7,100,000","7,100,000","5,900,000","5,900,000","5,800,000","5,800,000"
	OperatingRevenue,"358,850,000","88,282,000","90,281,000","84,911,000","95,376,000","88,796,000","84,302,000","78,112,000","70,761,000","63,401,000","63,125,000","70,772,000","63,355,000","65,725,000","73,720,000","78,035,000","74,196,000","65,269,000","58,771,000","56,888,000","57,709,000","54,462,000","48,085,000","53,227,000","52,941,000","46,027,000","51,394,000","48,664,000","56,119,000","64,017,000","60,735,000","58,402,000","53,361,000","53,233,000","55,258,000","55,091,000","46,865,000","41,946,000","50,424,000","52,948,000","55,467,000","59,668,000","58,551,000","58,560,000","65,402,000","70,455,000","72,975,000","68,672,000","57,377,000","51,709,000","49,138,000","47,746,000","50,627,000","50,448,000","51,324,000","51,278,000","49,297,000","53,469,000","53,947,000","47,693,000","47,206,000","46,981,000","48,033,000","46,932,000","49,210,000","47,872,000","46,294,000","45,298,000","44,579,000","43,180,000","40,637,000","43,048,000","45,374,000","42,521,000","39,111,000","35,877,000","38,693,000","37,740,000","41,637,000","39,503,000","36,831,000","34,620,000","39,032,000","51,599,000","50,260,000","55,019,000","69,168,000","67,851,000","62,778,000","57,786,000","53,800,000","49,400,000","44,800,000","42,000,000","40,400,000","39,300,000","41,700,000","43,200,000","43,100,000","41,400,000","39,700,000","37,939,000","36,800,000","35,700,000","36,700,000","35,800,000","37,800,000","37,300,000","35,100,000","33,800,000","31,900,000","30,100,000","27,700,000","25,800,000","23,500,000","21,700,000","20,100,000","18,700,000","16,800,000","16,400,000","15,600,000","15,100,000","15,400,000","14,500,000","13,500,000","12,100,000","11,000,000","9,700,000","8,700,000","7,400,000","7,200,000","7,100,000","7,100,000","7,100,000","5,900,000","5,900,000","5,800,000","5,800,000"
CostOfRevenue,"187,749,000","50,681,000","49,465,000","42,098,000","45,505,000","44,096,000","43,851,000","44,765,000","40,443,000","36,070,000","33,364,000","37,770,000","34,238,000","34,639,000","39,847,000","39,031,000","38,313,000","35,058,000","31,840,000","31,745,000","31,779,000","30,810,000","26,586,000","27,304,000","28,470,000","26,711,000","28,563,000","27,378,000","29,609,000","35,126,000","34,619,000","32,852,000","30,699,000","30,441,000","31,827,000","32,111,000","28,404,000","25,339,000","30,299,000","29,995,000","31,361,000","35,201,000","34,060,000","34,120,000","38,093,000","40,001,000","39,991,000","36,199,000","31,638,000","28,385,000","26,641,000","27,078,000","28,029,000","28,617,000","30,515,000","29,375,000","28,184,000","31,009,000","32,668,000","29,789,000","27,607,000","26,754,000","28,359,000","26,981,000","28,101,000","26,770,000","26,525,000","26,284,000","29,000,000","26,135,000","25,960,000","26,817,000","27,994,000","27,521,000","28,130,000","27,290,000","28,156,000","28,833,000","30,786,000","29,380,000","28,148,000","26,458,000","28,558,000","35,614,000","36,045,000","37,204,000","36,561,000","33,371,000","31,087,000","28,486,000","26,900,000","24,300,000","22,100,000","19,600,000","20,100,000","18,900,000","19,800,000","20,300,000","19,100,000","17,900,000","17,200,000","17,877,000","15,000,000","14,300,000","14,800,000","14,500,000","16,600,000","15,600,000","14,000,000","13,800,000","13,700,000","13,000,000","12,000,000","11,100,000","10,000,000","9,400,000","8,800,000","7,900,000","7,000,000","6,800,000","6,300,000","6,600,000","6,000,000","5,900,000","5,900,000","5,400,000","4,900,000","4,300,000","3,900,000",,,,,,,,,
GrossProfit,"171,101,000","37,601,000","40,816,000","42,813,000","49,871,000","44,700,000","40,451,000","33,347,000","30,318,000","27,331,000","29,761,000","33,002,000","29,117,000","31,086,000","33,873,000","39,004,000","35,883,000","30,211,000","26,931,000","25,143,000","25,930,000","23,652,000","21,499,000","25,923,000","24,471,000","19,316,000","22,831,000","21,286,000","26,510,000","28,891,000","26,116,000","25,550,000","22,662,000","22,792,000","23,431,000","22,980,000","18,461,000","16,607,000","20,125,000","22,953,000","24,106,000","24,467,000","24,491,000","24,440,000","27,309,000","30,454,000","32,984,000","32,473,000","25,739,000","23,324,000","22,497,000","20,668,000","22,598,000","21,831,000","20,809,000","21,903,000","21,113,000","22,460,000","21,279,000","17,904,000","19,599,000","20,227,000","19,674,000","19,951,000","21,109,000","21,102,000","19,769,000","19,014,000","15,579,000","17,045,000","14,677,000","16,231,000","17,380,000","15,000,000","10,981,000","8,587,000","10,537,000","8,907,000","10,851,000","10,123,000","8,683,000","8,162,000","10,474,000","15,985,000","14,215,000","17,815,000","32,607,000","34,480,000","31,691,000","29,300,000","26,900,000","25,100,000","22,700,000","22,400,000","20,300,000","20,400,000","21,900,000","22,900,000","24,000,000","23,500,000","22,500,000","20,062,000","21,800,000","21,400,000","21,900,000","21,300,000","21,200,000","21,700,000","21,100,000","20,000,000","18,200,000","17,100,000","15,700,000","14,700,000","13,500,000","12,300,000","11,300,000","10,800,000","9,800,000","9,600,000","9,300,000","8,500,000","9,400,000","8,600,000","7,600,000","6,700,000","6,100,000","5,400,000","4,800,000",,,,,,,,,
OperatingExpense,"125,439,000","32,821,000","31,915,000","30,841,000","29,862,000","29,980,000","28,846,000","27,244,000","28,285,000","29,704,000","28,866,000","26,950,000","26,736,000","26,593,000","26,797,000","25,971,000","27,217,000","26,525,000","26,475,000","25,043,000","26,468,000","25,030,000","24,056,000","23,650,000","25,072,000","24,745,000","25,283,000","23,504,000","25,717,000","25,281,000","26,070,000","27,699,000","27,676,000","28,231,000","27,065,000","24,335,000","25,443,000","23,742,000","24,342,000","22,657,000","23,397,000","24,003,000","23,283,000","22,766,000","22,925,000","24,034,000","22,461,000","21,091,000","21,098,000","20,748,000","16,671,000","18,736,000","20,489,000","20,574,000","22,482,000","21,504,000","21,878,000","21,563,000","19,999,000","20,049,000","18,477,000","19,413,000","57,691,000","19,186,000","19,685,000","18,456,000","17,826,000","17,734,000","15,267,000","17,200,000","17,243,000","16,847,000","17,112,000","16,121,000","16,554,000","16,276,000","16,227,000","15,658,000","15,964,000","14,735,000","16,262,000","15,360,000","15,213,000","15,852,000","16,674,000","15,767,000","20,934,000","20,567,000","20,490,000","20,077,000","19,700,000","17,700,000","17,400,000","17,800,000","17,200,000","17,200,000","16,900,000","15,900,000","14,900,000","13,700,000","13,800,000","11,826,000","13,300,000","12,700,000","12,200,000","11,600,000","11,200,000","10,600,000","10,200,000","9,500,000","8,600,000","8,300,000","7,800,000","7,600,000","7,400,000","6,600,000","6,400,000","6,000,000","5,700,000","5,200,000","4,900,000","4,500,000","4,500,000","3,800,000","3,600,000","3,400,000","3,100,000","3,000,000","3,000,000",,,,,,,,,
	SellingGeneralAndAdministration,"71,098,000","18,568,000","18,619,000","17,322,000","16,589,000","16,954,000","16,127,000","15,212,000","15,455,000","16,369,000","16,711,000","15,443,000","15,030,000","15,373,000","15,731,000","15,280,000","15,814,000","15,399,000","15,033,000","14,500,000","14,536,000","14,023,000","14,032,000","13,312,000","14,315,000","14,016,000","14,982,000","13,383,000","15,086,000","14,862,000","15,830,000","17,354,000","17,033,000","17,980,000","16,917,000","14,478,000","15,455,000","13,887,000","14,405,000","13,425,000","13,665,000","14,160,000","13,767,000","13,072,000","13,022,000","14,180,000","13,310,000","12,166,000","12,061,000","11,880,000","7,382,000","11,751,000","12,878,000","12,823,000","14,476,000","13,703,000","13,975,000","14,052,000","12,429,000","12,314,000","12,163,000","12,013,000","12,641,000","11,225,000","11,657,000","10,914,000","10,426,000","10,144,000","10,137,000","10,104,000","10,186,000","10,141,000","10,607,000","10,178,000","10,322,000","10,230,000","10,394,000","10,324,000","10,805,000","9,646,000","11,134,000","10,253,000","10,545,000","11,111,000","11,342,000","10,314,000","11,144,000","11,155,000","10,607,000","10,273,000","10,300,000","9,100,000","8,600,000","8,900,000","8,900,000","9,100,000","8,600,000","8,300,000","8,000,000","7,400,000","7,500,000","7,447,000","7,400,000","6,800,000","6,800,000","6,200,000","6,000,000","5,500,000","5,200,000","4,900,000","12,300,000","4,500,000","4,000,000","3,900,000","5,500,000","5,100,000","4,800,000","4,500,000","4,200,000","4,100,000","3,800,000","3,500,000","3,500,000","3,100,000","2,900,000","2,800,000","2,500,000","2,600,000","2,600,000",,,,,,,,,
	ResearchAndDevelopment,"54,341,000","14,253,000","13,296,000","13,519,000","13,273,000","13,026,000","12,719,000","12,032,000","12,830,000","13,335,000","12,155,000","11,507,000","11,706,000","11,220,000","11,066,000","10,691,000","11,403,000","11,126,000","11,442,000","10,543,000","11,932,000","11,007,000","10,024,000","10,338,000","10,757,000","10,729,000","10,301,000","10,121,000","10,631,000","10,419,000","10,240,000","10,345,000","10,643,000","10,251,000","10,148,000","9,857,000","9,988,000","9,855,000","9,937,000","9,232,000","9,732,000","9,843,000","9,516,000","9,694,000","9,903,000","9,854,000","9,151,000","8,925,000","9,037,000","8,868,000","8,443,000","7,831,000","7,611,000","7,751,000","8,006,000","7,801,000","8,080,000","7,511,000","7,570,000","7,735,000","7,667,000","7,400,000","7,850,000","7,961,000","8,028,000","7,542,000","7,400,000","7,590,000","7,380,000","7,096,000","7,057,000","6,706,000","6,505,000","5,943,000","6,232,000","6,046,000","5,833,000","5,334,000","5,159,000","5,089,000","5,128,000","5,107,000","4,668,000","4,741,000","5,332,000","5,453,000","4,982,000","4,962,000","5,348,000","5,271,000","4,900,000","4,900,000","4,900,000","5,200,000","5,100,000","4,900,000","5,200,000","5,500,000","4,900,000","4,200,000","4,200,000","4,379,000","3,800,000","3,800,000","3,300,000","3,400,000","3,200,000","3,000,000","2,900,000","2,600,000",,"1,900,000","1,900,000","1,900,000",,,,,,,,,,,,,,,,,,,,,,,,
	DepreciationAmortizationDepletionIncomeStatement,,,,,,,,,,,,,,,,,,,,,,,,,,,,,,,,,,,,,,,,,,,,,,,,,,,,,,,,,,,,"11,000","47,000",,,,,,,,,,,,,,,,,,,,,,,,,,"4,808,000","4,450,000","4,535,000","4,533,000","4,500,000","3,700,000","3,900,000","3,700,000","3,200,000","3,200,000","3,100,000","2,100,000","2,000,000","2,100,000","2,100,000",,"2,100,000","2,100,000","2,100,000","2,000,000","2,000,000","2,100,000","2,100,000","2,000,000","1,900,000","1,900,000","1,900,000","1,800,000","1,900,000","1,500,000","1,600,000","1,500,000","1,500,000","1,100,000","1,100,000","1,000,000","1,000,000","700,000","700,000","600,000","600,000","400,000","400,000",,,,,,,,,
		DepreciationAndAmortizationInIncomeStatement,,,,,,,,,,,,,,,,,,,,,,,,,,,,,,,,,,,,,,,,,,,,,,,,,,,,,,,,,,,,"11,000","47,000",,,,,,,,,,,,,,,,,,,,,,,,,,"4,808,000","4,450,000","4,535,000","4,533,000","4,500,000","3,700,000","3,900,000","3,700,000","3,200,000","3,200,000","3,100,000","2,100,000","2,000,000","2,100,000","2,100,000",,"2,100,000","2,100,000","2,100,000","2,000,000","2,000,000","2,100,000","2,100,000","2,000,000","1,900,000","1,900,000","1,900,000","1,800,000","1,900,000","1,500,000","1,600,000","1,500,000","1,500,000","1,100,000","1,100,000","1,000,000","1,000,000","700,000","700,000","600,000","600,000","400,000","400,000",,,,,,,,,
			Amortization,,,,,,,,,,,,,,,,,,,,,,,,,,,,,,,,,,,,,,,,,,,,,,,,,,,,,,,,,,,,"11,000","47,000",,,,,,,,,,,,,,,,,,,,,,,,,,,,,,,,,,,,,,,,,,,,,,,,,,,,,,,,,,,,,,,,,,,,,,,,,,,,,
				AmortizationOfIntangiblesIncomeStatement,,,,,,,,,,,,,,,,,,,,,,,,,,,,,,,,,,,,,,,,,,,,,,,,,,,,,,,,,,,,"11,000","47,000",,,,,,,,,,,,,,,,,,,,,,,,,,,,,,,,,,,,,,,,,,,,,,,,,,,,,,,,,,,,,,,,,,,,,,,,,,,,,
	OtherOperatingExpenses,,,,,,,,,,,,,,,,,,,,,,,,,,,,,,,,,,,,,,,,,,,,,,,,,,,,"-846,000",,,"0",,"-177,000",,"80,000","-11,000","-1,400,000",,,,,,"0",,"-2,250,000",,,,,,,,,,,,,,,,,,,,,,,,,,,,,,,,,,,,,,,,,,,,,,,,,,,,,,,,,,,,,,,,,,,,,
OperatingIncome,"45,662,000","4,780,000","8,901,000","11,972,000","20,009,000","14,720,000","11,605,000","6,103,000","2,033,000","-2,373,000","895,000","6,052,000","2,381,000","4,493,000","7,076,000","13,033,000","8,666,000","3,686,000","456,000","100,000","-538,000","-1,378,000","-2,557,000","2,273,000","-601,000","-5,429,000","-2,452,000","-2,218,000","793,000","3,610,000","46,000","-2,149,000","-5,014,000","-5,439,000","-3,634,000","-1,355,000","-6,982,000","-7,135,000","-4,217,000","296,000","709,000","464,000","1,208,000","1,674,000","4,384,000","6,420,000","10,523,000","11,382,000","4,641,000","2,576,000","5,826,000","1,932,000","2,109,000","1,257,000","-1,673,000","399,000","-765,000","897,000","1,280,000","-2,145,000","1,122,000","814,000","-38,017,000","765,000","1,424,000","2,646,000","1,943,000","1,280,000","312,000","-155,000","-2,566,000","-616,000","268,000","-1,121,000","-5,573,000","-7,689,000","-5,690,000","-6,751,000","-5,113,000","-4,612,000","-7,579,000","-7,198,000","-4,739,000","133,000","-2,459,000","2,048,000","11,673,000","13,913,000","11,201,000","9,223,000","7,200,000","7,400,000","5,300,000","4,600,000","3,100,000","3,200,000","5,000,000","7,000,000","9,100,000","9,800,000","8,700,000","8,236,000","8,500,000","8,700,000","9,700,000","9,700,000","10,000,000","11,100,000","10,900,000","10,500,000","9,600,000","8,800,000","7,900,000","7,100,000","6,100,000","5,700,000","4,900,000","4,800,000","4,100,000","4,400,000","4,400,000","4,000,000","4,900,000","4,800,000","4,000,000","3,300,000","3,000,000","2,400,000","1,800,000","7,400,000","-17,200,000","7,100,000","7,100,000","7,100,000","-13,700,000","5,900,000","5,800,000","5,800,000"
NetNonOperatingInterestIncomeExpense,"879,000","142,000","194,000","267,000","276,000","193,000",,,,,,,,"83,000",,"68,000",,"55,000",,,"23,000","24,000","21,000","21,000",,"14,000","16,000","15,000","11,000","5,000","19,000","24,000","23,000",,"24,000","27,000","27,000","19,000","22,000","40,000","40,000","34,000","35,000","73,000",,"84,000",,,,"155,000",,,,"230,000",,,,,,,,,,,,,,,,,,,,,,,,,,,,,,,,,,,,,,,,,,,,,,,,,,,,,,,,,,,,,,,,,,,,,,,,,,,,,,,,,,,,
	InterestIncomeNonOperating,"879,000","142,000","194,000","267,000","276,000","193,000",,,,,,,,"83,000",,"68,000",,"55,000",,,"23,000","24,000","21,000","21,000",,"14,000","16,000","15,000","11,000","5,000","19,000","24,000","23,000",,"24,000","27,000","27,000","19,000","22,000","40,000","40,000","34,000","35,000","73,000",,"84,000",,,,"155,000",,,,"230,000",,,,,,,,,,,,,,,,,,,,,,,,,,,,,,,,,,,,,,,,,,,,,,,,,,,,,,,,,,,,,,,,,,,,,,,,,,,,,,,,,,,,
OtherIncomeExpense,"254,000","21,000","7,000","128,000","98,000","39,000","283,000","334,000","233,000","148,000","93,000","146,000","288,000","156,000","-63,000","174,000","-394,000","375,000","144,000","309,000","337,000","301,000","-87,000","190,000","64,000","61,000","-2,000","-14,000","28,000","-34,000","-23,000","-2,071,000","59,000","30,000","-34,000","24,000","-81,000","-1,365,000","-70,000","30,000","42,000","19,000","-126,000","-73,000","546,000","-282,000","-82,000","87,000","425,000","-131,000","-3,133,000","251,000","-193,000","-3,210,000","-911,000","-172,000","-45,000","-493,000","-179,000","190,000","649,000","76,000","-41,722,000","1,318,000","1,409,000","72,000","562,000","261,000","2,433,000","494,000","779,000","544,000","94,000","215,000","-414,000","-114,000","-39,000","377,000","-452,000","478,000","-63,000","-567,000","2,060,000","42,000","918,000","1,102,000","1,088,000","743,000","791,000","1,164,000","1,100,000","800,000","800,000","700,000","1,100,000","1,100,000","1,300,000","1,400,000","1,300,000","1,300,000","1,200,000","1,102,000","1,000,000","1,000,000","900,000","1,000,000","1,200,000","1,100,000","1,000,000","900,000","700,000","500,000","500,000","600,000","600,000","600,000","600,000","700,000","700,000","600,000","500,000","500,000","700,000","500,000","200,000",,,,,,,,,,,,,
	GainOnSaleOfSecurity,"-376,000","-206,000","-50,000","-109,000","-11,000","-162,000","182,000","1,000","1,000","1,000","-107,000","1,000","1,000","-57,000","-259,000","-64,000","2,000","163,000","325,000","3,000","113,000","98,000","-299,000","-11,000","3,000","59,000","-57,000","-22,000","6,000","-76,000","169,000","-98,000","41,000","39,000","-62,000","7,000","-91,000","-25,000","-51,000","19,000",,"-27,000","-41,000","-127,000",,,,,,"-39,000",,,,,,,,,,,,,,,,,,,,,,,,,,,,,,,,,,,,,,,,,,,,,,,,,,,,,,,,,,,,,,,,,,,,,,,,,,,,,,,,,,,,,,,,
	EarningsFromEquityInterest,,,,,,,,,,,,,,,,,,,,,,,,,,,,,,,,,,,,,,,,,,,,,,,,,,,,,,,"-639,000","-87,000","-172,000","-790,000","-212,000","-159,000","-709,000",,,,,,,,,,,,,,,,,,,,,,,,,,,,,,,,,,,,,,,,,,,,,,,,,,,,,,,,,,,,,,,,,,,,,,,,,,,,,
	SpecialIncomeCharges,,,"-5,000","39,000","-106,000",,,,,,"38,000","0","0","9,000","-5,000","39,000","-350,000","14,000",,,"21,000","2,000","0","0",,"2,000","6,000","2,000","18,000","35,000","-208,000","-1,983,000","2,000","0","23,000","0","0","-1,358,000","-99,000","11,000","42,000","46,000","-85,000","54,000","546,000","-282,000","-82,000","87,000","425,000","-92,000","-3,133,000","251,000","-193,000","-3,210,000","-272,000","-85,000","127,000","297,000","33,000","349,000","1,358,000","76,000","-41,722,000","1,318,000","1,409,000","72,000","562,000","261,000","2,433,000","494,000","779,000","544,000","94,000","215,000","-414,000","-114,000","-39,000","377,000","-452,000","478,000","-63,000","-567,000","2,060,000","42,000","918,000","1,102,000","1,088,000","743,000","791,000","1,164,000","1,100,000","800,000","800,000","700,000","1,100,000","1,100,000","1,300,000","1,400,000","1,300,000","1,300,000","1,200,000","1,102,000","1,000,000","1,000,000","900,000","1,000,000","1,200,000","1,100,000","1,000,000","900,000","700,000","500,000","500,000","600,000","600,000","600,000","600,000","700,000","700,000","600,000","500,000","500,000","700,000","500,000","200,000",,,,,,,,,,,,,
		RestructuringAndMergernAcquisition,,,,,,,,,,,"0","0","0",,"62,000","-10,000","350,000",,,,,,,,,,,"0",,,"224,000","1,983,000","0","0","0","0","0","1,361,000",,,,,,,,,,,,,,,,,,,,,,,,,,,,,,,,,,,,,,,,,,,,,,,,,,,,,,,,,,,,,,,,,,,,,,,,,,,,,,,,,,,,,,,,,,,,,,,,,,,,
		ImpairmentOfCapitalAssets,,,,,,,,,,,,,,,,,,,,,,,,,,,,,,,,,,,,,,,,,,,,,,,,,,"43,000","-3,000","-6,000","-473,000",,,,,,,,,,,,,,,,,,,,,,,,,,,,,,,,,,,,,,,,,,,,,,,,,,,,,,,,,,,,,,,,,,,,,,,,,,,,,,,,,,,,,
		OtherSpecialCharges,,,,,,,,,,,,,,,,,,,,,,,,,,,,,,,,,,,,,,,"-1,911,000","-13,000","-33,000","-22,000",,"-21,000",,,,,,"49,000","3,136,000","-245,000","666,000",,,,,,,,,,,,,,,,,,,,,,,,,,,,,,,,,,,,,,,,,,,,,,,,,,,,,,,,,,,,,,,,,,,,,,,,,,,,,,,,,,,,,
		GainOnSaleOfPPE,,,"-5,000","39,000","-106,000",,,,,,,,,"9,000",,"29,000",,"14,000",,,"21,000","2,000","0","0",,"2,000","6,000","2,000","18,000","35,000","16,000",,"2,000",,"23,000","0","0","3,000","2,000","-2,000","9,000","24,000","-9,000","33,000",,,,,,,,,,,,,,,,,,,,,,,,,,,,,,,,,,,,,,,,,,,,,,,,,,,,,,,,,,,,,,,,,,,,,,,,,,,,,,,,,,,,,,,,,,,,,,
	OtherNonOperatingIncomeExpenses,"702,000","227,000","62,000","198,000","215,000","201,000","88,000","333,000","232,000","147,000","162,000","145,000","287,000","204,000","201,000","199,000","-46,000","198,000","-195,000","306,000","203,000","201,000","212,000","201,000","61,000","-23,000","49,000","6,000","4,000","7,000","16,000","10,000","16,000","30,000","5,000","17,000","10,000","18,000",,,,,,,,,,,,,,,,,,,,,,,,,,,,,,,,,,,,,,,,,,,,,,,,,,,,,,,,,,,,,,,,,,,,,,,,,,,,,,,,,,,,,,,,,,,,,,,,,,,,
PretaxIncome,"46,795,000","4,942,000","9,105,000","12,366,000","20,382,000","14,952,000","11,983,000","6,437,000","2,266,000","-2,225,000","1,288,000","6,198,000","2,669,000","4,732,000","7,270,000","13,275,000","8,272,000","4,116,000","724,000","409,000","-178,000","-1,053,000","-2,623,000","2,484,000","-537,000","-5,354,000","-2,438,000","-2,217,000","832,000","3,581,000","42,000","-4,196,000","-4,932,000","-5,409,000","-3,644,000","-1,304,000","-7,036,000","-8,481,000","-4,265,000","366,000","791,000","517,000","1,206,000","1,674,000","4,930,000","6,222,000","10,441,000","11,469,000","5,066,000","2,643,000","2,693,000","2,183,000","2,302,000","-1,723,000","-1,951,000","169,000","-801,000","1,652,000","1,943,000","-903,000","2,028,000","2,391,000","-37,712,000","2,083,000","2,833,000","3,706,000","2,505,000","1,541,000","495,000","339,000","-1,787,000","-72,000","362,000","-906,000","-4,985,000","-7,803,000","-5,729,000","-6,374,000","-5,565,000","-4,134,000","-7,642,000","-7,765,000","-2,679,000","175,000","-1,541,000","3,150,000","12,761,000","14,656,000","11,992,000","10,387,000","8,300,000","8,200,000","6,200,000","5,400,000","4,200,000","4,300,000","6,400,000","8,300,000","10,400,000","11,100,000","10,000,000","9,338,000","9,400,000","9,700,000","10,600,000","10,600,000","11,200,000","12,300,000","11,900,000","11,300,000","10,200,000","9,300,000","8,400,000","7,700,000","6,900,000","6,200,000","5,600,000","5,600,000","4,800,000","4,900,000","4,900,000","4,600,000","5,500,000","5,300,000","4,100,000","3,300,000","2,900,000","2,300,000","1,700,000",,,,,,,,,
TaxProvision,"271,000","-48,000","206,000","-886,000","999,000","-143,000","788,000","651,000","-406,000","-494,000","-27,000","266,000","113,000","426,000","363,000","227,000","363,000","134,000","-895,000","371,000","267,000","-99,000","63,000","133,000","13,000","22,000","-775,000","174,000","61,000","139,000","85,000","-527,000","0","17,000","9,376,000","-406,000","-2,436,000","-3,495,000","398,000","86,000","547,000","176,000","445,000","499,000","1,726,000","2,053,000","-477,000","-4,400,000","319,000","638,000","197,000","193,000","544,000","428,000","911,000","-527,000","350,000","242,000","314,000","-1,616,000","298,000","-11,000","438,000","-379,000","-41,000","630,000","425,000","-167,000","406,000","300,000","235,000","500,000","301,000","284,000","-5,157,000","-683,000","229,000","255,000","-2,031,000","-1,509,000","-2,790,000","-2,834,000","-872,000","53,000","-588,000","1,071,000","4,211,000","4,617,000","3,777,000","3,271,000","2,600,000","2,600,000","2,000,000","1,700,000","1,000,000","1,300,000","2,200,000","2,900,000","3,700,000","4,000,000","3,600,000","3,362,000","3,400,000","3,500,000","3,900,000","3,900,000","3,800,000","4,700,000","4,500,000","4,300,000","3,900,000","3,500,000","3,200,000","2,900,000","2,600,000","2,300,000","2,100,000","2,100,000","1,800,000","1,800,000","1,800,000","1,800,000","2,100,000","2,100,000","1,600,000","1,300,000","1,100,000","900,000","600,000",,,,,,,,,
EarningsFromEquityInterestNetOfTax,,,,,,,,,,,,,,,,,,,,,,,,,,,"0","5,000,000",,,,,,,,,,,,,,,,,,,,,,,"0","0","0","0",,,,,,,,,,,,,,,,,,,,,,,,,,,,,,,,,,,,,,,,,,,,,,,,,,,,,,,,,,,,,,,,,,,,,,,,,,,,,,,,,,,,
NetIncomeCommonStockholders,"46,532,000","4,999,000","8,880,000","13,259,000","19,394,000","15,092,000","11,193,000","5,785,000","2,667,000","-1,735,000","1,312,000","5,937,000","2,563,000","4,286,000","6,910,000","13,012,000","7,860,000","3,943,000","1,611,000","-11,000","-459,000","-974,000","-2,688,000","2,336,000","-544,000","-5,351,000","-1,752,000","2,503,000","805,000","3,371,000","0","-3,674,000","-4,835,000","-5,378,000","-13,102,000","-932,000","-4,616,000","-4,990,000","-4,814,000","191,000","220,000","326,000","677,000","1,082,000","3,066,000","4,018,000","10,807,000","15,819,000","4,747,000","1,952,000","2,309,000","1,691,000","1,341,000","-2,543,000","-3,501,000","609,000","-1,323,000","620,000","1,497,000","543,000","974,000","2,402,000","-38,150,000","2,462,000","2,874,000","3,076,000","2,080,000","1,708,000","89,000","39,000","-2,022,000","-572,000","61,000","-1,190,000","172,000","-7,120,000","-5,958,000","-6,629,000","-3,534,000","-2,625,000","-4,852,000","-4,931,000","-1,807,000","122,000","-953,000","2,079,000","8,550,000","10,039,000","8,215,000","7,116,000","5,700,000","5,600,000","4,200,000","3,700,000","3,200,000","3,000,000","4,200,000","5,400,000","6,700,000","7,100,000","6,400,000","5,976,000","6,000,000","6,200,000","6,700,000","6,700,000","7,400,000","7,600,000","7,400,000","7,000,000","6,300,000","5,800,000","5,200,000","4,800,000","4,300,000","3,900,000","3,500,000","3,500,000","3,000,000","3,100,000","3,100,000","2,800,000","3,400,000","3,200,000","2,500,000","2,000,000","1,800,000","1,400,000","1,100,000",,,,,,,,,
	NetIncome,"46,532,000","4,999,000","8,880,000","13,259,000","19,394,000","15,092,000","11,193,000","5,785,000","2,667,000","-1,735,000","1,312,000","5,937,000","2,563,000","4,286,000","6,910,000","13,012,000","7,860,000","3,943,000","1,611,000","-11,000","-459,000","-974,000","-2,688,000","2,336,000","-544,000","-5,351,000","-1,752,000","2,503,000","805,000","3,371,000","0","-3,674,000","-4,835,000","-5,378,000","-13,102,000","-932,000","-4,616,000","-4,990,000","-4,814,000","191,000","220,000","326,000","677,000","1,082,000","3,066,000","4,018,000","10,807,000","15,819,000","4,747,000","1,952,000","2,309,000","1,691,000","1,341,000","-2,543,000","-3,501,000","609,000","-1,323,000","620,000","1,497,000","543,000","974,000","2,402,000","-38,150,000","2,462,000","2,874,000","3,076,000","2,080,000","1,708,000","89,000","39,000","-2,022,000","-572,000","61,000","-1,190,000","172,000","-7,120,000","-5,958,000","-6,629,000","-3,534,000","-2,625,000","-4,852,000","-4,931,000","-1,807,000","122,000","-953,000","2,079,000","8,550,000","10,039,000","8,215,000","7,116,000","5,700,000","5,600,000","4,200,000","3,700,000","3,200,000","3,000,000","4,200,000","5,400,000","6,700,000","7,100,000","6,400,000","5,976,000","6,000,000","6,200,000","6,700,000","6,700,000","7,400,000","7,600,000","7,400,000","7,000,000","6,300,000","5,800,000","5,200,000","4,800,000","4,300,000","3,900,000","3,500,000","3,500,000","3,000,000","3,100,000","3,100,000","2,800,000","3,400,000","3,200,000","2,500,000","2,000,000","1,800,000","1,400,000","1,100,000",,,,,,,,,
		NetIncomeIncludingNoncontrollingInterests,"46,524,000","4,990,000","8,899,000","13,252,000","19,383,000","15,095,000","11,195,000","5,786,000","2,672,000","-1,731,000","1,315,000","5,932,000","2,556,000","4,306,000","6,907,000","13,048,000","7,909,000","3,982,000","1,619,000","38,000","-445,000","-954,000","-2,686,000","2,351,000","-550,000","-5,376,000","-1,663,000","2,609,000","771,000","3,442,000","-43,000","-3,669,000","-4,932,000","-5,426,000","-13,020,000","-898,000","-4,600,000","-4,986,000","-4,663,000","280,000","244,000","341,000","761,000","1,175,000","3,204,000","4,169,000","10,918,000","15,869,000","4,747,000","2,005,000","2,496,000","1,990,000","1,758,000","-2,151,000","-3,136,000","1,110,000","-817,000","1,065,000","1,857,000","633,000","1,046,000","2,419,000","-37,588,000","2,462,000","2,874,000","3,229,000","2,080,000","1,708,000","89,000","39,000","-2,022,000","-572,000","61,000","-1,190,000","684,000","-7,120,000","-5,958,000","-6,629,000","-3,534,000","-2,625,000","-4,852,000","-4,931,000","-1,807,000","122,000","-953,000","2,079,000","8,550,000","10,039,000","8,215,000","7,116,000","5,700,000","5,600,000","4,200,000","3,700,000","3,200,000","3,000,000","4,200,000","5,400,000","6,700,000","7,100,000","6,400,000","5,976,000","6,000,000","6,200,000","6,700,000","6,700,000","7,400,000","7,600,000","7,400,000","7,000,000","6,300,000","5,800,000","5,200,000","4,800,000","4,300,000","3,900,000","3,500,000","3,500,000","3,000,000","3,100,000","3,100,000","2,800,000","3,400,000","3,200,000","2,500,000","2,000,000","1,800,000","1,400,000","1,100,000","800,000","700,000","600,000","600,000","600,000","700,000","600,000","600,000","600,000"
			NetIncomeContinuousOperations,"46,524,000","4,990,000","8,899,000","13,252,000","19,383,000","15,095,000","11,195,000","5,786,000","2,672,000","-1,731,000","1,315,000","5,932,000","2,556,000","4,306,000","6,907,000","13,048,000","7,909,000","3,982,000","1,619,000","38,000","-445,000","-954,000","-2,686,000","2,351,000","-550,000","-5,376,000","-1,663,000","2,609,000","771,000","3,442,000","-43,000","-3,669,000","-4,932,000","-5,426,000","-13,020,000","-898,000","-4,600,000","-4,986,000","-4,663,000","280,000","244,000","341,000","761,000","1,175,000","3,204,000","4,169,000","10,918,000","15,869,000","4,747,000","2,005,000","2,496,000","1,990,000","1,758,000","-2,151,000","-3,501,000","609,000","-1,323,000","620,000","1,497,000","543,000","974,000","2,402,000","-38,150,000","2,462,000","2,874,000","3,076,000","2,080,000","1,708,000","89,000","39,000","-2,022,000","-572,000","61,000","-1,190,000","172,000","-7,120,000","-5,958,000","-6,629,000","-3,534,000","-2,625,000","-4,852,000","-4,931,000","-1,807,000","122,000","-953,000","2,079,000","8,550,000","10,039,000","8,215,000","7,116,000","5,700,000","5,600,000","4,200,000","3,700,000","3,200,000","3,000,000","4,200,000","5,400,000","6,700,000","7,100,000","6,400,000","5,976,000","6,000,000","6,200,000","6,700,000","6,700,000","7,400,000","7,600,000","7,400,000","7,000,000","6,300,000","5,800,000","5,200,000","4,800,000","4,300,000","3,900,000","3,500,000","3,500,000","3,000,000","3,100,000","3,100,000","2,800,000","3,400,000","3,200,000","2,500,000","2,000,000","1,800,000","1,400,000","1,100,000","800,000","700,000","600,000","600,000","600,000","700,000","600,000","600,000","600,000"
		MinorityInterests,"8,000","9,000","-19,000","7,000","11,000","-3,000","-2,000","-1,000","-5,000","-4,000","-3,000","5,000","7,000","-20,000","3,000","-36,000","-49,000","-39,000","-8,000","-49,000","-14,000","-20,000","-2,000","-15,000","6,000","25,000","-89,000","-106,000","34,000","-71,000","43,000","-5,000","97,000","48,000","-82,000","-34,000","-16,000","-4,000","-151,000","-89,000","-24,000","-15,000","-84,000","-93,000","-138,000","-151,000","-111,000","-50,000","0","-53,000","-187,000","-299,000","-417,000","-392,000","-365,000","-501,000","-506,000","-445,000","-360,000","-90,000","-72,000","-17,000",,,,"-153,000",,,,,,,,,,,,,,,,,,,,,,,,,,,,,,,,,,,,,,,,,,,,,,,,,,,,,,,,,,,,,,,,,,,,,,,,
DilutedNIAvailtoComStockholders,"46,532,000","4,999,000","8,880,000","13,259,000","19,394,000","15,092,000","11,193,000","5,785,000","2,667,000","-1,735,000","1,312,000","5,937,000","2,563,000","4,286,000","6,910,000","13,012,000","7,860,000","3,943,000","1,611,000","-11,000","-459,000","-974,000","-2,688,000","2,336,000","-544,000","-5,351,000","-1,752,000","2,503,000","805,000","3,371,000","0","-3,674,000","-4,835,000","-5,378,000","-13,102,000","-932,000","-4,616,000","-4,990,000","-4,814,000","191,000","220,000","326,000","677,000","1,082,000","3,066,000","4,018,000","10,807,000","15,819,000","4,747,000","1,952,000","2,309,000","1,691,000","1,341,000","-2,543,000","-3,501,000","609,000","-1,323,000","620,000","1,497,000","543,000","974,000","2,402,000","-38,150,000","2,462,000","2,874,000","3,076,000","2,080,000","1,708,000","89,000","39,000","-2,022,000","-572,000","61,000","-1,190,000","172,000","-7,120,000","-5,958,000","-6,629,000","-3,534,000","-2,625,000","-4,852,000","-4,931,000","-1,807,000","122,000","-953,000","2,079,000","8,550,000","10,039,000","8,215,000","7,116,000","5,700,000","5,600,000","4,200,000","3,700,000","3,200,000","3,000,000","4,200,000","5,400,000","6,700,000","7,100,000","6,400,000","5,976,000","6,000,000","6,200,000","6,700,000","6,700,000","7,400,000","7,600,000","7,400,000","7,000,000","6,300,000","5,800,000","5,200,000","4,800,000","4,300,000","3,900,000","3,500,000","3,500,000","3,000,000","3,100,000","3,100,000","2,800,000","3,400,000","3,200,000","2,500,000","2,000,000","1,800,000","1,400,000","1,100,000",,,,,,,,,
BasicEPS,,"0.11","0.2","0.3","0.45","0.35","0.26","0.13","0.06","-0.04","0.03","0.15","0.06","0.11","0.17","0.32","0.2","0.1","0.04","-0","-0.01","-0.02",,"0.06","-0.01","-0.14",,"0.06","0.02","0.09",,"-0.1","-0.13","-0.14",,"-0.02","-0.12","-0.12",,"0","0.01","0.01",,"0.03","0.07","0.1",,"0.38","0.11","0.05",,"0.04","0.03","-0.06",,"0.01","-0.03","0.01",,"0.01","0.02","0.06",,"0.06","0.07","0.07",,"0.04","0","0",,"-0.01","0","-0.03",,"-0.17","-0.14","-0.16",,"-0.06","-0.11","-0.12",,"0","-0.02","0.05",,"0.24","0.19","0.17",,"0.13","0.1","0.09",,"0.07","0.1","0.13",,"0.16","0.15","0.14",,"0.15","0.16","0.16",,"0.18","0.17","0.17",,"0.14","0.12","0.11",,"0.09","0.08","0.08",,"0.07","0.07","0.07",,"0.08","0.07","0.06",,"0.04","0.03","0.02",,"0.02","0.02","0.02",,"0.02","0.02","0.02"
DilutedEPS,,"0.11","0.2","0.29","0.43","0.34","0.25","0.13","0.06","-0.04","0.03","0.14","0.06","0.1","0.17","0.32","0.19","0.1","0.04","-0","-0.01","-0.02",,"0.06","-0.01","-0.14",,"0.06","0.02","0.09",,"-0.1","-0.13","-0.14",,"-0.02","-0.12","-0.12",,"0","0.01","0.01",,"0.03","0.07","0.1",,"0.38","0.11","0.05",,"0.04","0.03","-0.06",,"0.01","-0.03","0.01",,"0.01","0.02","0.06",,"0.06","0.07","0.07",,"0.04","0","0",,"-0.01","0","-0.03",,"-0.17","-0.14","-0.16",,"-0.06","-0.11","-0.12",,"0","-0.02","0.05",,"0.23","0.19","0.16",,"0.13","0.1","0.09",,"0.07","0.1","0.12",,"0.16","0.15","0.14",,"0.15","0.16","0.16",,"0.18","0.17","0.17",,"0.14","0.12","0.11",,"0.09","0.08","0.08",,"0.07","0.07","0.07",,"0.08","0.07","0.06",,"0.04","0.03","0.02",,"0.02","0.02","0.02",,"0.02","0.02","0.02"
BasicAverageShares,,"43,952,000","43,887,000","43,710,000","43,553,000","43,455,000","43,301,000","43,164,000","41,643,000","40,635,000","40,482,000","40,332,000","40,275,000","40,229,000","40,182,000","40,120,000","39,709,000","39,479,000","39,383,000","39,288,000","39,172,000","39,070,000",,"38,837,000","38,801,000","38,794,000",,"38,786,000","38,750,000","38,689,000",,"38,552,000","38,542,000","38,541,000",,"38,538,000","38,538,000","41,167,000",,"41,811,000","41,811,000","41,811,000",,"41,810,000","41,798,000","41,771,000",,"41,693,000","41,686,000","41,666,000",,"41,665,000","41,665,000","41,665,000",,"41,660,000","41,643,000","41,636,000",,"41,617,000","41,576,000","41,565,000",,"41,703,000","42,144,000","41,948,000",,"41,912,000","41,795,000","41,980,000",,"42,098,000","42,049,000","41,917,000",,"41,851,000","41,799,000","42,054,000",,"42,328,000","42,416,000","42,405,000",,"42,369,000","42,330,000","42,284,000",,"42,216,000","42,155,000","42,483,000",,"43,076,923","42,000,000","41,111,111",,"42,857,143","42,000,000","41,538,462",,"44,375,000","42,666,667","42,987,000",,"41,333,333","41,875,000","41,875,000",,"42,222,222","43,529,412","41,176,471",,"41,428,571","43,333,333","43,636,364",,"43,333,333","43,750,000","43,750,000",,"44,285,714","44,285,714","40,000,000",,"40,000,000","35,714,286","33,333,333",,"35,000,000","36,666,667","37,184,000",,"31,352,000","31,352,000","31,348,000",,"32,076,000","32,076,000","32,076,000"
DilutedAverageShares,,"44,954,000","45,148,000","45,034,000","44,841,000","44,841,000","44,772,000","44,743,000","43,385,000","40,635,000","42,404,000","42,194,000","41,081,000","41,029,000","40,981,000","41,124,000","40,646,000","40,167,000","40,135,000","39,288,000","39,172,000","39,070,000",,"39,184,000","38,801,000","38,794,000",,"39,086,000","39,293,000","39,149,000",,"38,552,000","38,542,000","38,541,000",,"38,538,000","38,538,000","41,167,000",,"41,815,000","41,812,000","41,826,000",,"41,851,000","41,887,000","41,859,000",,"41,774,000","41,752,000","41,700,000",,"41,675,000","41,665,000","41,665,000",,"41,685,000","41,643,000","41,675,000",,"41,715,000","41,641,000","41,614,000",,"41,771,000","42,482,000","42,384,000",,"42,093,000","41,938,000","42,115,000",,"42,098,000","42,344,000","41,917,000",,"41,851,000","41,799,000","42,054,000",,"42,328,000","42,416,000","42,405,000",,"42,648,000","42,330,000","42,846,000",,"43,435,000","43,125,000","43,341,000",,"43,076,923","42,000,000","41,111,111",,"42,857,143","42,000,000","45,000,000",,"44,375,000","42,666,667","42,987,000",,"41,333,333","41,875,000","41,875,000",,"42,222,222","43,529,412","41,176,471",,"41,428,571","43,333,333","43,636,364",,"43,333,333","43,750,000","43,750,000",,"44,285,714","44,285,714","40,000,000",,"40,000,000","35,714,286","33,333,333",,"35,000,000","36,666,667","37,184,000",,"31,352,000","31,352,000","31,348,000",,"32,076,000","32,076,000","32,076,000"
TotalOperatingIncomeAsReported,"45,662,000","4,780,000","8,901,000","11,972,000","20,009,000","14,720,000","11,605,000","6,103,000","2,033,000","-2,373,000","895,000","6,052,000","2,381,000","4,493,000","7,014,000","13,043,000","8,316,000","3,686,000","456,000","100,000","-538,000","-1,378,000","-2,557,000","2,273,000","-601,000","-5,429,000","-2,452,000","-2,218,000","793,000","3,610,000","-178,000","-4,132,000","-5,014,000","-5,439,000","-3,634,000","-1,355,000","-6,982,000","-8,496,000","-4,254,000","296,000","709,000","464,000","1,208,000","1,674,000","4,384,000","6,420,000","10,523,000","11,382,000","4,641,000","2,576,000","2,573,000","1,932,000","2,109,000","-1,841,000","-1,673,000","399,000","-765,000","897,000","1,280,000","-2,145,000","1,122,000","814,000","-38,017,000","765,000","1,424,000","2,646,000","1,943,000","1,280,000","312,000","-155,000","-2,566,000","-616,000","268,000","-1,121,000","-5,573,000","-7,689,000","-5,690,000","-6,751,000","-5,113,000","-4,612,000","-7,579,000","-7,198,000","-4,739,000","133,000","-2,459,000","2,048,000","11,673,000","13,913,000","11,201,000","9,223,000","7,200,000","7,400,000","5,300,000","4,600,000","3,100,000","3,200,000","5,000,000","7,000,000","9,100,000","9,800,000","8,700,000","8,236,000","8,500,000","8,700,000","9,700,000","9,700,000","10,000,000","11,100,000","10,900,000","10,500,000","9,600,000","8,800,000","7,900,000","7,100,000","6,100,000","5,700,000","4,900,000","4,800,000","4,100,000","4,400,000","4,400,000","4,000,000","4,900,000","4,800,000","4,000,000","3,300,000","3,000,000","2,400,000","1,800,000",,,,,,,,,
TotalExpenses,"313,188,000","83,502,000","81,380,000","72,939,000","75,367,000","74,076,000","72,697,000","72,009,000","68,728,000","65,774,000","62,230,000","64,720,000","60,974,000","61,232,000","66,644,000","65,002,000","65,530,000","61,583,000","58,315,000","56,788,000","58,247,000","55,840,000","50,642,000","50,954,000","53,542,000","51,456,000","53,846,000","50,882,000","55,326,000","60,407,000","60,689,000","60,551,000","58,375,000","58,672,000","58,892,000","56,446,000","53,847,000","49,081,000","54,641,000","52,652,000","54,758,000","59,204,000","57,343,000","56,886,000","61,018,000","64,035,000","62,452,000","57,290,000","52,736,000","49,133,000","43,312,000","45,814,000","48,518,000","49,191,000","52,997,000","50,879,000","50,062,000","52,572,000","52,667,000","49,838,000","46,084,000","46,167,000","86,050,000","46,167,000","47,786,000","45,226,000","44,351,000","44,018,000","44,267,000","43,335,000","43,203,000","43,664,000","45,106,000","43,642,000","44,684,000","43,566,000","44,383,000","44,491,000","46,750,000","44,115,000","44,410,000","41,818,000","43,771,000","51,466,000","52,719,000","52,971,000","57,495,000","53,938,000","51,577,000","48,563,000","46,600,000","42,000,000","39,500,000","37,400,000","37,300,000","36,100,000","36,700,000","36,200,000","34,000,000","31,600,000","31,000,000","29,703,000","28,300,000","27,000,000","27,000,000","26,100,000","27,800,000","26,200,000","24,200,000","23,300,000","22,300,000","21,300,000","19,800,000","18,700,000","17,400,000","16,000,000","15,200,000","13,900,000","12,700,000","12,000,000","11,200,000","11,100,000","10,500,000","9,700,000","9,500,000","8,800,000","8,000,000","7,300,000","6,900,000",,,,,,,,,
NetIncomeFromContinuingAndDiscontinuedOperation,"46,532,000","4,999,000","8,880,000","13,259,000","19,394,000","15,092,000","11,193,000","5,785,000","2,667,000","-1,735,000","1,312,000","5,937,000","2,563,000","4,286,000","6,910,000","13,012,000","7,860,000","3,943,000","1,611,000","-11,000","-459,000","-974,000","-2,688,000","2,336,000","-544,000","-5,351,000","-1,752,000","2,503,000","805,000","3,371,000","0","-3,674,000","-4,835,000","-5,378,000","-13,102,000","-932,000","-4,616,000","-4,990,000","-4,814,000","191,000","220,000","326,000","677,000","1,082,000","3,066,000","4,018,000","10,807,000","15,819,000","4,747,000","1,952,000","2,309,000","1,691,000","1,341,000","-2,543,000","-3,501,000","609,000","-1,323,000","620,000","1,497,000","543,000","974,000","2,402,000","-38,150,000","2,462,000","2,874,000","3,076,000","2,080,000","1,708,000","89,000","39,000","-2,022,000","-572,000","61,000","-1,190,000","172,000","-7,120,000","-5,958,000","-6,629,000","-3,534,000","-2,625,000","-4,852,000","-4,931,000","-1,807,000","122,000","-953,000","2,079,000","8,550,000","10,039,000","8,215,000","7,116,000","5,700,000","5,600,000","4,200,000","3,700,000","3,200,000","3,000,000","4,200,000","5,400,000","6,700,000","7,100,000","6,400,000","5,976,000","6,000,000","6,200,000","6,700,000","6,700,000","7,400,000","7,600,000","7,400,000","7,000,000","6,300,000","5,800,000","5,200,000","4,800,000","4,300,000","3,900,000","3,500,000","3,500,000","3,000,000","3,100,000","3,100,000","2,800,000","3,400,000","3,200,000","2,500,000","2,000,000","1,800,000","1,400,000","1,100,000",,,,,,,,,
NormalizedIncome,"46,977,405.535","5,122,600","8,933,755.629","13,310,100","19,505,267","15,210,260","11,010,823.166","5,784,101","2,666,270","-1,735,778","1,362,370","5,936,043","2,562,042","4,329,680","7,160,818.157","13,036,575","8,192,688","3,771,841","1,407,600","-12,800","-539,400","-1,064,598.291","-2,508,600","2,346,406","-546,928","-5,411,756","-1,717,212.059","2,521,440","782,752","3,410,401","25,350","-1,854,364.871","-4,878,000","-5,378,000","-13,076,650","-936,820.552","-4,556,505.969","-4,091,050","-4,716,500","168,049.18","192,700","313,468.085","756,507.463","1,133,239.546","2,711,155.375","4,206,951.784","10,860,300","15,762,450","4,348,761.745","2,051,377.601","5,212,812.848","1,462,191.022","1,488,390.964","-456,500","-3,324,200","664,250","-1,405,550","366,507.264","1,469,332.99","316,150","-184,451.677","2,352,600","-13,116,800","1,671,200","2,028,600","3,016,239.611","1,613,349.301","1,551,400","-1,370,800","-257,400","-2,489,400","-898,400","4,600","-1,319,000","420,400","-7,015,978.47","-5,934,600","-6,855,200","-3,246,961.725","-2,928,519.594","-4,812,000.523","-4,570,938.571","-3,196,481.15","92,720","-1,520,718.365","1,351,680","7,821,028.916","9,530,063.251","7,673,133.339","6,318,558.583","4,944,578.313","5,053,658.537","3,658,064.516","3,220,370.37","2,361,904.762","2,232,558.14","3,346,875","4,489,156.627","5,862,500","6,268,468.468","5,632,000","5,270,757.764","5,361,702.128","5,560,824.742","6,131,132.075","6,067,924.528","6,607,142.857","6,920,325.203","6,778,151.261","6,442,477.876","5,867,647.059","5,488,172.043","4,890,476.19","4,425,974.026","3,926,086.957","3,522,580.645","3,125,000","3,062,500","2,562,500","2,720,408.163","2,783,673.469","2,495,652.174","2,967,272.727","2,898,113.208","2,378,048.78","2,000,000","1,800,000","1,400,000","1,100,000",,,,,,,,,
InterestIncome,"879,000","142,000","194,000","267,000","276,000","193,000",,,,,,,,"83,000",,"68,000",,"55,000",,,"23,000","24,000","21,000","21,000",,"14,000","16,000","15,000","11,000","5,000","19,000","24,000","23,000",,"24,000","27,000","27,000","19,000","22,000","40,000","40,000","34,000","35,000","73,000",,"84,000",,,,"155,000",,,,"230,000",,,,,,,,,,,,,,,,,,,,,,,,,,,,,,,,,,,,,,,,,,,,,,,,,,,,,,,,,,,,,,,,,,,,,,,,,,,,,,,,,,,,
NetInterestIncome,"879,000","142,000","194,000","267,000","276,000","193,000",,,,,,,,"83,000",,"68,000",,"55,000",,,"23,000","24,000","21,000","21,000",,"14,000","16,000","15,000","11,000","5,000","19,000","24,000","23,000",,"24,000","27,000","27,000","19,000","22,000","40,000","40,000","34,000","35,000","73,000",,"84,000",,,,"155,000",,,,"230,000",,,,,,,,,,,,,,,,,,,,,,,,,,,,,,,,,,,,,,,,,,,,,,,,,,,,,,,,,,,,,,,,,,,,,,,,,,,,,,,,,,,,
EBIT,"45,662,000","4,780,000","8,901,000","11,972,000","20,009,000","14,720,000","11,605,000","6,103,000","2,033,000","-2,373,000","895,000","6,052,000","2,381,000","4,493,000","7,076,000","13,033,000","8,666,000","3,686,000","456,000","100,000","-538,000","-1,378,000","-2,557,000","2,273,000","-601,000","-5,429,000","-2,452,000","-2,218,000","793,000","3,610,000","46,000","-2,149,000","-5,014,000","-5,439,000","-3,634,000","-1,355,000","-6,982,000","-7,135,000","-4,217,000","296,000","709,000","464,000","1,208,000","1,674,000","4,384,000","6,420,000","10,523,000","11,382,000","4,641,000","2,576,000","5,826,000","1,932,000","2,109,000","1,257,000","-1,673,000","399,000","-765,000","897,000","1,280,000","-2,145,000","1,122,000","814,000","-38,017,000","765,000","1,424,000","2,646,000","1,943,000","1,280,000","312,000","-155,000","-2,566,000","-616,000","268,000","-1,121,000","-5,573,000","-7,689,000","-5,690,000","-6,751,000","-5,113,000","-4,612,000","-7,579,000","-7,198,000","-4,739,000","133,000","-2,459,000","2,048,000","11,673,000","13,913,000","11,201,000","9,223,000","7,200,000","7,400,000","5,300,000","4,600,000","3,100,000","3,200,000","5,000,000","7,000,000","9,100,000","9,800,000","8,700,000","8,236,000","8,500,000","8,700,000","9,700,000","9,700,000","10,000,000","11,100,000","10,900,000","10,500,000","9,600,000","8,800,000","7,900,000","7,100,000","6,100,000","5,700,000","4,900,000","4,800,000","4,100,000","4,400,000","4,400,000","4,000,000","4,900,000","4,800,000","4,000,000","3,300,000","3,000,000","2,400,000","1,800,000","7,400,000","-17,200,000","7,100,000","7,100,000","7,100,000","-13,700,000","5,900,000","5,800,000","5,800,000"
EBITDA,"57,857,000"
ReconciledCostOfRevenue,"187,749,000","50,681,000","49,465,000","42,098,000","45,505,000","44,096,000","43,851,000","44,765,000","40,443,000","36,070,000","33,364,000","37,770,000","34,238,000","34,639,000","39,847,000","39,031,000","38,313,000","35,058,000","31,840,000","31,745,000","31,779,000","30,810,000","26,586,000","27,304,000","28,470,000","26,711,000","28,563,000","27,378,000","29,609,000","35,126,000","34,619,000","32,852,000","30,699,000","30,441,000","31,827,000","32,111,000","28,404,000","25,339,000","30,299,000","29,995,000","31,361,000","35,201,000","34,060,000","34,120,000","38,093,000","40,001,000","39,991,000","36,199,000","31,638,000","28,385,000","26,641,000","27,078,000","28,029,000","28,617,000","30,515,000","29,375,000","28,184,000","31,009,000","32,668,000","27,173,000","24,705,000","26,754,000","28,359,000","26,981,000","28,101,000","26,770,000","26,525,000","26,284,000","29,000,000","26,135,000","25,960,000","26,817,000","27,994,000","27,521,000","28,130,000","27,290,000","28,156,000","28,833,000","30,786,000","29,380,000","28,148,000","26,458,000","28,558,000","35,614,000","36,045,000","37,204,000","36,561,000","33,371,000","31,087,000","28,486,000","26,900,000","24,300,000","22,100,000","19,600,000","20,100,000","18,900,000","19,800,000","20,300,000","19,100,000","18,000,000","17,170,000","17,877,000","15,000,000","14,300,000","14,800,000","14,500,000","16,600,000","15,600,000","14,000,000","13,800,000","13,700,000","13,000,000","11,900,000","11,100,000","10,000,000","9,200,000","8,800,000","7,900,000","7,000,000","6,600,000","6,300,000","6,600,000","6,000,000","5,800,000","5,800,000","5,400,000","4,900,000","4,300,000","3,900,000",,,,,,,,,
ReconciledDepreciation,"12,195,000","3,296,000","3,141,000","2,946,000","2,812,000","2,806,000","2,881,000","2,736,000","2,728,000","2,711,000","2,687,000","2,649,000","2,553,000","2,445,000","2,384,000","2,331,000","2,270,000","2,269,000","2,303,000","2,244,000","2,189,000","2,157,000","2,054,000","2,073,000","2,116,000","2,195,000","2,188,000","2,231,000","2,320,000","2,403,000","2,492,000","2,459,000","2,411,000","2,443,000","2,453,000","2,527,000","2,534,000","2,494,000","2,553,000","2,626,000","2,612,000","2,632,000","2,791,000","2,813,000","2,773,000","2,628,000","2,670,000","2,595,000","2,525,000","2,432,000","2,457,000","2,507,000","2,609,000","2,625,000","2,691,000","2,613,000","2,625,000","2,586,000","3,128,000","2,627,000","2,949,000","2,915,000","3,356,000","3,208,000","3,349,000","4,078,000","4,399,000","4,272,000","4,336,000","4,648,000","5,239,000","5,475,000","5,592,000","5,594,000","5,847,000","5,714,000","5,793,000","5,843,000","6,256,000","5,365,000","5,330,000","5,312,000","5,329,000","4,926,000","4,907,000","4,822,000","4,808,000","4,450,000","4,535,000","4,533,000","4,500,000","3,700,000","3,900,000","3,700,000","3,200,000","3,200,000","3,100,000","2,100,000","2,000,000","2,000,000","2,130,000","2,170,000","2,100,000","2,100,000","2,100,000","2,000,000","2,000,000","2,100,000","2,100,000","2,000,000","1,900,000","1,900,000","2,000,000","1,800,000","1,900,000","1,700,000","1,600,000","1,500,000","1,500,000","1,300,000","1,100,000","1,000,000","1,000,000","800,000","800,000","600,000","600,000","400,000","400,000",,,,,,,,,
NetIncomeFromContinuingOperationNetMinorityInterest,"46,532,000","4,999,000","8,880,000","13,259,000","19,394,000","15,092,000","11,193,000","5,785,000","2,667,000","-1,735,000","1,312,000","5,937,000","2,563,000","4,286,000","6,910,000","13,012,000","7,860,000","3,943,000","1,611,000","-11,000","-459,000","-974,000","-2,688,000","2,336,000","-544,000","-5,351,000","-1,752,000","2,503,000","805,000","3,371,000","0","-3,674,000","-4,835,000","-5,378,000","-13,102,000","-932,000","-4,616,000","-4,990,000","-4,814,000","191,000","220,000","326,000","677,000","1,082,000","3,066,000","4,018,000","10,807,000","15,819,000","4,747,000","1,952,000","2,309,000","1,691,000","1,341,000","-2,543,000","-3,501,000","609,000","-1,323,000","620,000","1,497,000","543,000","974,000","2,402,000","-38,150,000","2,462,000","2,874,000","3,076,000","2,080,000","1,708,000","89,000","39,000","-2,022,000","-572,000","61,000","-1,190,000","172,000","-7,120,000","-5,958,000","-6,629,000","-3,534,000","-2,625,000","-4,852,000","-4,931,000","-1,807,000","122,000","-953,000","2,079,000","8,550,000","10,039,000","8,215,000","7,116,000","5,700,000","5,600,000","4,200,000","3,700,000","3,200,000","3,000,000","4,200,000","5,400,000","6,700,000","7,100,000","6,400,000","5,976,000","6,000,000","6,200,000","6,700,000","6,700,000","7,400,000","7,600,000","7,400,000","7,000,000","6,300,000","5,800,000","5,200,000","4,800,000","4,300,000","3,900,000","3,500,000","3,500,000","3,000,000","3,100,000","3,100,000","2,800,000","3,400,000","3,200,000","2,500,000","2,000,000","1,800,000","1,400,000","1,100,000",,,,,,,,,
TotalUnusualItemsExcludingGoodwill,"-448,000","-206,000","-55,000","-70,000","-117,000","-162,000","195,000","1,000","1,000","1,000","-69,000","1,000","1,000","-48,000","-264,000","-25,000","-348,000","177,000","339,000","3,000","134,000","100,000","-299,000","-11,000","3,000","61,000","-51,000","-20,000","24,000","-41,000","-39,000","-2,081,000","43,000","0","-39,000","7,000","-91,000","-1,383,000","-150,000","30,000","42,000","19,000","-126,000","-73,000","546,000","-282,000","-82,000","87,000","425,000","-131,000","-3,133,000","251,000","-193,000","-3,210,000","-272,000","-85,000","127,000","297,000","33,000","349,000","1,358,000","76,000","-41,722,000","1,318,000","1,409,000","72,000","562,000","261,000","2,433,000","494,000","779,000","544,000","94,000","215,000","-414,000","-114,000","-39,000","377,000","-452,000","478,000","-63,000","-567,000","2,060,000","42,000","918,000","1,102,000","1,088,000","743,000","791,000","1,164,000","1,100,000","800,000","800,000","700,000","1,100,000","1,100,000","1,300,000","1,400,000","1,300,000","1,300,000","1,200,000","1,102,000","1,000,000","1,000,000","900,000","1,000,000","1,200,000","1,100,000","1,000,000","900,000","700,000","500,000","500,000","600,000","600,000","600,000","600,000","700,000","700,000","600,000","500,000","500,000","700,000","500,000","200,000",,,,,,,,,,,,,
TotalUnusualItems,"-448,000","-206,000","-55,000","-70,000","-117,000","-162,000","195,000","1,000","1,000","1,000","-69,000","1,000","1,000","-48,000","-264,000","-25,000","-348,000","177,000","339,000","3,000","134,000","100,000","-299,000","-11,000","3,000","61,000","-51,000","-20,000","24,000","-41,000","-39,000","-2,081,000","43,000","0","-39,000","7,000","-91,000","-1,383,000","-150,000","30,000","42,000","19,000","-126,000","-73,000","546,000","-282,000","-82,000","87,000","425,000","-131,000","-3,133,000","251,000","-193,000","-3,210,000","-272,000","-85,000","127,000","297,000","33,000","349,000","1,358,000","76,000","-41,722,000","1,318,000","1,409,000","72,000","562,000","261,000","2,433,000","494,000","779,000","544,000","94,000","215,000","-414,000","-114,000","-39,000","377,000","-452,000","478,000","-63,000","-567,000","2,060,000","42,000","918,000","1,102,000","1,088,000","743,000","791,000","1,164,000","1,100,000","800,000","800,000","700,000","1,100,000","1,100,000","1,300,000","1,400,000","1,300,000","1,300,000","1,200,000","1,102,000","1,000,000","1,000,000","900,000","1,000,000","1,200,000","1,100,000","1,000,000","900,000","700,000","500,000","500,000","600,000","600,000","600,000","600,000","700,000","700,000","600,000","500,000","500,000","700,000","500,000","200,000",,,,,,,,,,,,,
NormalizedEBITDA,"58,305,000","8,282,000","12,097,000","14,988,000","22,938,000","17,688,000","14,291,000","8,838,000","4,760,000","337,000","3,651,000","8,700,000","4,933,000","6,986,000","9,724,000","15,389,000","11,284,000","5,778,000","2,420,000","2,341,000","1,517,000","679,000","-204,000","4,357,000","1,512,000","-3,295,000","-213,000","33,000","3,089,000","6,054,000","2,577,000","2,391,000","-2,646,000","-2,996,000","-1,142,000","1,165,000","-4,357,000","-3,258,000","-1,514,000","2,892,000","3,279,000","3,077,000","4,125,000","4,560,000","6,611,000","9,330,000","13,275,000","13,890,000","6,741,000","5,139,000","11,416,000","4,188,000","4,911,000","7,092,000","1,290,000","3,097,000","1,733,000","3,186,000","4,375,000","133,000","2,713,000","3,653,000","7,061,000","2,655,000","3,364,000","6,652,000","5,780,000","5,291,000","2,215,000","3,999,000","1,894,000","4,315,000","5,766,000","4,258,000","688,000","-1,861,000","142,000","-1,285,000","1,595,000","275,000","-2,186,000","-1,319,000","-1,470,000","5,017,000","1,530,000","5,768,000","15,393,000","17,620,000","14,945,000","12,592,000","10,600,000","10,300,000","8,400,000","7,600,000","5,200,000","5,300,000","6,800,000","7,700,000","9,800,000","10,600,000","9,630,000","9,304,000","9,600,000","9,800,000","10,900,000","10,700,000","10,800,000","12,100,000","12,000,000","11,600,000","10,800,000","10,200,000","9,400,000","8,300,000","7,400,000","6,800,000","5,900,000","5,600,000","4,900,000","5,100,000","5,000,000","4,500,000","5,200,000","5,100,000","4,600,000","3,900,000","3,600,000","2,800,000","2,200,000","7,400,000","-17,200,000","7,100,000","7,100,000","7,100,000","-13,700,000","5,900,000","5,800,000","5,800,000"
TaxRateForCalcs,"0.006","0.4","0.023","0.27","0.049","0.27","0.066","0.101","0.27","0.222","0.27","0.043","0.042","0.09","0.05","0.017","0.044","0.033","0.4","0.4","0.4","0.094","0.4","0.054","0.024","0.004","0.318","0.078","0.073","0.039","0.35","0.126","0","0.003","0.35","0.311","0.346","0.35","0.35","0.235","0.35","0.34","0.369","0.298","0.35","0.33","0.35","0.35","0.063","0.241","0.073","0.088","0.236","0.35","0.35","0.35","0.35","0.146","0.162","0.35","0.147","0.35","0.4","0.4","0.4","0.17","0.17","0.4","0.4","0.4","0.4","0.4","0.4","0.4","0.4","0.088","0.4","0.4","0.365","0.365","0.365","0.365","0.325","0.303","0.382","0.34","0.33","0.315","0.315","0.315","0.313","0.317","0.323","0.315","0.238","0.302","0.344","0.349","0.356","0.36","0.36","0.36","0.362","0.361","0.368","0.368","0.339","0.382","0.378","0.381","0.382","0.376","0.381","0.377","0.377","0.371","0.375","0.375","0.375","0.367","0.367","0.391","0.382","0.396","0.39","0.394","0.379","0.391","0.353",,,,,,,,,
TaxEffectOfUnusualItems,"-2,594.465","-82,400","-1,244.371","-18,900","-5,733","-43,740","12,823.166","101","270","222","-18,630","43","42","-4,320","-13,181.843","-425","-15,312","5,841","135,600","1,200","53,600","9,401.709","-119,600","-594","72","244","-16,212.059","-1,560","1,752","-1,599","-13,650","-261,364.871","0","0","-13,650","2,179.448","-31,505.969","-484,050","-52,500","7,049.18","14,700","6,468.085","-46,492.537","-21,760.454","191,155.375","-93,048.216","-28,700","30,450","26,761.745","-31,622.399","-229,187.152","22,191.022","-45,609.036","-1,123,500","-95,200","-29,750","44,450","43,507.264","5,332.99","122,150","199,548.323","26,600","-16,688,800","527,200","563,600","12,239.611","95,349.301","104,400","973,200","197,600","311,600","217,600","37,600","86,000","-165,600","-9,978.47","-15,600","150,800","-164,961.725","174,480.406","-23,000.523","-206,938.571","670,518.85","12,720","350,281.635","374,680","359,028.916","234,063.251","249,133.339","366,558.583","344,578.313","253,658.537","258,064.516","220,370.37","261,904.762","332,558.14","446,875","489,156.627","462,500","468,468.468","432,000","396,757.764","361,702.128","360,824.742","331,132.075","367,924.528","407,142.857","420,325.203","378,151.261","342,477.876","267,647.059","188,172.043","190,476.19","225,974.026","226,086.957","222,580.645","225,000","262,500","262,500","220,408.163","183,673.469","195,652.174","267,272.727","198,113.208","78,048.78","0","0","0","0",,,,,,,,,