name,ttm,03/31/2022,12/31/2021,09/30/2021,06/30/2021,03/31/2021,12/31/2020,09/30/2020,06/30/2020,03/31/2020,12/31/2019,09/30/2019,06/30/2019,03/31/2019,12/31/2018,09/30/2018,06/30/2018,03/31/2018,12/31/2017,09/30/2017,06/30/2017,03/31/2017,12/31/2016,09/30/2016,06/30/2016,03/31/2016,12/31/2015,09/30/2015,06/30/2015,03/31/2015,12/31/2014,09/30/2014,06/30/2014,03/31/2014,12/31/2013,09/30/2013,06/30/2013,03/31/2013,12/31/2012,09/30/2012,06/30/2012,03/31/2012,12/31/2011,09/30/2011,06/30/2011,03/31/2011,12/31/2010,09/30/2010,06/30/2010,03/31/2010,12/31/2009,09/30/2009,06/30/2009,03/31/2009,12/31/2008,09/30/2008,06/30/2008,03/31/2008,12/31/2007,09/30/2007,06/30/2007,03/31/2007,12/31/2006,09/30/2006,06/30/2006,03/31/2006,12/31/2005,09/30/2005,06/30/2005,03/31/2005,12/31/2004,09/30/2004,06/30/2004,03/31/2004,12/31/2003,09/30/2003,06/30/2003,03/31/2003,12/31/2002,09/30/2002,06/30/2002,03/31/2002,12/31/2001,09/30/2001,06/30/2001,03/31/2001,12/31/2000,09/30/2000,06/30/2000,03/31/2000,12/31/1999,09/30/1999,06/30/1999,03/31/1999,12/31/1998,09/30/1998,06/30/1998,03/31/1998,12/31/1997,09/30/1997,06/30/1997,03/31/1997,12/31/1996,09/30/1996,06/30/1996,03/31/1996,12/31/1995,09/30/1995,06/30/1995,03/31/1995,12/31/1994,09/30/1994,06/30/1994,03/31/1994,12/31/1993,09/30/1993,06/30/1993,03/31/1993,12/31/1992,09/30/1992,06/30/1992,03/31/1992,12/31/1991,09/30/1991,06/30/1991,03/31/1991,12/31/1990,09/30/1990,06/30/1990,03/31/1990,12/31/1989,09/30/1989,06/30/1989,03/31/1989,12/31/1988,09/30/1988,06/30/1988,03/31/1988,12/31/1987,09/30/1987,06/30/1987,03/31/1987,12/31/1986,09/30/1986,06/30/1986,03/31/1986,12/31/1985,09/30/1985
TotalRevenue,"1,397,801,000","356,882,000","353,434,000","343,422,000","344,063,000","324,258,000","335,506,000","332,470,000","327,348,000","305,977,000","276,635,000","261,775,000","247,837,000","326,321,000","256,747,000","245,838,000","248,821,000","239,849,000","199,573,000","190,942,000","193,650,000","187,588,000","197,055,000","178,999,000","175,719,000","169,601,000","172,084,000","154,879,000","156,377,000","150,731,000","160,275,000","128,723,000","129,829,000","133,546,000","158,201,000","134,059,000","142,781,000","141,332,000","147,107,000","167,015,000","146,651,000","150,054,000","131,261,000","142,138,000","151,205,000","162,504,000","144,345,000","135,062,000","141,551,000","130,528,000","130,798,000","132,889,000","115,158,000","142,720,000","105,169,000","83,128,000","120,532,000","117,596,000","100,504,000","114,771,000","115,460,000","137,230,000","112,701,000","111,002,000","117,724,000","117,910,000","116,805,000","122,205,000","119,172,000","113,951,000","117,133,000","114,182,000","112,116,000","113,216,000","100,043,000","118,956,000","118,977,000","118,798,000","111,452,000","111,790,000","111,868,000","105,823,000","105,286,000","99,944,000","98,371,000","99,709,000","79,147,000","77,336,000","76,546,000","75,950,000","76,500,000","76,800,000","76,100,000","72,000,000","76,000,000","66,100,000","65,800,000","64,900,000","63,400,000","65,100,000","63,700,000","62,300,000","52,000,000","52,700,000","49,300,000","51,100,000","48,500,000","49,300,000","47,400,000","42,300,000","50,400,000","39,900,000","39,000,000","42,300,000","39,700,000","42,300,000","39,500,000","39,700,000","36,400,000","33,900,000","39,200,000","34,300,000","29,200,000","26,500,000","24,700,000","23,200,000","22,000,000","22,400,000","22,200,000","21,900,000","21,800,000","21,100,000",,,,,,,,,,,,,,,,
	OperatingRevenue,"1,397,801,000","356,882,000","353,434,000","343,422,000","344,063,000","324,258,000","335,506,000","332,470,000","327,348,000","305,977,000","276,635,000","261,775,000","247,837,000","326,321,000","256,747,000","245,838,000","248,821,000","239,849,000","199,573,000","190,942,000","193,650,000","187,588,000","197,055,000","178,999,000","175,719,000","169,601,000","172,084,000","154,879,000","156,377,000","150,731,000","160,275,000","128,723,000","129,829,000","133,546,000","158,201,000","134,059,000","142,781,000","141,332,000","147,107,000","167,015,000","146,651,000","150,054,000","131,261,000","142,138,000","151,205,000","162,504,000","144,345,000","135,062,000","141,551,000","130,528,000","130,798,000","132,889,000","115,158,000","142,720,000","105,169,000","83,128,000","120,532,000","117,596,000","100,504,000","114,771,000","115,460,000","137,230,000","112,701,000","111,002,000","117,724,000","117,910,000","116,805,000","122,205,000","119,172,000","113,951,000","117,133,000","114,182,000","112,116,000","113,216,000","100,043,000","118,956,000","118,977,000","118,798,000","111,452,000","111,790,000","111,868,000","105,823,000","105,286,000","99,944,000","98,371,000","99,709,000","79,147,000","77,336,000","76,546,000","75,950,000","76,500,000","76,800,000","76,100,000","72,000,000","76,000,000","66,100,000","65,800,000","64,900,000","63,400,000","65,100,000","63,700,000","62,300,000","52,000,000","52,700,000","49,300,000","51,100,000","48,500,000","49,300,000","47,400,000","42,300,000","50,400,000","39,900,000","39,000,000","42,300,000","39,700,000","42,300,000","39,500,000","39,700,000","36,400,000","33,900,000","39,200,000","34,300,000","29,200,000","26,500,000","24,700,000","23,200,000","22,000,000","22,400,000","22,200,000","21,900,000","21,800,000","21,100,000",,,,,,,,,,,,,,,,
PretaxIncome,"641,750,000","156,042,000","157,311,000","165,004,000","163,393,000","155,031,000","143,337,000","141,265,000","129,067,000","116,397,000","75,071,000","107,198,000","104,000,000","170,526,000","95,176,000","87,605,000","91,763,000","55,149,000","61,056,000","56,737,000","70,779,000","64,166,000","68,426,000","59,891,000","54,487,000","50,576,000","-6,316,000","46,133,000","44,465,000","42,613,000","32,962,000","38,336,000","41,271,000","34,665,000","55,669,000","34,264,000","44,883,000","44,124,000","51,531,000","61,849,000","47,186,000","49,809,000","32,345,000","49,053,000","62,099,000","53,688,000","53,480,000","46,807,000","47,091,000","39,563,000","46,837,000","45,532,000","21,554,000","53,622,000","13,985,000","2,436,000","50,773,000","43,331,000","33,789,000","47,827,000","52,205,000","71,105,000","51,207,000","43,817,000","52,697,000","55,854,000","55,302,000","59,602,000","57,770,000","57,553,000","56,635,000","57,830,000","55,843,000","58,287,000","58,522,000","59,811,000","57,347,000","57,472,000","53,395,000","55,755,000","57,333,000","52,813,000","48,999,000","52,865,000","51,838,000","45,653,000","41,114,000","40,151,000","39,709,000","40,864,000","36,800,000","40,600,000","39,000,000","40,300,000","28,900,000","30,800,000","32,800,000","32,900,000","23,700,000","32,900,000","31,000,000","31,700,000","27,200,000","21,100,000","24,800,000","28,500,000","25,500,000","27,800,000","22,100,000","22,000,000","24,100,000","21,100,000","20,200,000","23,600,000","20,400,000","21,600,000","20,200,000","22,100,000","15,200,000","15,700,000","16,100,000","15,900,000","11,600,000","10,200,000","10,200,000","10,600,000","4,900,000","8,900,000","11,700,000","11,800,000","11,500,000","11,800,000",,,,,,,,,,,,,,,,
TaxProvision,"166,892,000","39,314,000","42,273,000","42,424,000","42,881,000","39,321,000","37,974,000","38,891,000","33,466,000","29,129,000","36,967,000","25,307,000","27,532,000","57,196,000","18,074,000","18,046,000","18,961,000","13,184,000","34,958,000","17,088,000","20,714,000","18,071,000","18,336,000","17,049,000","15,460,000","14,389,000","-10,987,000","10,179,000","12,474,000","12,272,000","7,827,000","10,654,000","11,751,000","830,000","16,061,000","7,143,000","10,961,000","12,814,000","14,702,000","22,402,000","14,366,000","15,278,000","7,528,000","13,696,000","25,205,000","17,103,000","15,322,000","14,168,000","14,081,000","12,200,000","14,739,000","13,950,000","6,557,000","16,238,000","-2,945,000","-1,159,000","9,290,000","11,748,000","6,128,000","11,373,000","12,526,000","21,671,000","13,095,000","-65,000","11,911,000","14,943,000","11,054,000","17,660,000","18,779,000","19,285,000","16,784,000","18,444,000","19,114,000","19,855,000","20,153,000","20,475,000","19,618,000","19,490,000","16,231,000","16,799,000","17,437,000","14,213,000","12,922,000","16,860,000","17,279,000","17,090,000","14,326,000","13,768,000","13,049,000","13,921,000","9,700,000","13,300,000","13,600,000","15,000,000","3,600,000","6,600,000","8,400,000","9,600,000","1,900,000","11,000,000","10,500,000","10,800,000","9,200,000","6,700,000","8,000,000","10,100,000","9,000,000","9,700,000","11,500,000","7,300,000","8,200,000","7,000,000","6,700,000","8,100,000","7,000,000","8,100,000","7,100,000","7,500,000","5,100,000","5,100,000","5,500,000","5,600,000","3,400,000","3,000,000","3,000,000","3,100,000","1,100,000","2,400,000","3,400,000","3,400,000","3,000,000","3,100,000",,,,,,,,,,,,,,,,
NetIncomeCommonStockholders,"462,170,000","113,556,000","111,866,000","119,408,000","117,340,000","112,538,000","102,191,000","99,202,000","92,429,000","84,096,000","34,932,000","78,719,000","73,296,000","110,158,000","73,930,000","66,387,000","69,630,000","38,793,000","22,926,000","36,966,000","48,268,000","44,298,000","48,293,000","41,045,000","37,230,000","34,390,000","2,875,000","33,937,000","31,991,000","30,341,000","25,135,000","27,682,000","29,520,000","33,835,000","39,608,000","27,121,000","33,922,000","31,310,000","36,829,000","39,447,000","32,820,000","34,531,000","24,817,000","35,357,000","36,894,000","36,585,000","38,158,000","32,639,000","33,010,000","27,363,000","28,570,000","25,599,000","9,208,000","33,160,000","14,840,000","3,595,000","41,483,000","31,583,000","27,661,000","36,454,000","39,679,000","49,434,000","38,112,000","43,882,000","40,786,000","40,911,000","44,248,000","41,942,000","38,991,000","38,268,000","39,851,000","39,386,000","36,729,000","38,432,000","38,369,000","39,336,000","37,729,000","37,982,000","37,164,000","38,956,000","39,896,000","38,600,000","36,077,000","36,005,000","34,559,000","28,563,000","26,788,000","26,383,000","26,660,000","26,943,000","27,100,000","27,300,000","25,400,000","25,300,000","25,300,000","24,200,000","24,400,000","23,300,000","21,800,000","21,900,000","20,500,000","20,900,000","18,000,000","14,400,000","16,800,000","18,400,000","16,500,000","18,100,000","10,600,000","14,700,000","15,900,000","14,100,000","13,500,000","15,500,000","13,400,000","13,500,000","13,100,000","14,200,000","10,100,000","10,600,000","10,600,000","10,300,000","8,200,000","7,200,000","7,200,000","7,500,000","3,800,000","6,500,000","8,300,000","8,400,000","8,500,000","8,700,000",,,,,,,,,,,,,,,,
	NetIncome,"474,858,000","116,728,000","115,038,000","122,580,000","120,512,000","115,710,000","105,363,000","102,374,000","95,601,000","87,268,000","38,104,000","81,891,000","76,468,000","113,330,000","77,102,000","69,559,000","72,802,000","41,965,000","26,098,000","39,649,000","50,065,000","46,095,000","50,090,000","42,842,000","39,027,000","36,187,000","4,671,000","35,954,000","31,991,000","30,341,000","25,135,000","27,682,000","29,520,000","33,835,000","39,608,000","27,121,000","33,922,000","31,310,000","36,829,000","39,447,000","32,820,000","34,531,000","24,817,000","35,357,000","36,894,000","36,585,000","38,158,000","32,639,000","33,010,000","27,363,000","32,098,000","31,582,000","14,997,000","37,384,000","16,930,000","3,595,000","41,483,000","31,583,000","27,661,000","36,454,000","39,679,000","49,434,000","38,112,000","43,882,000","40,786,000","40,911,000","44,248,000","41,942,000","38,991,000","38,268,000","39,851,000","39,386,000","36,729,000","38,432,000","38,369,000","39,336,000","37,729,000","37,982,000","37,164,000","38,956,000","39,896,000","38,600,000","36,077,000","36,005,000","34,559,000","28,563,000","26,788,000","26,383,000","26,660,000","26,943,000","27,100,000","27,300,000","25,400,000","25,300,000","25,300,000","24,200,000","24,400,000","23,300,000","21,800,000","21,900,000","20,500,000","20,900,000","18,000,000","14,400,000","16,800,000","18,400,000","16,500,000","18,100,000","10,600,000","14,700,000","15,900,000","14,100,000","13,500,000","15,500,000","13,400,000","13,500,000","13,100,000","14,200,000","10,100,000","10,600,000","10,600,000","10,300,000","8,200,000","7,200,000","7,200,000","7,500,000","3,800,000","6,500,000","8,300,000","8,400,000","8,500,000","8,700,000",,,,,,,,,,,,,,,,
		NetIncomeIncludingNoncontrollingInterests,"474,858,000","116,728,000","115,038,000","122,580,000","120,512,000","115,710,000","105,363,000","102,374,000","95,601,000","87,268,000","38,104,000","81,891,000","76,468,000","113,330,000","77,102,000","69,559,000","72,802,000","41,965,000","26,098,000","39,649,000","50,065,000","46,095,000","50,090,000","42,842,000","39,027,000","36,187,000","4,671,000","35,954,000","31,991,000","30,341,000","25,135,000","27,682,000","29,520,000","33,835,000","39,608,000","27,121,000","33,922,000","31,310,000","36,829,000","39,447,000","32,820,000","34,531,000","24,817,000","35,357,000","36,894,000","36,585,000","38,158,000","32,639,000","33,010,000","27,363,000","32,098,000","31,582,000","14,997,000","37,384,000","16,930,000","3,595,000","41,483,000","31,583,000","27,661,000","36,454,000","39,679,000","49,434,000","38,112,000","43,882,000","40,786,000","40,911,000","44,248,000","41,942,000","38,991,000","38,268,000","39,851,000","39,386,000","36,729,000","38,432,000","38,369,000","39,336,000","37,729,000","37,982,000","37,164,000","38,956,000","39,896,000","38,600,000","36,077,000","36,005,000","34,559,000","28,563,000","26,788,000","26,383,000","26,660,000","26,943,000","27,100,000","27,300,000","25,400,000","25,300,000","25,300,000","24,200,000","24,400,000","23,300,000","21,800,000","21,900,000","20,500,000","20,900,000","18,000,000","14,400,000","16,800,000","18,400,000","16,500,000","18,100,000","10,600,000","14,700,000","15,900,000","14,100,000","13,500,000","15,500,000","13,400,000","13,500,000","13,100,000","14,200,000","10,100,000","10,600,000","10,600,000","10,300,000","8,200,000","7,200,000","7,200,000","7,500,000","3,800,000","6,500,000","8,300,000","8,400,000","8,500,000","8,700,000","8,300,000","8,400,000","7,900,000","8,400,000","8,100,000","7,900,000","7,600,000","7,500,000","7,700,000","7,600,000","7,000,000","0","8,500,000","7,100,000","6,300,000","6,400,000"
			NetIncomeContinuousOperations,"474,858,000","116,728,000","115,038,000","122,580,000","120,512,000","115,710,000","105,363,000","102,374,000","95,601,000","87,268,000","38,104,000","81,891,000","76,468,000","113,330,000","77,102,000","69,559,000","72,802,000","41,965,000","26,098,000","39,649,000","50,065,000","46,095,000","50,090,000","42,842,000","39,027,000","36,187,000","4,671,000","35,954,000","31,991,000","30,341,000","25,135,000","27,682,000","29,520,000","33,835,000","39,608,000","27,121,000","33,922,000","31,310,000","36,829,000","39,447,000","32,820,000","34,531,000","24,817,000","35,357,000","36,894,000","36,585,000","38,158,000","32,639,000","33,010,000","27,363,000","32,098,000","31,582,000","14,997,000","37,384,000","16,930,000","3,595,000","41,483,000","31,583,000","27,661,000","36,454,000","39,679,000","49,434,000","38,112,000","43,882,000","40,786,000","40,911,000","44,248,000","41,942,000","38,991,000","38,268,000","39,851,000","39,386,000","36,729,000","38,432,000","38,369,000","39,336,000","37,729,000","37,982,000","37,164,000","38,956,000","39,896,000","38,600,000","36,077,000","36,005,000","34,559,000","28,563,000","26,788,000","26,383,000","26,660,000","26,943,000","27,100,000","27,300,000","25,400,000","25,300,000","25,300,000","24,200,000","24,400,000","23,300,000","21,800,000","21,900,000","20,500,000","20,900,000","18,000,000","14,400,000","16,800,000","18,400,000","16,500,000","18,100,000","10,600,000","14,700,000","15,900,000","14,100,000","13,500,000","15,500,000","13,400,000","13,500,000","13,100,000","14,600,000","10,100,000","10,600,000","10,600,000","10,300,000","8,200,000","7,200,000","7,200,000","7,500,000","3,800,000","6,500,000","8,300,000","8,400,000","8,500,000","8,700,000","8,300,000","8,400,000","7,900,000","8,400,000","8,100,000","7,900,000","7,600,000","7,500,000","7,700,000","7,600,000","7,000,000","0","8,500,000","7,100,000","6,300,000","6,400,000"
			NetIncomeExtraordinary,,,,,,,,,,,,,,,,,,,,,,,,,,,,,,,,,,,,,,,,,,,,,,,,,,,,,,,,,,,,,,,,,,,,,,,,,,,,,,,,,,,,,,,,,,,,,,,,,,,,,,,,,,,,,,,,,,,"0",,,"-400,000",,,,,,,,,,,,,,,,,,,,,,,,,,,,,,
	PreferredStockDividends,"12,688,000","3,172,000","3,172,000","3,172,000","3,172,000","3,172,000","3,172,000","3,172,000","3,172,000","3,172,000","3,172,000","3,172,000","3,172,000","3,172,000","3,172,000","3,172,000","3,172,000","3,172,000","3,172,000","2,683,000","1,797,000","1,797,000","1,797,000","1,797,000","1,797,000","1,797,000","1,796,000","2,017,000",,,,,,,,,,,,,,,,,,,,,,,"3,528,000","5,983,000","5,789,000","4,224,000","2,090,000",,,,,,,,,,,,,,,,,,,,,,,,,,,,,,,,,,,,,,,,,,,,,,,,,,,,,,,,,,,,,,,,,,,,,,,,,,,,,,,,,,,,,,,,,,,,,
	OtherunderPreferredStockDividend,,,,,,,,,,,,,,,,,,,,,,,,,,,,,,,,,,,,,,,,,,,,,,,,,,,,,"11,578,000",,,,,,,,,,,,,,,,,,,,,,,,,,,,,,,,,,,,,,,,,,,,,,,,,,,,,,,,,,,,,,,,,,,,,,,,,,,,,,,,,,,,,,,,,,,,,,,
DilutedNIAvailtoComStockholders,"462,170,000","113,556,000","111,866,000","119,408,000","117,340,000","112,538,000","102,191,000","99,202,000","92,429,000","84,096,000","34,932,000","78,719,000","73,296,000","110,158,000","73,930,000","66,387,000","69,630,000","38,793,000","22,926,000","36,966,000","48,268,000","44,298,000","48,293,000","41,045,000","37,230,000","34,390,000","2,875,000","33,937,000","31,991,000","30,341,000","25,135,000","27,682,000","29,520,000","33,835,000","39,608,000","27,121,000","33,922,000","31,310,000","36,829,000","39,447,000","32,820,000","34,531,000","24,817,000","35,357,000","36,894,000","36,585,000","38,158,000","32,639,000","33,010,000","27,363,000","28,570,000","25,599,000","9,208,000","33,160,000","14,840,000","3,595,000","41,483,000","31,583,000","27,661,000","36,454,000","39,679,000","49,434,000","38,112,000","43,882,000","40,786,000","40,911,000","44,248,000","41,942,000","38,991,000","38,268,000","39,851,000","39,386,000","36,729,000","38,432,000","38,369,000","39,336,000","37,729,000","37,982,000","37,164,000","38,956,000","39,896,000","38,600,000","36,077,000","36,005,000","34,559,000","28,563,000","26,788,000","26,383,000","26,660,000","26,943,000","27,100,000","27,300,000","25,400,000","25,300,000","25,300,000","24,200,000","24,400,000","23,300,000","21,800,000","21,900,000","20,500,000","20,900,000","18,000,000","14,400,000","16,800,000","18,400,000","16,500,000","18,100,000","10,600,000","14,700,000","15,900,000","14,100,000","13,500,000","15,500,000","13,400,000","13,500,000","13,100,000","14,200,000","10,100,000","10,600,000","10,600,000","10,300,000","8,200,000","7,200,000","7,200,000","7,500,000","3,800,000","6,500,000","8,300,000","8,400,000","8,500,000","8,700,000",,,,,,,,,,,,,,,,
BasicEPS,,"0.27","0.27","0.29","0.29","0.28","0.25","0.25","0.23","0.21","0.1","0.24","0.22","0.33","0.22","0.2","0.21","0.12","0.09","0.14","0.18","0.17","0.19","0.16","0.15","0.14","0.01","0.15","0.14","0.13","0.11","0.14","0.15","0.17","0.2","0.14","0.17","0.16","0.19","0.2","0.17","0.171","0.143","0.2","0.21","0.2","0.218","0.181","0.19","0.147","0.164","0.155","0.052","0.199","0.09","0.025","0.271","0.206",,"0.235","0.259","0.321",,"0.284","0.261","0.261",,"0.27","0.256","0.263",,"0.271","0.25","0.264",,"0.271","0.258","0.258",,"0.258","0.258","0.252",,"0.226","0.216","0.182",,"0.206","0.206","0.206",,"0.201","0.187","0.196",,"0.196","0.196","0.187",,"0.177","0.159","0.168",,"0.131","0.14","0.149",,"0.159","0.093","0.145",,"0.151","0.147","0.169",,"0.151","0.147","0.151",,"0.124","0.124","0.169",,"0.084","0.084","0.089",,"0.071","0.093","0.093",,"0.098",,"0.093",,,,"0.089",,,,"0.089",,,,"0.08",,
DilutedEPS,,"0.27","0.27","0.29","0.29","0.28","0.25","0.25","0.23","0.21","0.1","0.24","0.22","0.33","0.22","0.2","0.21","0.12","0.09","0.14","0.18","0.17","0.19","0.16","0.15","0.14","0.01","0.15","0.14","0.13","0.11","0.14","0.15","0.17","0.2","0.14","0.17","0.16","0.19","0.2","0.17","0.171","0.143","0.2","0.21","0.2","0.218","0.181","0.19","0.147","0.164","0.155","0.052","0.199","0.09","0.025","0.271","0.206",,"0.235","0.259","0.321",,"0.276","0.261","0.261",,"0.27","0.256","0.263",,"0.271","0.25","0.264",,"0.271","0.258","0.258",,"0.258","0.258","0.246",,"0.226","0.216","0.177",,"0.206","0.206","0.201",,"0.201","0.182","0.191",,"0.191","0.196","0.187",,"0.173","0.159","0.163",,"0.131","0.14","0.149",,"0.159","0.093","0.145",,"0.151","0.147","0.169",,"0.151","0.147","0.151",,"0.124","0.124","0.169",,"0.084","0.084","0.089",,"0.071","0.093","0.093",,"0.098",,"0.093",,,,"0.089",,,,"0.089",,,,"0.08",,
BasicAverageShares,,"421,573,843","411,775,590","406,824,160","405,963,209","405,152,605","403,872,459","403,833,469","403,790,242","403,519,088","355,821,005","331,797,982","331,748,552","331,601,260","331,492,648","331,486,500","331,318,381","330,727,416","264,332,895","264,058,174","263,958,292","263,797,024","256,422,437","254,473,994","254,381,170","254,075,349","239,916,562","232,737,953","232,565,404","232,338,775","221,471,635","200,614,091","200,472,592","200,128,384","199,613,524","199,445,874","199,244,243","198,924,995","197,795,817","197,437,988","197,246,322","206,777,269","178,694,710","178,507,768","178,335,521","187,062,418","177,897,360","177,636,138","177,459,767","186,136,986","172,593,808","167,916,579","164,155,894","164,122,798","164,058,890","163,883,790","153,098,943","153,021,505",,"153,111,070","153,525,466","154,292,423",,"156,651,487","156,635,260","156,593,998",,"156,548,411","153,850,338","146,119,538",,"145,789,530","145,765,786","145,676,731",,"145,382,331","145,512,614","146,846,549",,"151,008,450","153,130,893","154,533,630",,"158,681,583","158,894,934","158,685,285",,"128,284,572","129,327,158","132,383,830",,"136,114,363","136,138,930","129,145,178",,"123,530,170","124,551,081","124,883,349",,"123,558,020","129,265,573","124,466,354",,"110,259,723","120,059,176","123,275,816",,"114,132,042","113,626,766","101,663,918",,"93,392,465","92,128,268","91,858,874",,"89,418,318","89,398,542","94,054,311",,"85,255,788","85,255,788","89,652,504",,"85,339,441","85,339,441","84,450,035",,"91,487,750","89,008,795","90,081,190",,"89,056,326",,"89,730,568",,,,"89,676,160",,,,"89,676,160",,,,"89,676,160",,
DilutedAverageShares,,"423,506,550","414,472,820","409,238,001","408,660,778","407,636,765","405,799,507","404,788,526","404,631,845","405,424,123","358,864,876","333,405,196","332,959,802","332,834,466","332,856,385","333,000,242","332,895,483","332,465,527","265,288,067","264,936,220","264,778,242","264,546,266","256,952,036","254,940,307","254,771,213","254,347,420","239,972,546","232,780,219","232,586,616","232,341,921","221,471,635","200,614,091","200,472,592","200,128,384","199,613,524","199,445,874","199,244,243","198,924,995","197,795,817","197,437,988","197,250,168","206,810,010","178,695,174","178,508,382","178,345,557","187,070,927","177,900,441","177,637,391","177,464,316","186,139,926","172,595,408","167,917,002","164,156,906","164,122,807","164,132,297","164,056,116","153,236,650","153,180,431",,"153,536,693","154,146,172","154,967,255",,"157,454,325","157,338,326","157,140,024",,"157,083,815","154,433,712","146,814,135",,"146,439,758","146,440,252","146,485,090",,"146,290,632","146,311,302","147,529,741",,"151,914,286","154,116,029","155,627,009",,"160,013,842","159,745,844","160,127,857",,"129,551,689","130,651,369","133,536,068",,"136,114,363","139,629,956","132,295,305",,"126,543,335","124,551,081","124,883,349",,"126,897,107","129,265,573","128,022,822",,"110,259,723","120,059,176","123,275,816",,"114,132,042","113,626,766","101,663,918",,"93,392,465","92,128,268","91,858,874",,"89,418,318","89,398,542","94,054,311",,"85,255,788","85,255,788","89,652,504",,"85,339,441","85,339,441","84,450,035",,"91,487,750","89,008,795","90,081,190",,"89,056,326",,"89,730,568",,,,"89,676,160",,,,"89,676,160",,,,"89,676,160",,
NetIncomeFromContinuingAndDiscontinuedOperation,"474,858,000","116,728,000","115,038,000","122,580,000","120,512,000","115,710,000","105,363,000","102,374,000","95,601,000","87,268,000","38,104,000","81,891,000","76,468,000","113,330,000","77,102,000","69,559,000","72,802,000","41,965,000","26,098,000","39,649,000","50,065,000","46,095,000","50,090,000","42,842,000","39,027,000","36,187,000","4,671,000","35,954,000","31,991,000","30,341,000","25,135,000","27,682,000","29,520,000","33,835,000","39,608,000","27,121,000","33,922,000","31,310,000","36,829,000","39,447,000","32,820,000","34,531,000","24,817,000","35,357,000","36,894,000","36,585,000","38,158,000","32,639,000","33,010,000","27,363,000","32,098,000","31,582,000","14,997,000","37,384,000","16,930,000","3,595,000","41,483,000","31,583,000","27,661,000","36,454,000","39,679,000","49,434,000","38,112,000","43,882,000","40,786,000","40,911,000","44,248,000","41,942,000","38,991,000","38,268,000","39,851,000","39,386,000","36,729,000","38,432,000","38,369,000","39,336,000","37,729,000","37,982,000","37,164,000","38,956,000","39,896,000","38,600,000","36,077,000","36,005,000","34,559,000","28,563,000","26,788,000","26,383,000","26,660,000","26,943,000","27,100,000","27,300,000","25,400,000","25,300,000","25,300,000","24,200,000","24,400,000","23,300,000","21,800,000","21,900,000","20,500,000","20,900,000","18,000,000","14,400,000","16,800,000","18,400,000","16,500,000","18,100,000","10,600,000","14,700,000","15,900,000","14,100,000","13,500,000","15,500,000","13,400,000","13,500,000","13,100,000","14,600,000","10,100,000","10,600,000","10,600,000","10,300,000","8,200,000","7,200,000","7,200,000","7,500,000","3,800,000","6,500,000","8,300,000","8,400,000","8,500,000","8,700,000",,,,,,,,,,,,,,,,
NormalizedIncome,"488,498,837.133","118,822,554.03","120,214,713.656","123,290,308","126,544,412","115,856,216","116,014,191.737","103,508,625","97,058,547","87,177,250","61,485,170","82,012,476","76,882,540","64,838,200","76,587,587.018","71,702,800","74,863,800","60,129,309","26,098,000","39,649,000","50,065,000","46,095,000","50,065,110.923","42,620,350","38,744,896","36,194,150","34,716,600","36,388,682","31,847,200","30,140,928","21,212,469.814","27,622,074","29,322,660","33,979,448","31,392,411.863","27,920,920","33,409,432","31,500,280","33,659,323.204","42,318,354.331","33,024,490.315","34,508,815.415","24,150,251.724","35,227,978.268","36,799,100","37,108,343.764","34,676,831.675","32,584,609.802","34,293,500.244","27,303,519.728","28,345,226.594","32,008,577.572","16,690,546.349","38,776,261.534","17,142,550","3,300,550","41,170,077.994","31,272,498.096","33,261,310.782","36,745,924.687","37,458,860.952","36,889,353.407","36,269,923.721","43,774,600","40,142,829.307","40,148,505.801","14,723,729.63","50,598,228.684","38,295,816.86","37,640,317.829","39,331,005.491","38,846,596.369","36,274,516.197","37,893,304.51","37,776,307.064","34,898,689.271","35,934,887.265","36,271,646.854","35,751,078.94","37,864,631.118","38,809,059.634","37,299,032.435","41,494,550.685","35,038,555.377","33,301,654.539","25,035,560.533","26,501,316.145","26,095,849.717","26,267,911.557","26,438,609.95","26,658,152.174","27,031,034.483","24,878,974.359","24,860,545.906","24,424,567.474","23,178,571.429","23,209,756.098","22,520,972.644","21,156,118.143","20,768,389.058","20,500,000","20,900,000","18,000,000","14,400,000","16,800,000","18,400,000","16,500,000","18,100,000","10,600,000","14,700,000","15,900,000","14,100,000","13,500,000","15,368,644.068","13,400,000","13,500,000","13,100,000","14,600,000","10,100,000","10,600,000","10,600,000","10,300,000","8,200,000","7,200,000","7,200,000","7,500,000","3,800,000","6,500,000","8,300,000","8,400,000","8,500,000","8,700,000",,,,,,,,,,,,,,,,
InterestIncome,"1,335,724,000","338,782,000","338,165,000","327,296,000","331,481,000","329,927,000","331,591,000","334,659,000","345,433,000","360,392,000","340,890,000","326,090,000","324,947,000","317,050,000","311,033,000","293,060,000","276,390,000","265,556,000","217,639,000","208,993,000","209,010,000","196,965,000","199,297,000","189,591,000","187,712,000","184,117,000","184,050,000","173,032,000","174,138,000","169,246,000","169,372,000","153,937,000","155,774,000","151,248,000","155,376,000","152,262,000","150,866,000","151,353,000","161,153,000","165,364,000","165,184,000","172,385,000","165,129,000","170,074,000","166,203,000","165,763,000","162,815,000","168,907,000","169,906,000","167,756,000","168,969,000","174,788,000","178,112,000","181,802,000","179,877,000","191,000,000","175,899,000","176,184,000","173,561,000","183,159,000","181,156,000","179,129,000","177,587,000","181,165,000","174,326,000","168,397,000","173,154,000","162,820,000","152,068,000","139,163,000","137,304,000","132,431,000","125,676,000","123,515,000","124,186,000","120,840,000","126,040,000","126,431,000","126,652,000","131,253,000","131,357,000","128,158,000","131,987,000","136,889,000","140,407,000","144,202,000","117,254,000","116,720,000","114,407,000","112,472,000","110,800,000","107,900,000","105,800,000","97,700,000","111,400,000","93,200,000","92,500,000","92,600,000","92,300,000","92,700,000","91,800,000","91,500,000","80,400,000","83,800,000","79,800,000","80,300,000","79,100,000","79,200,000","79,800,000","66,100,000","73,500,000","58,200,000","56,000,000","55,200,000","56,200,000","57,700,000","55,300,000","55,200,000","53,800,000","56,200,000","56,300,000","56,700,000","58,000,000","48,600,000","46,500,000","45,900,000","43,600,000","44,400,000","43,500,000","42,800,000","43,100,000","42,100,000",,,,,,,,,,,,,,,,
InterestExpense,"107,983,000","22,789,000","24,678,000","27,775,000","32,741,000","39,131,000","46,138,000","54,257,000","65,966,000","98,454,000","105,232,000","108,636,000","107,508,000","101,576,000","92,541,000","80,241,000","69,366,000","59,897,000","48,537,000","46,796,000","42,187,000","36,587,000","36,700,000","37,057,000","37,573,000","37,444,000","37,548,000","40,730,000","39,577,000","38,899,000","42,296,000","40,791,000","39,745,000","39,014,000","40,787,000","42,110,000","42,483,000","42,997,000","44,440,000","45,408,000","44,787,000","46,677,000","48,258,000","49,704,000","50,124,000","50,927,000","51,949,000","52,852,000","54,161,000","55,098,000","59,438,000","62,213,000","67,708,000","73,511,000","79,204,000","75,768,000","73,321,000","80,602,000","86,245,000","88,745,000","85,375,000","82,957,000","86,797,000","83,608,000","75,989,000","69,856,000","68,750,000","61,111,000","52,228,000","44,570,000","41,359,000","37,660,000","34,290,000","33,298,000","47,153,000","35,209,000","33,285,000","33,275,000","37,217,000","40,218,000","39,910,000","40,379,000","44,768,000","52,930,000","57,778,000","63,177,000","52,179,000","51,930,000","50,496,000","48,151,000","45,700,000","42,400,000","41,500,000","37,700,000","47,000,000","37,600,000","37,500,000","37,900,000","39,500,000","39,100,000","38,400,000","39,100,000","37,400,000","36,800,000","35,700,000","35,600,000","35,800,000","35,800,000","37,100,000","28,500,000","29,000,000","23,400,000","21,300,000","20,100,000","21,100,000","22,200,000","22,100,000","22,800,000","23,900,000","26,900,000","28,600,000","28,700,000","31,500,000","26,600,000","24,700,000","25,200,000","24,300,000","24,600,000","23,800,000","23,400,000","23,600,000","23,400,000",,,,,,,,,,,,,,,,
NetInterestIncome,"1,227,741,000","315,993,000","313,487,000","299,521,000","298,740,000","290,796,000","285,453,000","280,402,000","279,467,000","261,938,000","235,658,000","217,454,000","217,439,000","215,474,000","218,492,000","212,819,000","207,024,000","205,659,000","169,102,000","162,197,000","166,823,000","160,378,000","162,597,000","152,534,000","150,139,000","146,673,000","146,502,000","132,302,000","134,561,000","130,347,000","127,076,000","113,146,000","116,029,000","112,234,000","114,589,000","110,152,000","108,383,000","108,356,000","116,713,000","119,956,000","120,397,000","125,708,000","116,871,000","120,370,000","116,079,000","114,836,000","110,866,000","116,055,000","115,745,000","112,658,000","109,531,000","112,575,000","110,404,000","108,291,000","100,673,000","115,232,000","102,578,000","95,582,000","87,316,000","94,414,000","95,781,000","96,172,000","90,790,000","97,557,000","98,337,000","98,541,000","104,404,000","101,709,000","99,840,000","94,593,000","95,945,000","94,771,000","91,386,000","90,217,000","77,033,000","85,631,000","92,755,000","93,156,000","89,435,000","91,035,000","91,447,000","87,779,000","87,219,000","83,959,000","82,629,000","81,025,000","65,075,000","64,790,000","63,911,000","64,321,000","65,100,000","65,500,000","64,300,000","60,000,000","64,400,000","55,600,000","55,000,000","54,700,000","52,800,000","53,600,000","53,400,000","52,400,000","43,000,000","47,000,000","44,100,000","44,700,000","43,300,000","43,400,000","42,700,000","37,600,000","44,500,000","34,800,000","34,700,000","35,100,000","35,100,000","35,500,000","33,200,000","32,400,000","29,900,000","29,300,000","27,700,000","28,000,000","26,500,000","22,000,000","21,800,000","20,700,000","19,300,000","19,800,000","19,700,000","19,400,000","19,500,000","18,700,000",,,,,,,,,,,,,,,,
ReconciledDepreciation,"75,690,000","18,783,000","19,209,000","18,416,000","19,282,000","19,854,000","19,757,000","20,744,000","21,555,000","20,204,000","19,893,000","17,783,000","16,612,000","17,109,000","11,996,000","11,281,000","11,153,000","11,540,000","8,857,000","8,357,000","8,851,000","8,796,000","8,713,000","8,828,000","8,951,000","9,266,000","8,317,000","7,215,000","7,248,000","7,471,000","7,924,000","6,747,000","7,390,000","7,323,000","7,537,000","7,017,000","6,864,000","6,552,000","7,611,000","7,204,000","7,030,000","6,415,000","6,519,000","7,341,000","5,851,000","5,984,000","5,001,000","6,466,000","6,462,000","5,642,000","6,622,000","4,920,000","4,456,000","6,205,000","5,788,000","2,425,000","6,108,000","7,531,000","1,326,000","6,567,000","7,323,000","7,562,000","-725,000","8,747,000","8,430,000","8,642,000","14,667,000","2,505,000","7,988,000","7,236,000","7,464,000","6,996,000","8,680,000","7,479,000","8,663,000","10,538,000","9,504,000","9,435,000","591,000","5,883,000","7,384,000","7,843,000","10,984,000","2,315,000","7,818,000","5,999,000","3,251,000","7,006,000","3,045,000","4,433,000","5,000,000","4,700,000","4,300,000","4,200,000","6,000,000","4,800,000","4,600,000","3,300,000","6,100,000","1,300,000","2,900,000","3,300,000","7,400,000","600,000","1,300,000","3,800,000","2,300,000","2,500,000","600,000","3,000,000","2,200,000","1,900,000","-300,000","4,200,000","4,600,000","4,200,000","5,000,000","1,900,000","1,900,000","2,500,000","1,800,000","1,600,000","1,700,000","1,300,000","1,200,000","1,200,000","1,100,000","1,100,000","1,000,000","1,000,000","400,000",,,,,,,,,,,,,,,,,
NetIncomeFromContinuingOperationNetMinorityInterest,"474,858,000","116,728,000","115,038,000","122,580,000","120,512,000","115,710,000","105,363,000","102,374,000","95,601,000","87,268,000","38,104,000","81,891,000","76,468,000","113,330,000","77,102,000","69,559,000","72,802,000","41,965,000","26,098,000","39,649,000","50,065,000","46,095,000","50,090,000","42,842,000","39,027,000","36,187,000","4,671,000","35,954,000","31,991,000","30,341,000","25,135,000","27,682,000","29,520,000","33,835,000","39,608,000","27,121,000","33,922,000","31,310,000","36,829,000","39,447,000","32,820,000","34,531,000","24,817,000","35,357,000","36,894,000","36,585,000","38,158,000","32,639,000","33,010,000","27,363,000","32,098,000","31,582,000","14,997,000","37,384,000","16,930,000","3,595,000","41,483,000","31,583,000","27,661,000","36,454,000","39,679,000","49,434,000","38,112,000","43,882,000","40,786,000","40,911,000","44,248,000","41,942,000","38,991,000","38,268,000","39,851,000","39,386,000","36,729,000","38,432,000","38,369,000","39,336,000","37,729,000","37,982,000","37,164,000","38,956,000","39,896,000","38,600,000","36,077,000","36,005,000","34,559,000","28,563,000","26,788,000","26,383,000","26,660,000","26,943,000","27,100,000","27,300,000","25,400,000","25,300,000","25,300,000","24,200,000","24,400,000","23,300,000","21,800,000","21,900,000","20,500,000","20,900,000","18,000,000","14,400,000","16,800,000","18,400,000","16,500,000","18,100,000","10,600,000","14,700,000","15,900,000","14,100,000","13,500,000","15,500,000","13,400,000","13,500,000","13,100,000","14,600,000","10,100,000","10,600,000","10,600,000","10,300,000","8,200,000","7,200,000","7,200,000","7,500,000","3,800,000","6,500,000","8,300,000","8,400,000","8,500,000","8,700,000",,,,,,,,,,,,,,,,
TotalUnusualItemsExcludingGoodwill,"-18,435,000","-2,800,000","-7,079,000","-956,000","-8,174,000","-196,000","-14,490,000","-1,565,000","-1,967,000","121,000","-32,029,000","-159,000","-564,000","72,920,000","635,000","-2,700,000","-2,600,000","-23,869,000",,,,,"34,000","310,000","394,000","-10,000","-50,076,000","-558,000","200,000","281,000","5,144,000","83,000","276,000","-148,000","11,547,000","-1,010,000","678,000","-268,000","4,435,000","-4,502,000","-294,000","32,000","869,000","179,000","146,000","-768,000","4,879,000","78,000","-1,831,000","86,000","5,476,000","-615,000","-2,434,000","-1,997,000","-327,000","453,000","383,000","426,000","-6,841,000","-383,000","2,921,000","18,044,000","2,475,000","179,000","831,000","1,041,000","36,900,000","-12,301,000","1,030,000","944,000","739,000","792,000","691,000","817,000","904,000","6,747,000","2,727,000","2,588,000","2,030,000","1,562,000","1,562,000","1,780,000","-7,358,000","1,419,000","1,886,000","5,638,000","440,000","437,000","584,000","765,000","600,000","400,000","800,000","700,000","1,000,000","1,300,000","1,600,000","1,100,000","700,000","1,700,000",,,,,,,,,,,,,,"200,000",,,,,,,,,,,,,,,,,,,,,,,,,,,,,,,,,,
TotalUnusualItems,"-18,435,000","-2,800,000","-7,079,000","-956,000","-8,174,000","-196,000","-14,490,000","-1,565,000","-1,967,000","121,000","-32,029,000","-159,000","-564,000","72,920,000","635,000","-2,700,000","-2,600,000","-23,869,000",,,,,"34,000","310,000","394,000","-10,000","-50,076,000","-558,000","200,000","281,000","5,144,000","83,000","276,000","-148,000","11,547,000","-1,010,000","678,000","-268,000","4,435,000","-4,502,000","-294,000","32,000","869,000","179,000","146,000","-768,000","4,879,000","78,000","-1,831,000","86,000","5,476,000","-615,000","-2,434,000","-1,997,000","-327,000","453,000","383,000","426,000","-6,841,000","-383,000","2,921,000","18,044,000","2,475,000","179,000","831,000","1,041,000","36,900,000","-12,301,000","1,030,000","944,000","739,000","792,000","691,000","817,000","904,000","6,747,000","2,727,000","2,588,000","2,030,000","1,562,000","1,562,000","1,780,000","-7,358,000","1,419,000","1,886,000","5,638,000","440,000","437,000","584,000","765,000","600,000","400,000","800,000","700,000","1,000,000","1,300,000","1,600,000","1,100,000","700,000","1,700,000",,,,,,,,,,,,,,"200,000",,,,,,,,,,,,,,,,,,,,,,,,,,,,,,,,,,
TaxRateForCalcs,"0.26","0.252","0.269","0.257","0.262","0.254","0.265","0.275","0.259","0.25","0.27","0.236","0.265","0.335","0.19","0.206","0.207","0.239","0.4","0.301","0.293","0.282","0.268","0.285","0.284","0.285","0.4","0.221","0.281","0.288","0.237","0.278","0.285","0.024","0.289","0.208","0.244","0.29","0.285","0.362","0.304","0.307","0.233","0.279","0.35","0.319","0.287","0.303","0.299","0.308","0.315","0.306","0.304","0.303","0.35","0.35","0.183","0.271","0.181","0.238","0.24","0.305","0.256","0.4","0.226","0.268","0.2","0.296","0.325","0.335","0.296","0.319","0.342","0.341","0.344","0.342","0.342","0.339","0.304","0.301","0.304","0.269","0.264","0.319","0.333","0.374","0.348","0.343","0.329","0.341","0.264","0.328","0.349","0.372","0.125","0.214","0.256","0.292","0.08","0.334","0.339","0.341","0.338","0.318","0.323","0.354","0.353","0.349","0.4","0.332","0.34","0.332","0.332","0.343","0.343","0.375","0.351","0.339","0.336","0.325","0.342","0.352","0.293","0.294","0.294","0.292","0.224","0.27","0.291","0.288","0.261","0.263",,,,,,,,,,,,,,,,
TaxEffectOfUnusualItems,"-4,794,162.867","-705,445.97","-1,902,286.344","-245,692","-2,141,588","-49,784","-3,838,808.263","-430,375","-509,453","30,250","-8,647,830","-37,524","-149,460","24,428,200","120,587.018","-556,200","-538,200","-5,704,691","0","0","0","0","9,110.923","88,350","111,896","-2,850","-20,030,400","-123,318","56,200","80,928","1,221,469.814","23,074","78,660","-3,552","3,331,411.863","-210,080","165,432","-77,720","1,265,323.204","-1,630,645.669","-89,509.685","9,815.415","202,251.724","49,978.268","51,100","-244,656.236","1,397,831.675","23,609.802","-547,499.756","26,519.728","1,723,226.594","-188,422.428","-740,453.651","-604,738.466","-114,450","158,550","70,077.994","115,498.096","-1,240,689.218","-91,075.313","700,860.952","5,499,353.407","632,923.721","71,600","187,829.307","278,505.801","7,375,729.63","-3,644,771.316","334,816.86","316,317.829","219,005.491","252,596.369","236,516.197","278,304.51","311,307.064","2,309,689.271","932,887.265","877,646.854","617,078.94","470,631.118","475,059.634","479,032.435","-1,940,449.315","452,555.377","628,654.539","2,110,560.533","153,316.145","149,849.717","191,911.557","260,609.95","158,152.174","131,034.483","278,974.359","260,545.906","124,567.474","278,571.429","409,756.098","320,972.644","56,118.143","568,389.058","0","0","0","0","0","0","0","0","0","0","0","0","0","68,644.068","0","0","0","0","0","0","0","0","0","0","0","0","0","0","0","0","0","0",,,,,,,,,,,,,,,,