name,ttm,03/31/2022,12/31/2021,09/30/2021,06/30/2021,03/31/2021,12/31/2020,09/30/2020,06/30/2020,03/31/2020,12/31/2019,09/30/2019,06/30/2019,03/31/2019,12/31/2018,09/30/2018,06/30/2018,03/31/2018,12/31/2017,09/30/2017,06/30/2017,03/31/2017,12/31/2016,09/30/2016,06/30/2016,03/31/2016,12/31/2015,09/30/2015,06/30/2015,03/31/2015,12/31/2014,09/30/2014,06/30/2014,03/31/2014,12/31/2013,09/30/2013,06/30/2013,03/31/2013,12/31/2012,09/30/2012,06/30/2012,03/31/2012,12/31/2011,09/30/2011,06/30/2011,03/31/2011,12/31/2010,09/30/2010,06/30/2010,03/31/2010,12/31/2009,09/30/2009,06/30/2009,03/31/2009,12/31/2008,09/30/2008,06/30/2008,03/31/2008,12/31/2007,09/30/2007,06/30/2007,03/31/2007,12/31/2006,09/30/2006,06/30/2006,03/31/2006,12/31/2005,09/30/2005,06/30/2005,03/31/2005,12/31/2004,09/30/2004,06/30/2004,03/31/2004,12/31/2003,09/30/2003,06/30/2003,03/31/2003,12/31/2002,09/30/2002,06/30/2002,03/31/2002,12/31/2001,09/30/2001,06/30/2001,03/31/2001,12/31/2000,09/30/2000,06/30/2000,03/31/2000,12/31/1999,09/30/1999,06/30/1999,03/31/1999,12/31/1998,09/30/1998,06/30/1998,03/31/1998,12/31/1997,09/30/1997,06/30/1997,03/31/1997,12/31/1996,09/30/1996,06/30/1996,03/31/1996,12/31/1995,09/30/1995,06/30/1995,03/31/1995,12/31/1994,09/30/1994,06/30/1994,03/31/1994
TotalRevenue,"352,323,000","99,099,000","88,233,000","83,744,000","81,247,000","76,093,000","81,205,000","77,650,000","72,650,000","82,057,000","-45,659,000","131,884,000","130,461,000","134,249,000","132,936,000","132,114,000","126,589,000","138,967,000","143,529,000","160,018,000","162,766,000","149,887,000","153,731,000","157,517,000","149,227,000","152,923,000","146,443,000","146,158,000","148,567,000","153,715,000","151,414,000","155,489,000","160,300,000","169,596,000","165,267,000","162,505,000","177,938,000","181,832,000","170,089,000","173,212,000","178,462,000","182,980,000","179,687,000","177,155,000","181,107,000","186,330,000","192,156,000","197,956,000","202,785,000","195,893,000","194,904,000","193,617,000","189,338,000","186,666,000","186,100,000","204,363,000","192,793,000","194,713,000","201,682,000","212,881,000","200,530,000","193,739,000","198,172,000","203,217,000","194,325,000","163,476,000","162,481,000","164,009,000","163,466,000","153,449,000","149,333,000","151,771,000","146,725,000","145,895,000","145,593,000","147,386,000","145,589,000","148,269,000","141,619,000","143,408,000","141,458,000","141,824,000","143,512,000","145,912,000","148,418,000","146,506,000","143,903,000","143,382,000","145,889,000","142,979,000","140,484,000","139,100,000","137,000,000","134,900,000","134,899,000","130,900,000","122,000,000","105,800,000","74,501,000","62,600,000","60,500,000","52,100,000","26,672,000","22,500,000","21,000,000","25,300,000","17,500,000","15,800,000","15,200,000","13,900,000","4,300,000","4,200,000","4,200,000","4,200,000"
	OperatingRevenue,"317,883,000","72,312,000","86,005,000","81,839,000","77,727,000","72,437,000","78,914,000","73,651,000","71,353,000","80,333,000","-47,557,000","129,218,000","127,971,000","132,081,000","130,331,000","129,826,000","123,716,000","135,681,000","140,103,000","156,542,000","159,787,000","147,068,000","152,158,000","155,793,000","148,334,000","151,316,000","145,533,000","145,016,000","147,339,000","152,378,000","150,308,000","154,842,000","159,451,000","168,425,000","163,919,000","161,378,000","177,339,000","180,079,000","151,793,000","173,212,000","178,462,000","182,980,000","179,687,000","177,155,000","181,107,000","186,330,000","192,156,000","197,956,000","202,785,000","195,893,000","194,904,000","193,617,000","189,338,000","186,666,000","186,100,000","204,363,000","192,793,000","195,269,000","207,665,000","212,307,000","200,405,000","193,125,000","203,726,000","203,731,000","194,724,000","163,476,000","162,595,000","164,581,000","164,028,000","153,544,000","149,149,000","151,870,000","147,910,000","147,409,000","145,593,000","147,386,000","151,594,000","150,363,000","146,183,000","146,069,000","145,992,000","141,824,000","141,325,000","145,912,000","148,418,000","146,506,000","143,903,000","143,382,000","145,889,000","145,227,000","142,441,000","139,100,000","137,000,000","134,900,000","134,900,000","130,900,000","122,000,000","105,800,000","74,500,000","62,600,000","60,500,000","52,100,000","26,672,000","22,500,000","21,000,000","25,300,000","17,500,000","15,800,000","15,200,000","13,900,000","4,300,000","4,200,000","4,200,000","4,200,000"
CostOfRevenue,"150,199,000","37,521,000","38,926,000","36,076,000","37,676,000","34,691,000","37,775,000","36,656,000","32,404,000","34,575,000","-18,796,000","55,285,000","54,193,000","56,756,000","52,738,000","57,177,000","52,820,000","61,419,000","59,004,000","65,299,000","64,565,000","65,867,000","66,582,000","66,647,000","63,606,000","70,382,000","66,909,000","63,523,000","66,861,000","74,894,000","70,100,000","71,307,000","72,359,000","88,563,000","74,769,000","70,628,000","74,337,000","80,506,000","141,046,000","46,481,000","46,626,000","68,887,000","49,107,000","50,448,000","48,319,000","79,548,000","80,580,000","88,973,000","91,805,000","81,635,000","76,581,000","73,934,000","70,796,000","76,004,000","67,010,000","85,126,000","81,266,000",,,,,,,,,,,,,,,,,,,,,,,,,,,,,,,,,,,,,,,,,,,,,,,,,,,,,,,,,
GrossProfit,"202,124,000","61,578,000","49,307,000","47,668,000","43,571,000","41,402,000","43,430,000","40,994,000","40,246,000","47,482,000","-26,863,000","76,599,000","76,268,000","77,493,000","80,198,000","74,937,000","73,769,000","77,548,000","84,525,000","94,719,000","98,201,000","84,020,000","87,149,000","90,870,000","85,621,000","82,541,000","79,534,000","82,635,000","81,706,000","78,821,000","81,314,000","84,182,000","87,941,000","81,033,000","90,498,000","91,877,000","103,601,000","101,326,000","29,043,000","126,731,000","131,836,000","114,093,000","130,580,000","126,707,000","132,788,000","106,782,000","111,576,000","108,983,000","110,980,000","114,258,000","118,323,000","119,683,000","118,542,000","110,662,000","119,090,000","119,237,000","111,527,000",,,,,,,,,,,,,,,,,,,,,,,,,,,,,,,,,,,,,,,,,,,,,,,,,,,,,,,,,
OperatingExpense,"172,643,000","45,989,000","39,059,000","40,636,000","46,960,000","42,162,000","40,864,000","60,615,000","44,583,000","49,614,000","1,984,000","62,126,000","66,321,000","61,381,000","59,152,000","57,433,000","54,868,000","57,382,000","61,127,000","65,515,000","70,253,000","59,223,000","65,013,000","62,124,000","56,214,000","55,312,000","55,614,000","57,769,000","54,353,000","51,813,000","64,761,000","54,648,000","58,384,000","67,866,000","58,091,000","58,245,000","61,579,000","58,521,000","-12,170,000","82,725,000","84,789,000","58,629,000","81,215,000","71,684,000","81,880,000","56,777,000","56,165,000","56,970,000","56,132,000","57,011,000","61,981,000","61,648,000","60,367,000","58,354,000","60,970,000","60,009,000","58,823,000","142,908,000","149,747,000","157,142,000","145,856,000","139,339,000","146,802,000","146,511,000","132,016,000","108,362,000","108,710,000","108,778,000","102,368,000","95,678,000","92,328,000","89,267,000","87,458,000","84,154,000","85,169,000","83,836,000","80,954,000","83,091,000","78,916,000","76,819,000","76,642,000","72,319,000","72,168,000","75,161,000","72,702,000","74,616,000","73,745,000","100,883,000","78,901,000","71,120,000","489,640,000","-65,700,000","-80,200,000","-62,400,000","419,092,000","-61,800,000","-55,700,000","-53,500,000","252,556,000","-28,200,000","-30,900,000","-26,500,000","82,174,000","-10,600,000","-10,200,000","-9,900,000","-9,100,000","-8,400,000","-8,000,000","-7,400,000",,,,
	SellingGeneralAndAdministration,"62,684,000","19,475,000","13,851,000","11,292,000","18,067,000","13,989,000","11,636,000","28,945,000","17,242,000","15,818,000","16,904,000","12,588,000","16,969,000","13,335,000","12,828,000","11,620,000","13,455,000","16,085,000","13,726,000","13,140,000","12,491,000","11,592,000","12,968,000","14,007,000","12,755,000","12,249,000","12,478,000","13,670,000","11,988,000","11,011,000","23,950,000","12,665,000","13,673,000","22,881,000","10,447,000","12,151,000","13,157,000","12,017,000","12,525,000","12,638,000","11,898,000","10,807,000","9,003,000","8,683,000","9,226,000","8,629,000","8,939,000","8,992,000","8,658,000","8,414,000","9,256,000","9,818,000","10,651,000","10,082,000","10,885,000","10,767,000","11,237,000","11,095,000","14,811,000","13,411,000","12,870,000","11,071,000","16,281,000","12,173,000","11,957,000","8,959,000","9,202,000","8,114,000","8,347,000","7,427,000","9,129,000","7,568,000","8,689,000","6,444,000","9,128,000","8,661,000","6,914,000","6,758,000","6,921,000","5,525,000","7,903,000","6,705,000","6,857,000","8,767,000","6,856,000","6,010,000","6,543,000","5,461,000","5,159,000","6,113,000","5,680,000","5,900,000","5,800,000","8,100,000","6,872,000","6,100,000","6,400,000",,"5,262,000","3,700,000",,,"2,400,000","1,400,000","1,100,000","900,000","900,000","900,000","1,000,000","900,000",,,,
		GeneralAndAdministrativeExpense,"62,684,000","19,475,000","13,851,000","11,292,000","18,067,000","13,989,000","11,636,000","28,945,000","17,242,000","15,818,000","16,904,000","12,588,000","16,969,000","13,335,000","12,828,000","11,620,000","13,455,000","16,085,000","13,726,000","13,140,000","12,491,000","11,592,000","12,968,000","14,007,000","12,755,000","12,249,000","12,478,000","13,670,000","11,988,000","11,011,000","23,950,000","12,665,000","13,673,000","22,881,000","10,447,000","12,151,000","13,157,000","12,017,000","12,525,000","12,638,000","11,898,000","10,807,000",,"8,683,000","9,226,000","8,629,000","8,939,000","8,992,000","8,658,000","8,414,000","9,256,000","9,818,000","10,651,000","10,082,000","10,885,000","10,767,000","11,237,000","11,095,000","14,811,000","13,411,000","12,870,000","11,071,000","16,281,000","12,173,000","11,957,000","8,959,000","9,202,000","8,114,000","8,347,000","7,427,000","9,129,000","7,568,000","8,689,000","6,444,000","9,128,000","8,661,000","6,914,000","6,758,000","6,921,000","5,525,000","7,903,000","6,705,000","6,857,000","8,767,000","6,856,000","6,010,000","6,543,000","5,461,000","5,159,000","6,113,000","5,680,000","5,900,000","5,800,000","8,100,000","6,872,000","6,100,000","6,400,000",,"5,262,000","3,700,000",,,,"1,400,000","1,100,000","900,000","900,000","900,000","1,000,000","900,000",,,,
			SalariesAndWages,,,,,,,,,,,"443,000","534,000","542,000","742,000",,,,,,,,,,,,,,,,,,,,,,,,,,,,,,,,,,,,,,,,,,,,"11,095,000","14,811,000","13,411,000","12,870,000","11,071,000","16,281,000","12,173,000","5,360,000","8,959,000","9,202,000","8,114,000","8,347,000","7,427,000","9,129,000","7,568,000","8,689,000","6,444,000","9,128,000","8,661,000","6,914,000","6,758,000","6,921,000","5,525,000","7,903,000","6,705,000","6,857,000","8,767,000","6,856,000","6,010,000","6,543,000","5,461,000","5,159,000","6,113,000","5,680,000","5,900,000","5,800,000","8,100,000","6,900,000","6,100,000","6,400,000",,"5,300,000","3,700,000",,,,"1,400,000","1,100,000","900,000","900,000","900,000","1,000,000","900,000",,,,
			OtherGandA,"62,684,000","19,475,000","13,851,000","11,292,000","18,067,000","13,989,000","11,636,000","28,945,000","17,242,000","15,818,000","16,461,000","12,054,000","16,427,000","12,593,000","12,828,000","11,620,000","13,455,000","16,085,000","13,726,000","13,140,000","12,491,000","11,592,000","12,968,000","14,007,000","12,755,000","12,249,000","12,478,000","13,670,000","11,988,000","11,011,000","23,950,000","12,665,000","13,673,000","22,881,000","10,447,000","12,151,000","13,157,000","12,017,000",,,,,,,,,,,,,,,,,,,,,,,,,,,"6,597,000",,,,,,,,,,,,,,,,,,,,,,,,,,,,,,,,,,,,,,,,,,,,,,,,,
	DepreciationAmortizationDepletionIncomeStatement,"109,959,000","26,514,000","25,208,000","29,344,000","28,893,000","28,173,000","29,228,000","31,670,000","27,341,000","33,796,000","-14,920,000","49,538,000","49,352,000","48,046,000","46,324,000","45,813,000","41,413,000","41,297,000","47,401,000","52,375,000","57,762,000","47,631,000","52,045,000","48,117,000","43,459,000","43,063,000","43,136,000","44,099,000","42,365,000","40,802,000","40,811,000","41,983,000","44,711,000","44,985,000","47,644,000","46,094,000","48,422,000","46,504,000","45,366,000","47,829,000","47,991,000","47,822,000","48,673,000","48,498,000","48,268,000","48,148,000","47,226,000","47,978,000","47,474,000","48,597,000","52,725,000","51,830,000","49,716,000","48,272,000","50,085,000","49,242,000","47,586,000","47,722,000","48,500,000","49,790,000","43,823,000","41,514,000","43,879,000","40,132,000","42,610,000","39,502,000","40,283,000","40,748,000","38,532,000","35,807,000","34,589,000","33,115,000","32,651,000","31,123,000","31,091,000","29,511,000","29,354,000","29,201,000","28,738,000","29,300,000","27,522,000","23,953,000","23,507,000","22,529,000","21,951,000","23,484,000","23,641,000","23,320,000","22,945,000","22,182,000",,,,,,,,,,,,,,,,,,,,,,,,
		DepreciationAndAmortizationInIncomeStatement,"109,959,000","26,514,000","25,208,000","29,344,000","28,893,000","28,173,000","29,228,000","31,670,000","27,341,000","33,796,000","-14,920,000","49,538,000","49,352,000","48,046,000","46,324,000","45,813,000","41,413,000","41,297,000","47,401,000","52,375,000","57,762,000","47,631,000","52,045,000","48,117,000","43,459,000","43,063,000","43,136,000","44,099,000","42,365,000","40,802,000","40,811,000","41,983,000","44,711,000","44,985,000","47,644,000","46,094,000","48,422,000","46,504,000","45,366,000","47,829,000","47,991,000","47,822,000","48,673,000","48,498,000","48,268,000","48,148,000","47,226,000","47,978,000","47,474,000","48,597,000","52,725,000","51,830,000","49,716,000","48,272,000","50,085,000","49,242,000","47,586,000","47,722,000","48,500,000","49,790,000","43,823,000","41,514,000","43,879,000","40,132,000","42,610,000","39,502,000","40,283,000","40,748,000","38,532,000","35,807,000","34,589,000","33,115,000","32,651,000","31,123,000","31,091,000","29,511,000","29,354,000","29,201,000","28,738,000","29,300,000","27,522,000","23,953,000","23,507,000","22,529,000","21,951,000","23,484,000","23,641,000","23,320,000","22,945,000","22,182,000",,,,,,,,,,,,,,,,,,,,,,,,
	OtherTaxes,,,,,,,,,,,,,,,,,,,,,,,"21,129,000","20,606,000","22,418,000","23,226,000","19,683,000","19,143,000","21,410,000","22,452,000","20,870,000",,,"24,351,000","23,519,000","20,572,000","21,001,000",,"23,316,000","22,258,000","24,900,000",,"23,539,000","14,503,000","24,386,000",,,,,,,,,,,,,"-144,056,000","-155,665,000","-157,142,000","-145,856,000","-139,339,000","-141,446,000","-151,268,000","-132,862,000",,"-108,710,000","-108,778,000","-102,368,000","-95,678,000","-95,780,000","-89,878,000","-87,458,000","-84,154,000",,,"-80,954,000","-83,091,000","-78,916,000","-76,819,000","-76,642,000",,"-72,168,000",,,,,,,"-71,120,000","-53,240,000","-71,600,000","-86,000,000","-70,500,000","-70,600,000","-67,900,000","-62,100,000","-53,500,000","-85,500,000","-31,900,000","-30,900,000","-26,500,000",,"-12,000,000","-11,300,000","-10,800,000","-10,000,000","-9,300,000","-9,000,000","-8,300,000",,,,
	OtherOperatingExpenses,,,,,,,,,,,,,,,,,,,,,,,,,,,,,,,,,,,,,,,,,,,,,,,,,,,,,,,,"85,126,000",,"228,147,000","242,101,000","251,083,000","235,019,000","226,093,000","228,088,000","245,474,000","210,311,000","59,901,000","167,935,000","168,694,000","157,857,000","148,122,000","144,390,000","138,462,000","133,576,000","130,741,000","44,950,000","45,664,000","125,640,000","130,223,000","122,173,000","118,813,000","117,859,000","41,661,000","113,972,000","43,865,000","43,895,000","45,122,000","43,561,000","72,102,000","50,797,000","113,945,000",,,,,,,,,,,,,,,,,,,,,,,,
OperatingIncome,"29,481,000","15,589,000","10,248,000","7,032,000","-3,389,000","-760,000","2,566,000","-19,621,000","-4,337,000","-2,132,000","-28,847,000","14,473,000","9,947,000","16,112,000","21,046,000","17,504,000","18,901,000","20,166,000","23,398,000","29,204,000","27,948,000","24,797,000","22,136,000","28,746,000","29,407,000","27,229,000","23,920,000","24,866,000","27,353,000","27,008,000","16,553,000","29,534,000","29,557,000","13,167,000","32,407,000","33,632,000","42,022,000","42,805,000","41,213,000","44,006,000","47,047,000","55,464,000","49,365,000","55,023,000","50,908,000","50,005,000","55,411,000","52,013,000","54,848,000","57,247,000","56,342,000","58,035,000","58,175,000","52,308,000","58,120,000","59,228,000","52,704,000","51,805,000","51,935,000","55,739,000","54,674,000","54,400,000","51,370,000","56,706,000","62,309,000","55,114,000","53,771,000","55,231,000","61,098,000","57,771,000","57,005,000","62,504,000","59,267,000","61,741,000","60,424,000","63,550,000","64,635,000","65,178,000","62,703,000","66,589,000","64,816,000","69,505,000","71,344,000","70,751,000","75,716,000","71,890,000","70,158,000","42,499,000","66,988,000","71,859,000","-349,156,000","204,800,000","217,200,000","197,300,000","-284,193,000","192,700,000","177,700,000","159,300,000","-178,055,000","90,800,000","91,400,000","78,600,000","-55,502,000","33,100,000","31,200,000","35,200,000","26,600,000","24,200,000","23,200,000","21,300,000","13,100,000","4,200,000","4,200,000","4,200,000"
NetNonOperatingInterestIncomeExpense,"-61,942,000","-14,867,000","-10,684,000","-19,931,000","-16,459,000","-17,593,000","-19,195,000","-20,262,000","-20,605,000","-20,886,000","-17,946,000","-23,261,000","-23,000,000","-23,950,000","-22,817,000","-20,243,000","-18,358,000","-18,947,000","-21,082,000","-24,872,000","-24,821,000","-19,847,000","-21,856,000","-22,971,000","-22,786,000","-25,662,000","-24,143,000","-24,684,000","-26,482,000","-26,948,000","-26,021,000","-26,445,000","-27,237,000","-29,560,000","-30,010,000","-30,749,000","-30,177,000","-29,863,000","-29,576,000","-30,503,000","-31,638,000","-30,616,000","-31,775,000","-31,479,000","-31,353,000","-31,329,000","-35,969,000","-36,907,000","-37,317,000","-39,348,000","-38,903,000","-35,881,000","-33,321,000","-32,597,000","-32,912,000","-30,906,000","-31,038,000",,,,,,,,,,,,,,,,,,,,,,,,,,,,,,,,,,,,,,,,,,,,,,,,,,,,,,,,,
	InterestIncomeNonOperating,"665,000","158,000","5,144,000",,"95,000","17,000","1,000","3,000","7,000","32,000","884,000","189,000","515,000","824,000","769,000","851,000","641,000","1,128,000","1,408,000","762,000","122,000","474,000","875,000","1,262,000","146,000","-669,000","231,000","5,000","291,000","267,000","1,399,000","908,000","922,000","386,000","1,616,000","187,000","1,094,000","6,000","8,000","7,000","7,000","13,000","9,000","10,000","10,000","10,000","13,000","34,000","18,000","21,000","20,000","167,000","187,000","197,000","270,000","257,000","302,000",,,,,,,,,,,,,,,,,,,,,,,,,,,,,,,,,,,,,,,,,,,,,,,,,,,,,,,,,
	InterestExpenseNonOperating,"62,607,000","15,025,000","11,208,000","19,931,000","16,554,000","17,610,000","19,196,000","20,265,000","20,612,000","20,918,000","18,830,000","23,450,000","23,515,000","24,774,000","23,586,000","21,094,000","18,999,000","20,075,000","22,490,000","25,634,000","24,943,000","20,321,000","22,731,000","24,233,000","22,932,000","25,662,000","24,374,000","24,689,000","26,773,000","27,215,000","27,420,000","27,353,000","28,159,000","29,946,000","31,626,000","30,936,000","31,271,000","29,869,000","29,584,000","30,510,000","31,645,000","30,629,000","31,784,000","31,489,000","31,363,000","31,339,000","35,982,000","36,941,000","37,335,000","39,369,000","38,923,000","36,048,000","33,508,000","32,794,000","33,182,000","31,163,000","31,340,000",,,,,,,,,,,,,,,,,,,,,,,,,,,,,,,,,,,,,,,,,,,,,,,,,,,,,,,,,
OtherIncomeExpense,"-100,865,000","-5,249,000","-22,875,000","-13,682,000","-59,059,000","-1,869,000","52,315,000","-36,501,000","-17,792,000","-9,073,000","100,103,000","-47,233,000","-7,276,000","283,432,000","54,294,000","4,428,000","958,000","49,469,000","3,095,000","40,371,000","-42,252,000","17,779,000","16,484,000","-15,380,000","47,745,000","67,202,000","-35,752,000","-142,323,000","38,518,000","-3,385,000","-945,000","-1,004,000","55,027,000","-1,235,000","-62,577,000","-48,929,000","-23,931,000","-1,750,000","-19,452,000","2,418,000","-2,682,000","600,000","848,000","539,000","736,000","-101,000","-11,210,000","475,000","260,000","-522,000","-15,722,000","635,000","-229,000","-5,114,000","-29,778,000","-122,000","1,371,000","-1,025,000","-122,283,000","-1,508,000","-1,482,000","-2,004,000","10,290,000","-4,644,000","-816,000",,"4,426,000",,"9,771,000","31,000","0",,,"637,000",,,,,"45,000","456,000","-4,840,000",,"-2,187,000",,,,,,,"4,496,000",,,,,,,,,,,,,,,,,,,,,,,,
	GainOnSaleOfSecurity,,"4,459,000","4,505,000","-3,000,000","3,632,000",,"14,370,000",,,"-3,102,000","112,597,000","-34,783,000","525,000","268,109,000","80,281,000","-9,102,000","1,010,000","58,186,000","4,476,000","31,336,000","-38,954,000","5,506,000","41,002,000","-17,053,000","27,117,000","58,600,000","0","18,718,000","34,399,000","144,000","0","264,000","54,584,000",,,,,,,,,,,,,,,,,,"0","0",,,"0","0","471,000",,,,,,,,,,"0",,,"31,000","0",,,"637,000",,,,,"45,000","456,000","-4,840,000",,"-2,187,000",,,,,,,"2,248,000",,,,,,,,,,,,,,,,,,,,,,,,
	EarningsFromEquityInterest,"-3,282,000","-487,000","-1,420,000","-1,724,000","349,000","-1,456,000","-3,551,000","1,373,000","-946,000","-708,000","-437,000","-113,000","-88,000","13,109,000","-960,000","13,530,000","-52,000","1,572,000","-1,199,000","-1,533,000","-3,298,000","-51,000","-834,000","21,790,000","4,577,000","8,602,000","-449,000","3,135,000","-2,329,000","-3,529,000","-363,000","-1,268,000","443,000","-1,235,000","-268,000","-229,000","-80,000","-1,750,000","-662,000","2,418,000","1,733,000","600,000","848,000","539,000","736,000","-101,000","2,063,000","475,000","260,000","-522,000","841,000","635,000","-1,922,000","-5,114,000","-39,219,000","-269,000","884,000",,,,,,,,,,,,,,,,,,,,,,,,,,,,,,,,,,,,,,,,,,,,,,,,,,,,,,,,,
	SpecialIncomeCharges,"-107,179,000","-9,221,000","-25,960,000","-8,958,000","-63,040,000","-413,000","41,496,000","-37,874,000","-16,846,000","-5,263,000","-12,057,000","-12,337,000","-7,713,000","2,214,000","-25,027,000","0","0","-10,289,000","-182,000","10,568,000","0","12,324,000","-23,684,000","-20,117,000","16,051,000","10,156,000","-35,303,000","-164,176,000","6,448,000","144,000","-582,000","0","54,584,000",,"-62,309,000","-48,700,000","-23,851,000",,"-18,790,000","0","-4,415,000",,,,,,,,,,"-16,563,000",,"1,693,000",,"9,441,000","147,000","16,000","-1,025,000","-122,283,000","-1,508,000","-1,482,000","-2,004,000","10,706,000","-4,644,000","-816,000","0",,,"9,771,000",,,,,,,,,,,,,,,,,,,,,"2,248,000",,,,,,,,,,,,,,,,,,,,,,,,
		RestructuringAndMergernAcquisition,,,"5,805,000","3,671,000","2,745,000",,,,"0","0","0","0","0","-13,790,000","0","-14,217,000",,,"0","0","0","0","26,000","815,000","2,039,000","-10,156,000","1,449,000",,,,,,,,,,,,,,,,,,,,,,,,,,,,,,,,,,,,,,,,,,,,,,,,,,,,,,,,,,,,,,,,,,,,,,,,,,,,,,,,,,,,,,,
		ImpairmentOfCapitalAssets,"39,705,000","2,932,000","19,812,000","3,401,000","13,560,000","413,000","-6,584,000","37,874,000","16,846,000","5,263,000","11,904,000","12,239,000","8,301,000",,"24,566,000",,,,,,,,"0","0",,,"33,743,000","164,176,000",,,"0","0",,,"62,153,000","48,700,000","23,851,000",,,,,,,,,,,,,,,,,,,,,,,,,,,,,,,,,,,,,,,,,,,,,,,,,,,,,,,,,,,,,,,,,,,,,,,,,,,,,
		OtherSpecialCharges,,"6,289,000","343,000",,"46,735,000",,,,,,"153,000","98,000","-588,000","-1,311,000","461,000",,,"10,289,000","182,000",,,"239,000","23,658,000","19,302,000","-12,420,000","-10,156,000","-1,449,000","0",,,,,,,"-15,653,000","5,552,000","5,304,000",,"545,000",,"4,415,000",,,,,,,,,,,,,,,,,,,,,,"-15,043,000","4,644,000","4,737,000",,,,,,,,,,,,,,,,,,,,,,,,,,,,,,,,,,,,,,,,,,,,,,,,,
		GainOnSaleOfBusiness,,,"0","-1,886,000",,,"35,184,000","0","0","0","0","0","0","903,000","0","0","0","0","0","10,568,000","0","12,563,000","0","0","5,670,000",,"0","0","6,448,000",,,,,,,,,,,,,,,,,,,,,,,,,,,,,,,,,,,,,,,,,,,,,,,,,,,,,,,,,,,,,,,,,,,,,,,,,,,,,,,,,,,,,
		GainOnSaleOfPPE,,,,,,,,,,,,,,,,,,"58,186,000","4,476,000","31,336,000","-38,954,000","5,506,000","41,002,000","-17,053,000","27,117,000","58,600,000","0","18,718,000","34,399,000","144,000","0",,"54,584,000",,,,,,,,,,,,,,,,,,,,,,,,,,,,,,"-4,337,000","0","3,921,000","0",,,"9,771,000",,,,,,,,,,,,,,,,,,,,,"2,248,000",,,,,,,,,,,,,,,,,,,,,,,,
PretaxIncome,"-133,326,000","-4,527,000","-23,311,000","-26,581,000","-78,907,000","-20,222,000","35,686,000","-76,384,000","-42,734,000","-32,091,000","53,310,000","-56,021,000","-20,329,000","275,594,000","52,523,000","1,689,000","1,501,000","50,688,000","5,411,000","44,703,000","-39,125,000","22,729,000","16,764,000","-9,605,000","54,366,000","68,769,000","-35,975,000","-142,141,000","39,389,000","-3,325,000","-10,413,000","2,085,000","57,347,000","-17,628,000","-60,180,000","-46,046,000","-12,086,000","11,192,000","-7,815,000","15,921,000","12,727,000","25,448,000",,"24,083,000","20,291,000","18,575,000",,,,,,,,,,,,,,,,,,,,,,,,,,,,,,,,,,,,,,,,,,,,,,,,,,,,,,,,,,,,,,,,,,,,
NetIncomeCommonStockholders,"-136,908,000","-12,034,000","-26,272,000","-28,314,000","-81,009,000","5,832,000","72,839,000","-44,375,000","-37,123,000","-42,728,000","-57,601,000","-58,953,000","-38,813,000","241,343,000","41,178,000","-4,144,000","-4,630,000","40,282,000","-230,000","35,326,000","-39,881,000","10,019,000","15,181,000","-8,541,000","48,393,000","62,191,000","-31,718,000","-126,892,000","35,379,000","-2,521,000","-9,240,000","1,982,000","51,123,000","-15,298,000","-54,179,000","4,643,000","23,071,000","11,556,000","-9,227,000","14,281,000","10,101,000","25,767,000","16,122,000","20,500,000","17,333,000","15,729,000","6,627,000","13,039,000","18,725,000","14,509,000","1,006,000","19,087,000","20,374,000","12,101,000","-4,136,000","22,569,000","18,344,000","14,949,000","15,849,000","22,960,000","51,078,000","18,579,000","67,424,000","16,011,000","26,634,000","32,597,000","14,401,000","20,604,000","36,040,000","22,443,000","30,261,000","28,116,000","15,753,000","26,323,000","27,420,000","50,392,000","33,588,000","29,981,000","29,836,000","34,232,000","35,039,000","40,615,000","33,239,000","24,009,000","57,673,000","16,738,000","34,403,000","20,012,000","94,308,000","36,615,000","36,439,000","32,500,000","18,700,000","32,100,000","31,378,000","30,700,000","28,000,000","26,500,000","-47,395,000","14,400,000","18,000,000","16,500,000","10,144,000","6,600,000","5,700,000","9,500,000","4,100,000","3,300,000","3,100,000","3,100,000","900,000","1,000,000","1,000,000","1,000,000"
	NetIncome,"-135,757,000","-9,092,000","-26,272,000","-28,314,000","-81,009,000","7,623,000","65,632,000","-42,208,000","-34,887,000","-39,924,000","-54,652,000","-55,928,000","-22,054,000","244,495,000","43,804,000","-1,478,000","-1,251,000","43,036,000","2,582,000","38,054,000","-37,330,000","19,879,000","15,181,000","-8,541,000","48,393,000","62,191,000","-31,718,000","-126,892,000","35,379,000","-2,521,000","-9,240,000","1,982,000","51,123,000","-15,298,000","-54,179,000","4,643,000","23,071,000","11,556,000","-9,227,000","14,281,000","10,101,000","25,767,000","16,194,000","21,164,000","17,833,000","16,229,000","7,127,000","13,539,000","19,225,000","15,009,000","1,506,000","19,587,000","20,874,000","12,601,000","-3,636,000","23,069,000","18,844,000","15,449,000","16,349,000","23,460,000","51,578,000","19,079,000","67,924,000","16,511,000","27,134,000","33,097,000","14,901,000","21,104,000","36,540,000","22,943,000","30,761,000","28,616,000","16,253,000","26,823,000","27,920,000","50,892,000","34,260,000","29,981,000","29,836,000","34,232,000","35,039,000","40,615,000","33,239,000","24,009,000","57,673,000","16,738,000","34,403,000","20,012,000","94,308,000","36,615,000","36,439,000","32,500,000","18,700,000","32,100,000","31,378,000","30,700,000","28,000,000","26,500,000","-47,395,000","14,400,000","18,000,000","16,500,000","10,144,000","6,600,000","5,700,000","9,500,000","4,100,000","3,300,000","3,100,000","3,100,000","900,000","1,000,000","1,000,000","1,000,000"
		NetIncomeIncludingNoncontrollingInterests,"-127,587,000","-4,527,000","-23,237,000","-25,792,000","-74,031,000","13,521,000","78,298,000","-41,118,000","-32,934,000","-37,844,000","-55,408,000","-56,021,000","-20,329,000","275,594,000","52,523,000","1,689,000","1,501,000","50,688,000","5,411,000","44,703,000","-39,125,000","22,729,000","16,764,000","-9,605,000","54,366,000","68,769,000","-35,975,000","-142,141,000","39,389,000","-3,325,000","-10,413,000","2,085,000","57,347,000","-17,628,000","-61,770,000","3,439,000","26,184,000","13,089,000","-10,585,000","16,176,000","11,411,000","29,267,000","18,438,000","24,083,000","20,291,000","18,575,000","8,232,000","15,581,000","22,249,000","17,377,000","1,717,000","22,789,000","24,625,000","14,597,000","-16,387,000","28,200,000","23,037,000","18,876,000","19,911,000","27,606,000","55,775,000","23,341,000","73,131,000","19,774,000","32,753,000","37,723,000","19,216,000","25,645,000","42,126,000","29,691,000","37,599,000","36,047,000","23,407,000","34,059,000","35,028,000","58,427,000","41,918,000","37,550,000","-32,022,000","42,821,000","43,754,000","50,244,000","24,632,000","16,663,000","45,675,000","10,514,000","25,771,000","13,351,000","74,542,000","25,549,000","27,295,000","24,100,000","12,100,000","23,400,000","87,391,000","22,300,000","20,200,000","19,200,000","-10,316,000","12,400,000","16,000,000","14,900,000","18,804,000","5,600,000","4,700,000","7,700,000","3,200,000","2,400,000","2,200,000","2,300,000","-200,000","1,000,000","1,000,000","1,000,000"
			NetIncomeContinuousOperations,"-133,326,000","-4,527,000","-23,311,000","-26,581,000","-78,907,000","-20,222,000","35,686,000","-76,384,000","-42,734,000","-32,091,000","53,310,000","-56,021,000","-20,329,000","275,594,000","52,523,000","1,689,000","1,501,000","50,688,000","5,411,000","44,703,000","-39,125,000","22,729,000","16,764,000","-9,605,000","54,366,000","68,769,000","-35,975,000","-142,141,000","39,389,000","-3,325,000","-10,413,000","2,085,000","57,347,000","-17,628,000","-60,180,000","-46,046,000","-12,086,000","11,192,000","-7,815,000","15,921,000","12,727,000","25,448,000","18,438,000","24,083,000","20,291,000","18,575,000","8,232,000","15,581,000","17,791,000","17,377,000","1,717,000","22,789,000","24,625,000","14,597,000","-3,636,000","23,069,000","18,844,000","15,449,000","16,349,000","18,907,000","19,233,000","18,815,000","21,411,000","13,498,000","22,891,000","32,944,000","19,226,000","21,104,000","25,711,000","22,443,000","19,752,000","27,240,000","26,627,000","26,823,000","25,752,000","50,892,000","34,260,000","28,790,000","29,836,000","34,232,000","35,039,000","40,615,000","33,239,000","24,009,000","57,673,000","16,738,000","34,403,000","20,012,000","94,308,000","36,615,000","36,439,000","32,500,000","18,700,000","32,100,000","31,351,000","30,700,000","30,400,000","26,500,000","-47,412,000","18,000,000","18,000,000","16,500,000","10,119,000","6,600,000","5,700,000","10,000,000","4,100,000","3,300,000","3,100,000","3,100,000","900,000","1,000,000","1,000,000","1,000,000"
			NetIncomeDiscontinuousOperations,"5,739,000","0","74,000","789,000","4,876,000","33,743,000","42,612,000","35,266,000","9,800,000","-5,753,000","-117,539,000",,,,,,,,,,,,,,,,,,,,"0","0","0","0","-1,590,000","49,485,000","38,270,000","1,897,000","-2,770,000","255,000","-1,316,000","3,819,000","0","0","0","0","0","0","4,458,000",,,,,,"0","0","0","0","0","4,553,000","32,345,000","264,000","46,513,000","3,013,000","4,243,000","153,000","-4,325,000","0","10,829,000","500,000","11,009,000","1,376,000","-10,374,000","0","2,168,000","0","0","1,191,000",,,,,,,,,,,,,,,,,,,,,,,,,,,,,,,,,,,,
			NetIncomeExtraordinary,,,,,,,,,,,,,,,,,,,,,,,,,,,,,,,,,,,,,,,,,,,,,,,,,,,,,,,,,,,,,,,,,,,,,,,,,,,,,,,,,,,,,,,,,,,,,,,,,,,"17,000","-3,600,000",,,,,,,,,,,,,,
			NetIncomeFromTaxLossCarryforward,,,,,,,,,,,,,,,,,,,,,,,,,,,,,,,,,,,,,,,,,,,,,,,,,,,,,,,,"5,131,000","4,193,000",,,,,,,,,,,,,,,,,,,,,,,,,,,,,,,,,,,,,,"0",,"-2,400,000",,,,,,,,,"-500,000",,,,,,,,
		MinorityInterests,"-8,170,000","-4,565,000","-3,035,000","-2,522,000","-6,978,000","-5,898,000","-12,666,000","-1,090,000","-1,953,000","-2,080,000","756,000","93,000","-1,725,000","-31,099,000","-8,719,000","-3,167,000","-2,752,000","-7,652,000","-2,829,000","-6,649,000","1,795,000","-2,850,000","-1,583,000","1,064,000","-5,973,000","-6,578,000","4,257,000","15,249,000","-4,010,000","804,000","1,173,000","-103,000","-6,224,000","2,330,000","7,591,000","1,204,000","-3,113,000","-1,533,000","1,358,000","-1,895,000","-1,310,000","-3,500,000","-2,244,000","-2,919,000","-2,458,000","-2,346,000","-1,105,000","-2,042,000","-3,024,000","-2,368,000","-211,000","-3,202,000","-3,751,000","-1,996,000","934,000","-5,131,000","-4,193,000","-3,427,000","-3,562,000","-4,146,000","-4,197,000","-4,262,000","-5,207,000","-3,263,000","-5,619,000","-4,626,000","-4,315,000","-4,541,000","-5,586,000","-6,748,000","-6,838,000","-7,431,000","-7,154,000","-7,236,000","-7,108,000","-7,535,000","-7,658,000","-7,569,000","61,858,000","-8,589,000","-8,715,000","-9,629,000","8,607,000","7,346,000","11,998,000","6,224,000","8,632,000","6,661,000","19,766,000","11,066,000","9,144,000","8,400,000","6,600,000","8,700,000","-56,013,000","8,400,000","7,800,000","7,300,000","-37,079,000","2,000,000","2,000,000","1,600,000","-8,660,000","1,000,000","1,000,000","1,800,000","900,000","900,000","900,000","800,000",,,,
	PreferredStockDividends,,,,,,,,,,,,,,,,,,,,,"2,551,000","9,860,000",,,,,,,,,,,,,,,,,"0","0","0","0","72,000","664,000","500,000","500,000","500,000","500,000","500,000","500,000","500,000","500,000","500,000","500,000","500,000","500,000","500,000","500,000","500,000","500,000","500,000","500,000","500,000","500,000","500,000","500,000","500,000","500,000","500,000","500,000","500,000","500,000","500,000","500,000","500,000","500,000","672,000",,,,,,,,,,,,,,,,,,,,,,,,,,,,,,,,,,,,,
	OtherunderPreferredStockDividend,,"2,942,000",,,,"1,791,000",,"2,167,000","2,236,000","2,804,000","2,949,000","3,025,000","16,759,000","3,152,000","2,626,000","2,666,000","3,379,000","2,754,000","2,812,000","2,728,000","2,551,000","9,860,000",,,,,,,,,,,,,,,,,,,,,,,,,,,,,,,,,,,,,,,,,,,,,,,,,,,,,,,,,,,,,,,,,,,,,,,,,,,,,,,,,,,,,,,,,,,,
AverageDilutionEarnings,,,,,,"583,000",,"-4,716,000","-3,926,000","-4,511,000","-6,137,000","-6,493,000","-4,284,000","27,323,000","4,656,000","-469,000","-526,000","4,570,000","-27,000","4,097,000","-4,590,000","1,157,000","1,774,000","-999,000","5,662,000","7,284,000","-3,795,000","-15,530,000","4,383,000","-314,000","-1,152,000","248,000","6,514,000","-2,008,000","-7,354,000","634,000","3,175,000","1,595,000",,,,,,,,,,,,,,,,,,,,,,,,,,,,,,,,,,,,,,,,,,,,,,,,,,,,,,,,,,,,,,,,,,,,,,,,,,,,
DilutedNIAvailtoComStockholders,"-136,908,000","-12,034,000","-26,272,000","-28,314,000","-81,009,000","6,415,000","85,992,000","-49,091,000","-41,049,000","-47,239,000","-63,738,000","-65,446,000","-43,097,000","268,666,000","45,834,000","-4,613,000","-5,156,000","44,852,000","-257,000","39,423,000","-44,471,000","11,176,000","16,955,000","-9,540,000","54,055,000","69,475,000","-35,513,000","-142,422,000","39,762,000","-2,835,000","-10,392,000","2,230,000","57,637,000","-17,306,000","-61,533,000","5,277,000","26,246,000","13,151,000","-3,550,000","14,281,000","10,101,000","25,767,000","16,122,000","20,500,000","17,333,000","15,729,000","6,627,000","13,039,000","18,725,000","14,509,000","1,006,000","19,087,000","20,374,000","12,101,000","-4,136,000","22,569,000","18,344,000","14,949,000","15,849,000","22,960,000","51,078,000","18,579,000","67,424,000","16,011,000","26,634,000","32,597,000","14,401,000","20,604,000","36,040,000","22,443,000","30,261,000","28,116,000","15,753,000","26,323,000","27,420,000","50,392,000","33,588,000","29,981,000","29,836,000","34,232,000","35,039,000","40,615,000","33,239,000","24,009,000","57,673,000","16,738,000","34,403,000","20,012,000","94,308,000","36,615,000","36,439,000","32,500,000","18,700,000","32,100,000","31,378,000","30,700,000","28,000,000","26,500,000","-47,395,000","14,400,000","18,000,000","16,500,000","10,144,000","6,600,000","5,700,000","9,500,000","4,100,000","3,300,000","3,100,000","3,100,000","900,000","1,000,000","1,000,000","1,000,000"
BasicEPS,,"-0.13","-0.32","-0.33","-0.81","0.06",,"-0.49","-0.41","-0.47","-0.64","-0.65","-0.43","2.67","0.45","-0.05","-0.05","0.45","-0.01","0.39","-0.44","0.11","0.17","-0.1","0.54","0.69","-0.35","-1.42","0.4","-0.03",,"0.02","0.58","-0.17",,"0.05","0.26","0.13",,"0.16","0.11","0.29",,"0.24","0.2","0.19",,"0.16","0.24","0.18",,"0.24","0.28","0.18",,"0.34","0.28","0.23",,"0.34","0.75","0.28",,"0.26","0.43","0.53",,"0.33","0.59","0.37",,"0.46","0.26","0.44",,"0.87","0.58","0.52",,"0.6","0.61","0.72",,"0.43","1.02","0.29",,"0.34","1.61","0.63",,"0.55","0.32","0.55",,"0.53","0.49","0.52",,"0.39","0.59","0.45",,"0.39","0.37","0.63",,"0.31","0.3","0.3",,"0.1","0.1","0.1"
DilutedEPS,,"-0.13","-0.32","-0.33","-0.81","0.06",,"-0.49","-0.41","-0.47","-0.64","-0.65","-0.43","2.66","0.45","-0.05","-0.05","0.45","-0.01","0.39","-0.44","0.11","0.17","-0.1","0.54","0.69","-0.35","-1.42","0.4","-0.03",,"0.02","0.58","-0.17",,"0.05","0.26","0.13",,"0.16","0.11","0.29",,"0.24","0.2","0.19",,"0.16","0.24","0.18",,"0.24","0.28","0.18",,"0.34","0.28","0.23",,"0.34","0.75","0.28",,"0.26","0.43","0.52",,"0.33","0.58","0.36",,"0.46","0.26","0.44",,"0.84","0.58","0.52",,"0.59","0.61","0.7",,"0.43","0.98","0.29",,"0.34","1.52","0.62",,"0.55","0.32","0.55",,"0.53","0.49","0.51",,"0.39","0.59","0.45",,"0.38","0.37","0.62",,"0.31","0.3","0.3",,"0.1","0.1","0.1"
BasicAverageShares,,"90,951,000","90,946,000","90,941,000","90,774,000","90,692,000",,"90,671,000","90,629,000","90,616,000","90,611,000","90,584,000","90,533,000","90,498,000","90,488,000","90,468,000","90,330,000","90,263,000","90,029,000","90,023,000","90,011,000","89,955,000","89,767,000","89,755,000","89,740,000","89,721,000","89,475,000","89,249,000","89,244,000","89,192,000",,"88,875,000","88,691,000","88,289,000",,"87,793,000","87,708,000","87,669,000",,"87,826,000","87,817,000","87,799,000",,"87,019,000","86,936,000","82,948,000",,"79,304,000","79,203,000","78,973,000",,"78,151,000","73,903,000","66,484,000",,"65,519,000","65,423,000","65,372,000",,"67,688,000","67,799,000","65,695,000",,"62,302,000","62,182,000","61,988,000",,"61,609,000","61,393,000","61,184,000",,"60,492,000","60,388,000","59,800,000",,"57,870,000","57,529,000","57,228,000",,"57,534,000","57,241,000","56,799,000",,"56,129,000","56,519,000","56,807,000",,"58,711,000","58,545,000","58,295,000",,"59,090,909","58,437,500","58,363,636",,"57,924,528","57,142,857","50,961,538",,"36,923,077","30,508,475","36,666,667",,"16,923,077","15,405,405","15,079,365",,"10,645,161","10,333,333","10,333,333",,"10,000,000","10,000,000","10,000,000"
DilutedAverageShares,,"99,934,000","99,963,000","99,975,000","99,873,000","99,760,000",,"100,307,000","100,213,000","100,183,000","100,264,000","100,560,000","100,523,000","100,943,000","100,845,000","100,712,000","100,598,000","100,604,000","100,468,000","100,727,000","100,370,000","100,637,000","100,575,000","100,253,000","100,401,000","100,315,000","100,180,000","100,172,000","100,314,000","100,266,000",,"100,052,000","100,023,000","99,876,000",,"99,787,000","99,780,000","99,849,000",,"100,075,000","100,069,000","100,062,000",,"99,917,000","99,887,000","96,015,000",,"92,464,000","92,489,000","92,450,000",,"92,245,000","88,000,000","80,921,000",,"80,617,000","80,585,000","80,491,000",,"83,088,000","83,193,000","81,234,000",,"78,258,000","78,067,000","76,642,000",,"75,760,000","75,649,000","69,273,000",,"68,851,000","68,645,000","68,288,000",,"72,465,000","65,761,000","65,146,000",,"65,656,000","65,606,000","71,461,000",,"64,403,000","71,044,000","64,994,000",,"66,914,000","73,284,000","73,191,000",,"59,090,909","58,437,500","58,363,636",,"57,924,528","57,142,857","51,960,784",,"36,923,077","30,508,475","36,666,667",,"17,368,421","15,405,405","15,322,581",,"10,645,161","10,333,333","10,333,333",,"10,000,000","10,000,000","10,000,000"
TotalOperatingIncomeAsReported,,,,,,,,,,,,,,,"-3,520,000","17,504,000","18,901,000","20,166,000","23,398,000","29,204,000","27,948,000","24,797,000","22,110,000","27,931,000","27,368,000","27,229,000","-11,383,000","-139,310,000","27,353,000","27,008,000","16,553,000","29,534,000","29,557,000","13,167,000","-29,746,000","-15,068,000","18,171,000","42,805,000","22,968,000","44,006,000","47,047,000","55,464,000","49,365,000","55,023,000","50,908,000","50,005,000","45,890,000","52,013,000","54,848,000","57,247,000","39,779,000","58,035,000","58,175,000","52,308,000","58,120,000","59,228,000","52,704,000","51,805,000","51,935,000","55,739,000","54,674,000","54,400,000","51,370,000","56,706,000","62,309,000","55,114,000","53,771,000","55,231,000","61,098,000","57,771,000","57,005,000","62,504,000","59,267,000","61,741,000","60,424,000","63,550,000","64,635,000","65,178,000","62,703,000","66,589,000","64,816,000","69,505,000","71,344,000","70,751,000","75,716,000","71,890,000","70,158,000","42,499,000","66,988,000","71,859,000",,,,,,,,,,,,,,,,,,,,,,,,
TotalExpenses,"322,842,000","83,510,000","77,985,000","76,712,000","84,636,000","76,853,000","78,639,000","97,271,000","76,987,000","84,189,000","-16,812,000","117,411,000","120,514,000","118,137,000","111,890,000","114,610,000","107,688,000","118,801,000","120,131,000","130,814,000","134,818,000","125,090,000","131,595,000","128,771,000","119,820,000","125,694,000","122,523,000","121,292,000","121,214,000","126,707,000","134,861,000","125,955,000","130,743,000","156,429,000","132,860,000","128,873,000","135,916,000","139,027,000","128,876,000","129,206,000","131,415,000","127,516,000","130,322,000","122,132,000","130,199,000","136,325,000","136,745,000","145,943,000","147,937,000","138,646,000","138,562,000","135,582,000","131,163,000","134,358,000","127,980,000","145,135,000","140,089,000","142,908,000","149,747,000","157,142,000","145,856,000","139,339,000","146,802,000","146,511,000","132,016,000","108,362,000","108,710,000","108,778,000","102,368,000","95,678,000","92,328,000","89,267,000","87,458,000","84,154,000","85,169,000","83,836,000","80,954,000","83,091,000","78,916,000","76,819,000","76,642,000","72,319,000","72,168,000","75,161,000","72,702,000","74,616,000","73,745,000","100,883,000","78,901,000","71,120,000","489,640,000","-65,700,000","-80,200,000","-62,400,000","419,092,000","-61,800,000","-55,700,000","-53,500,000","252,556,000","-28,200,000","-30,900,000","-26,500,000","82,174,000","-10,600,000","-10,200,000","-9,900,000","-9,100,000","-8,400,000","-8,000,000","-7,400,000",,,,
NetIncomeFromContinuingAndDiscontinuedOperation,"-135,757,000","-9,092,000","-26,272,000","-28,314,000","-81,009,000","7,623,000","65,632,000","-42,208,000","-34,887,000","-39,924,000","-54,652,000","-55,928,000","-22,054,000","244,495,000","43,804,000","-1,478,000","-1,251,000","43,036,000","2,582,000","38,054,000","-37,330,000","19,879,000","15,181,000","-8,541,000","48,393,000","62,191,000","-31,718,000","-126,892,000","35,379,000","-2,521,000","-9,240,000","1,982,000","51,123,000","-15,298,000","-54,179,000","4,643,000","23,071,000","11,556,000","-9,227,000","14,281,000","10,101,000","25,767,000","16,194,000","21,164,000","17,833,000","16,229,000","7,127,000","13,539,000","19,225,000","15,009,000","1,506,000","19,587,000","20,874,000","12,601,000","9,115,000","17,938,000","14,651,000","15,449,000","16,349,000","23,460,000","51,578,000","19,079,000","67,924,000","16,511,000","27,134,000","33,097,000","14,901,000","21,104,000","36,540,000","22,943,000","30,761,000","28,616,000","16,253,000","26,823,000","27,920,000","50,892,000","34,260,000","29,981,000","29,836,000","34,232,000","35,039,000","40,615,000","33,239,000","24,009,000","57,673,000","16,738,000","34,403,000","20,012,000","94,308,000","36,615,000","36,439,000","32,500,000","18,700,000","32,100,000","33,751,000","30,700,000","30,400,000","26,500,000","-43,812,000","18,000,000","18,000,000","16,500,000","10,119,000","6,600,000","5,700,000","10,000,000","4,100,000","3,300,000","3,100,000","3,100,000","900,000","1,000,000","1,000,000","1,000,000"
NormalizedIncome,"-43,913,000","-4,330,000","-4,891,000","-17,145,000","-26,477,000","-25,707,000","-17,762,180","-39,600,000","-27,841,000","-25,806,000","-19,328,200","-8,808,000","-14,866,000","47,159,210","3,468,580","5,166,460","-1,988,300","8,071,190","5,600","12,911,600","1,624,000","9,181,000","4,790,200","28,629,000","22,492,200","27,031,000","3,585,000","18,566,000","10,870,800","-2,665,000","-8,658,000","1,810,400","15,643,400","-15,298,000","9,720,000","3,858,000","8,652,000","9,659,000","12,333,000","14,026,000","14,286,750","21,948,000","16,194,000","21,164,000","17,833,000","16,229,000","7,127,000","13,539,000","14,767,000","15,009,000","12,271,950","19,587,000","19,773,550","12,601,000","2,978,350","17,842,450","14,334,450","16,115,250","95,832,950","19,887,200","20,196,300","20,117,600","15,237,000","16,284,400","23,380,600","32,944,000","16,570,400","21,104,000","19,848,400","22,424,400","19,752,000","27,240,000","26,627,000","26,440,800","25,752,000","50,892,000","34,260,000","28,790,000","29,809,000","33,958,400","37,943,000","40,615,000","34,551,200","24,009,000","57,673,000","16,738,000","34,403,000","20,012,000","94,308,000","33,917,400","36,439,000","32,500,000","18,700,000","32,100,000","33,751,000","30,700,000","30,400,000","26,500,000","-43,812,000","18,000,000","18,000,000","16,500,000","10,119,000","6,600,000","5,700,000","10,000,000","4,100,000","3,300,000","3,100,000","3,100,000","900,000","1,000,000","1,000,000","1,000,000"
InterestIncome,"665,000","158,000","5,144,000",,"95,000","17,000","1,000","3,000","7,000","32,000","884,000","189,000","515,000","824,000","769,000","851,000","641,000","1,128,000","1,408,000","762,000","122,000","474,000","875,000","1,262,000","146,000","-669,000","231,000","5,000","291,000","267,000","1,399,000","908,000","922,000","386,000","1,616,000","187,000","1,094,000","6,000","8,000","7,000","7,000","13,000","9,000","10,000","10,000","10,000","13,000","34,000","18,000","21,000","20,000","167,000","187,000","197,000","270,000","257,000","302,000","556,000","497,000","985,000","1,571,000",,"695,000","514,000","399,000","1,446,000","363,000",,"120,000","64,000","327,000",,"220,000","720,000","265,000","244,000",,,"776,000","742,000","446,000",,"416,000",,,,,,,"254,000",,"200,000",,"300,000","200,000","700,000",,,,,"400,000","1,200,000",,"100,000","100,000","100,000","100,000","100,000","100,000","100,000",,,,
InterestExpense,"62,607,000","15,025,000","11,208,000","19,931,000","16,554,000","17,610,000","19,196,000","20,265,000","20,612,000","20,918,000","18,830,000","23,450,000","23,515,000","24,774,000","23,586,000","21,094,000","18,999,000","20,075,000","22,490,000","25,634,000","24,943,000","20,321,000","22,731,000","24,233,000","22,932,000","25,662,000","24,374,000","24,689,000","26,773,000","27,215,000","27,420,000","27,353,000","28,159,000","29,946,000","31,626,000","30,936,000","31,271,000","29,869,000","29,584,000","30,510,000","31,645,000","30,629,000","31,784,000","31,489,000","31,363,000","31,339,000","35,982,000","36,941,000","37,335,000","39,369,000","38,923,000","36,048,000","33,508,000","32,794,000","33,182,000","31,163,000","31,340,000","32,460,000","32,240,000","32,163,000","31,333,000",,"35,737,000","35,815,000","33,382,000","31,423,000","30,418,000",,"30,363,000","28,398,000","26,779,000",,"26,671,000","29,196,000","29,168,000","28,910,000",,,"29,439,000","26,429,000","25,596,000","26,359,000","27,311,000","27,772,000","28,555,000","28,365,000","26,271,000","25,862,000",,"26,426,000",,"26,500,000",,"23,600,000","23,943,000","23,900,000",,,,,"9,600,000","7,500,000","4,377,000","2,700,000","3,000,000","2,600,000","2,500,000","2,300,000","2,200,000","1,600,000",,,,
NetInterestIncome,"-61,942,000","-14,867,000","-10,684,000","-19,931,000","-16,459,000","-17,593,000","-19,195,000","-20,262,000","-20,605,000","-20,886,000","-17,946,000","-23,261,000","-23,000,000","-23,950,000","-22,817,000","-20,243,000","-18,358,000","-18,947,000","-21,082,000","-24,872,000","-24,821,000","-19,847,000","-21,856,000","-22,971,000","-22,786,000","-25,662,000","-24,143,000","-24,684,000","-26,482,000","-26,948,000","-26,021,000","-26,445,000","-27,237,000","-29,560,000","-30,010,000","-30,749,000","-30,177,000","-29,863,000","-29,576,000","-30,503,000","-31,638,000","-30,616,000","-31,775,000","-31,479,000","-31,353,000","-31,329,000","-35,969,000","-36,907,000","-37,317,000","-39,348,000","-38,903,000","-35,881,000","-33,321,000","-32,597,000","-32,912,000","-30,906,000","-31,038,000",,,,,,,,,,,,,,,,,,,,,,,,,,,,,,,,,,,,,,,,,,,,,,,,,,,,,,,,,
EBIT,"-70,719,000","10,498,000","-12,103,000","-6,650,000","-62,353,000","-2,612,000","54,882,000","-56,119,000","-22,122,000","-11,173,000","72,140,000","-32,571,000","3,186,000","300,368,000","76,109,000","22,783,000","20,500,000","70,763,000","27,901,000","70,337,000","-14,182,000","43,050,000","39,495,000","14,628,000","77,298,000","94,431,000","-11,601,000","-117,452,000","66,162,000","23,890,000","17,007,000","29,438,000","85,506,000","12,318,000","-28,554,000","-15,110,000","19,185,000","41,061,000","21,769,000","46,431,000","44,372,000","56,077,000","48,161,000","55,572,000","51,654,000","49,914,000","55,411,000","52,013,000","54,848,000","57,247,000","56,342,000","58,035,000","58,175,000","52,308,000","58,120,000","59,228,000","52,704,000","51,805,000","51,935,000","55,739,000","54,674,000","54,400,000","51,370,000","56,706,000","62,309,000","55,114,000","53,771,000","55,231,000","61,098,000","57,771,000","57,005,000","62,504,000","59,267,000","61,741,000","60,424,000","63,550,000","64,635,000","65,178,000","62,703,000","66,589,000","64,816,000","69,505,000","71,344,000","70,751,000","75,716,000","71,890,000","70,158,000","42,499,000","66,988,000","71,859,000","-349,156,000","204,800,000","217,200,000","197,300,000","-284,193,000","192,700,000","177,700,000","159,300,000","-178,055,000","90,800,000","91,400,000","78,600,000","-55,502,000","33,100,000","31,200,000","35,200,000","26,600,000","24,200,000","23,200,000","21,300,000","13,100,000","4,200,000","4,200,000","4,200,000"
EBITDA,"39,240,000"
ReconciledCostOfRevenue,"152,001,000","37,606,000","39,468,000","36,644,000","38,283,000","35,753,000","43,079,000","36,247,000","31,752,000","34,022,000","-18,796,000","56,487,000","55,015,000","57,508,000","53,672,000","57,923,000","53,895,000","63,227,000","60,788,000","67,006,000","66,276,000","67,160,000","66,834,000","67,176,000","63,310,000","70,032,000","66,359,000","63,130,000","66,481,000","74,511,000","69,761,000","71,052,000","72,071,000","88,087,000","74,236,000","68,770,000","74,209,000","80,168,000","138,296,000","46,427,000","46,535,000","68,628,000","49,256,000","50,617,000","48,494,000","79,637,000","80,670,000","89,110,000","91,838,000","81,981,000","78,886,000","74,794,000","72,042,000","77,539,000","68,520,000","86,369,000","81,266,000",,,,,,,,,,,,,,,,,,,,,,,,,,,,,,,,,,,,,,,,,,,,,,,,,,,,,,,,,
ReconciledDepreciation,"108,157,000","26,429,000","24,666,000","28,776,000","28,286,000","27,111,000","23,924,000","32,079,000","27,993,000","34,349,000","-16,015,000","48,336,000","48,530,000","47,294,000","45,390,000","45,067,000","40,338,000","39,489,000","45,617,000","50,668,000","56,051,000","46,338,000","51,793,000","47,588,000","43,755,000","43,413,000","43,686,000","44,492,000","42,745,000","41,185,000","41,150,000","42,238,000","44,999,000","45,461,000","48,177,000","47,952,000","48,550,000","46,842,000","48,116,000","47,883,000","48,082,000","48,081,000","48,524,000","48,329,000","48,093,000","48,059,000","47,136,000","47,841,000","47,441,000","48,251,000","50,420,000","50,970,000","48,470,000","46,737,000","48,575,000","47,999,000","47,586,000","47,722,000","-134,640,000","49,790,000","43,760,000","41,514,000","43,879,000","34,706,000","42,632,000","39,642,000","40,612,000","40,748,000","38,932,000","35,807,000","34,589,000","32,328,000","32,214,000","31,123,000","31,091,000","29,511,000","29,354,000","29,201,000","28,738,000","29,300,000","27,522,000","23,953,000","23,507,000","22,529,000","21,951,000","23,484,000","23,641,000","23,320,000","22,945,000","22,182,000","17,009,000","24,200,000","23,500,000","22,500,000","21,316,000","21,600,000","19,500,000","16,500,000","9,625,000","9,300,000","10,100,000","7,800,000","5,112,000","3,800,000","3,600,000","3,300,000",,,"3,100,000","2,800,000",,,,
NetIncomeFromContinuingOperationNetMinorityInterest,"-141,496,000","-9,092,000","-26,346,000","-29,103,000","-85,885,000","-26,120,000","23,020,000","-77,474,000","-44,687,000","-34,171,000","54,066,000","-55,928,000","-22,054,000","244,495,000","43,804,000","-1,478,000","-1,251,000","43,036,000","2,582,000","38,054,000","-37,330,000","19,879,000","15,181,000","-8,541,000","48,393,000","62,191,000","-31,718,000","-126,892,000","35,379,000","-2,521,000","-9,240,000","1,982,000","51,123,000","-15,298,000","-52,589,000","-44,842,000","-15,199,000","9,659,000","-6,457,000","14,026,000","11,417,000","21,948,000","16,194,000","21,164,000","17,833,000","16,229,000","7,127,000","13,539,000","14,767,000","15,009,000","1,506,000","19,587,000","20,874,000","12,601,000","9,115,000","17,938,000","14,651,000","15,449,000","16,349,000","18,907,000","19,233,000","18,815,000","21,411,000","13,498,000","22,891,000","32,944,000","19,226,000","21,104,000","25,711,000","22,443,000","19,752,000","27,240,000","26,627,000","26,823,000","25,752,000","50,892,000","34,260,000","28,790,000","29,836,000","34,232,000","35,039,000","40,615,000","33,239,000","24,009,000","57,673,000","16,738,000","34,403,000","20,012,000","94,308,000","36,615,000","36,439,000","32,500,000","18,700,000","32,100,000","33,751,000","30,700,000","30,400,000","26,500,000","-43,812,000","18,000,000","18,000,000","16,500,000","10,119,000","6,600,000","5,700,000","10,000,000","4,100,000","3,300,000","3,100,000","3,100,000","900,000","1,000,000","1,000,000","1,000,000"
TotalUnusualItemsExcludingGoodwill,"-97,583,000","-4,762,000","-21,455,000","-11,958,000","-59,408,000","-413,000","55,866,000","-37,874,000","-16,846,000","-8,365,000","100,540,000","-47,120,000","-7,188,000","270,323,000","55,254,000","-9,102,000","1,010,000","47,897,000","4,294,000","41,904,000","-38,954,000","17,830,000","17,318,000","-37,170,000","43,168,000","58,600,000","-35,303,000","-145,458,000","40,847,000","144,000","-582,000","264,000","54,584,000","0","-62,309,000","-48,700,000","-23,851,000","0","-18,790,000","0","-4,415,000","0",,"0","0","0","-3,752,000","0","0","0","-16,563,000","0","1,693,000","0","9,441,000","147,000","487,000","-1,025,000","-122,283,000","-1,508,000","-1,482,000","-2,004,000","10,290,000","-4,644,000","-816,000","0","4,426,000",,"9,771,000","31,000","0",,,"637,000",,,,,"45,000","456,000","-4,840,000",,"-2,187,000",,,,,,,"4,496,000",,,,,,,,,,,,,,,,,,,,,,,,
TotalUnusualItems,"-97,583,000","-4,762,000","-21,455,000","-11,958,000","-59,408,000","-413,000","55,866,000","-37,874,000","-16,846,000","-8,365,000","100,540,000","-47,120,000","-7,188,000","270,323,000","55,254,000","-9,102,000","1,010,000","47,897,000","4,294,000","41,904,000","-38,954,000","17,830,000","17,318,000","-37,170,000","43,168,000","58,600,000","-35,303,000","-145,458,000","40,847,000","144,000","-582,000","264,000","54,584,000","0","-62,309,000","-48,700,000","-23,851,000","0","-18,790,000","0","-4,415,000","0",,"0","0","0","-3,752,000","0","0","0","-16,563,000","0","1,693,000","0","9,441,000","147,000","487,000","-1,025,000","-122,283,000","-1,508,000","-1,482,000","-2,004,000","10,290,000","-4,644,000","-816,000","0","4,426,000",,"9,771,000","31,000","0",,,"637,000",,,,,"45,000","456,000","-4,840,000",,"-2,187,000",,,,,,,"4,496,000",,,,,,,,,,,,,,,,,,,,,,,,
NormalizedEBITDA,"136,823,000","41,774,000","34,560,000","34,652,000","25,948,000","25,974,000","28,244,000","13,834,000","22,717,000","31,541,000","-43,320,000","64,087,000","59,726,000","78,091,000","67,179,000","77,698,000","60,903,000","64,163,000","71,008,000","80,808,000","82,534,000","72,851,000","74,222,000","99,915,000","77,885,000","79,244,000","67,388,000","72,498,000","68,060,000","64,931,000","58,739,000","71,412,000","75,921,000","57,779,000","81,932,000","81,542,000","91,586,000","87,903,000","88,675,000","94,314,000","96,869,000","104,158,000","96,834,000","104,070,000","99,922,000","98,062,000","102,637,000","99,991,000","102,322,000","105,844,000","125,630,000","109,865,000","106,198,000","100,580,000","98,764,000","108,323,000","99,803,000","100,552,000","222,718,000","107,037,000","99,979,000","97,918,000","84,959,000","101,482,000","105,757,000","94,756,000","89,957,000","95,979,000","90,259,000","93,547,000","91,594,000","95,619,000","91,918,000","92,227,000","91,515,000","93,061,000","93,989,000","94,379,000","91,396,000","95,433,000","97,178,000","93,458,000","97,038,000","93,280,000","97,667,000","95,374,000","93,799,000","65,819,000","89,933,000","89,545,000","-332,147,000","229,000,000","240,700,000","219,800,000","-262,877,000","214,300,000","197,200,000","175,800,000","-168,430,000","100,100,000","101,500,000","86,400,000","-50,390,000","36,900,000","34,800,000","38,500,000","26,600,000","24,200,000","26,300,000","24,100,000","13,100,000","4,200,000","4,200,000","4,200,000"
TaxRateForCalcs,"0","0","0","0","0","0","0.27","0","0","0","0.27","0","0","0.27","0.27","0.27","0.27","0.27","0.4","0.4","0","0.4","0.4","0","0.4","0.4","0","0","0.4","0","0","0.35","0.35","0","0","0","0","0.35","0","0.35","0.35","0.35","0.35","0.35","0.35","0.35","0.35","0.35","0.35","0.35","0.35","0.35","0.35","0.35","0.35","0.35","0.35","0.35","0.35","0.35","0.35","0.35","0.4","0.4","0.4","0.4","0.4","0.4","0.4","0.4","0.4","0.4","0.4","0.4","0.4","0.4","0.4","0.4","0.4","0.4","0.4","0.4","0.4","0.4","0.4","0.4","0.4","0.4","0.4","0.4","0.4","0.4","0.4","0.4","0.4","0.4","0.4","0.4","0.4","0.4","0.4","0.4","0.4","0.4","0.4","0.4","0.4","0.4","0.4","0.4","0.4","0.4","0.4","0.4"
TaxEffectOfUnusualItems,"0","0","0","0","0","0","15,083,820","0","0","0","27,145,800","0","0","72,987,210","14,918,580","-2,457,540","272,700","12,932,190","1,717,600","16,761,600","0","7,132,000","6,927,200","0","17,267,200","23,440,000","0","0","16,338,800","0","0","92,400","19,104,400","0","0","0","0","0","0","0","-1,545,250","0","0","0","0","0","0","0","0","0","-5,797,050","0","592,550","0","3,304,350","51,450","170,450","-358,750","-42,799,050","-527,800","-518,700","-701,400","4,116,000","-1,857,600","-326,400","0","1,770,400","0","3,908,400","12,400","0","0","0","254,800","0","0","0","0","18,000","182,400","-1,936,000","0","-874,800","0","0","0","0","0","0","1,798,400","0","0","0","0","0","0","0","0","0","0","0","0","0","0","0","0","0","0","0","0","0","0","0","0"