name,ttm,03/31/2022,12/31/2021,09/30/2021,06/30/2021,03/31/2021,12/31/2020,09/30/2020,06/30/2020,03/31/2020,12/31/2019,09/30/2019,06/30/2019,03/31/2019,12/31/2018,09/30/2018,06/30/2018,03/31/2018,12/31/2017,09/30/2017,06/30/2017,03/31/2017,12/31/2016,09/30/2016,06/30/2016,03/31/2016,12/31/2015,09/30/2015,06/30/2015,03/31/2015,12/31/2014,09/30/2014,06/30/2014,03/31/2014,12/31/2013,09/30/2013,06/30/2013,03/31/2013,12/31/2012,09/30/2012,06/30/2012,03/31/2012,12/31/2011,09/30/2011,06/30/2011,03/31/2011,12/31/2010,09/30/2010,06/30/2010,03/31/2010,12/31/2009,09/30/2009,06/30/2009,03/31/2009,12/31/2008,09/30/2008,06/30/2008,03/31/2008,12/31/2007,09/30/2007,06/30/2007,03/31/2007,12/31/2006,09/30/2006,06/30/2006,03/31/2006,12/31/2005,09/30/2005,06/30/2005,03/31/2005,12/31/2004,09/30/2004,06/30/2004,03/31/2004,12/31/2003,09/30/2003,06/30/2003,03/31/2003,12/31/2002,09/30/2002,06/30/2002,03/31/2002,12/31/2001,09/30/2001,06/30/2001,03/31/2001,12/31/2000,09/30/2000,06/30/2000,03/31/2000,12/31/1999,09/30/1999,06/30/1999,03/31/1999
TotalRevenue,"19,108,216,000","4,932,181,000","4,851,920,000","4,728,325,000","4,595,790,000","4,041,477,000","4,128,841,000","4,141,801,000","2,086,706,000","1,968,647,000","2,099,452,000","2,148,110,000","2,150,088,000","1,961,267,000","2,011,447,000","2,067,245,000","2,103,994,000","1,993,915,000","1,996,646,000","2,000,159,000","1,909,624,000","1,772,591,000","1,793,262,000","1,855,212,000","1,911,582,000","1,775,961,000","1,861,540,000","1,923,899,000","1,916,718,000","1,816,330,000","1,995,485,000","2,078,150,000","2,005,165,000","1,810,825,000","1,880,071,000","1,931,260,000","1,893,953,000","1,808,059,000","1,644,363,000","1,656,186,000","1,672,734,000","1,606,018,000","1,589,522,000","1,580,376,000","1,524,515,000","1,431,305,000","1,331,587,000","1,324,555,000","1,259,121,000","1,148,599,000","1,132,722,000","1,152,427,000","1,159,218,000","1,179,590,000","1,429,794,000","1,628,087,000","1,587,753,000","1,465,206,000","1,489,181,000","1,545,607,000","1,518,108,000","1,450,556,000","1,376,053,000","1,343,066,000","1,335,976,000","1,265,508,000","1,236,722,000","1,131,449,000","1,062,060,000","990,871,000","987,932,000","974,508,000","931,020,000","847,793,000","850,119,000","825,601,000","820,238,000","790,807,000","815,465,000","852,949,000","848,449,000","808,917,000","880,286,000","905,554,000","944,136,000","928,057,000","993,754,000","974,671,000","989,311,000","923,360,000","875,300,000","903,200,000","864,200,000","777,400,000"
	OperatingRevenue,"19,108,216,000","4,932,181,000","4,851,920,000","4,728,325,000","4,595,790,000","4,041,477,000","4,128,841,000","4,141,801,000","2,086,706,000","1,968,647,000","2,099,452,000","2,148,110,000","2,150,088,000","1,961,267,000","2,011,447,000","2,067,245,000","2,103,994,000","1,993,915,000","1,996,646,000","2,000,159,000","1,909,624,000","1,772,591,000","1,793,262,000","1,855,212,000","1,911,582,000","1,775,961,000","1,861,540,000","1,923,899,000","1,916,718,000","1,816,330,000","1,995,485,000","2,078,150,000","2,005,165,000","1,810,825,000","1,880,071,000","1,931,260,000","1,893,953,000","1,808,059,000","1,644,363,000","1,656,186,000","1,672,734,000","1,606,018,000","1,589,522,000","1,580,376,000","1,524,515,000","1,431,305,000","1,331,587,000","1,324,555,000","1,259,121,000","1,148,599,000","1,132,722,000","1,152,427,000","1,159,218,000","1,179,590,000","1,429,794,000","1,628,087,000","1,587,753,000","1,465,206,000","1,489,181,000","1,545,607,000","1,518,108,000","1,450,556,000","1,376,053,000","1,343,066,000","1,335,976,000","1,265,508,000","1,236,722,000","1,131,449,000","1,062,060,000","990,871,000","987,932,000","974,508,000","931,020,000","847,793,000","850,119,000","825,601,000","820,238,000","790,807,000","815,465,000","852,949,000","848,449,000","808,917,000","880,286,000","905,554,000","944,136,000","928,057,000","993,754,000","974,671,000","989,311,000","923,360,000","875,300,000","903,200,000","864,200,000","777,400,000"
CostOfRevenue,"15,078,077,000","3,883,074,000","3,844,038,000","3,720,332,000","3,630,633,000","3,230,441,000","3,356,891,000","3,356,259,000","1,692,931,000","1,592,249,000","1,709,657,000","1,747,913,000","1,741,114,000","1,578,771,000","1,621,117,000","1,670,037,000","1,704,100,000","1,613,966,000","1,613,470,000","1,614,814,000","1,543,510,000","1,422,573,000","1,444,735,000","1,490,173,000","1,532,113,000","1,420,793,000","1,497,990,000","1,543,113,000","1,535,084,000","1,448,639,000","1,593,327,000","1,655,787,000","1,593,437,000","1,436,032,000","1,503,901,000","1,535,609,000","1,501,403,000","1,426,979,000","1,307,093,000","1,317,432,000","1,337,062,000","1,286,268,000","1,261,483,000","1,264,745,000","1,217,666,000","1,145,255,000","1,061,304,000","1,066,769,000","1,016,169,000","921,183,000","915,765,000","931,536,000","935,306,000","941,413,000","1,145,448,000","1,311,731,000","1,277,423,000","1,169,561,000","1,187,261,000","1,232,520,000","1,210,022,000","1,151,533,000","1,088,848,000","1,067,406,000","1,065,422,000","1,012,403,000","984,098,000","923,136,000","867,474,000","805,689,000","802,936,000","791,942,000","747,313,000","686,941,000","690,045,000","671,942,000","669,338,000","645,375,000","666,275,000","706,462,000","698,996,000","663,273,000","727,942,000","746,335,000","779,305,000","760,938,000","823,216,000","796,372,000","817,187,000","759,569,000","718,600,000","746,400,000","703,100,000","638,200,000"
GrossProfit,"4,030,139,000","1,049,107,000","1,007,882,000","1,007,993,000","965,157,000","811,036,000","771,950,000","785,542,000","393,775,000","376,398,000","389,795,000","400,197,000","408,974,000","382,496,000","390,330,000","397,208,000","399,894,000","379,949,000","383,176,000","385,345,000","366,114,000","350,018,000","348,527,000","365,039,000","379,469,000","355,168,000","363,550,000","380,786,000","381,634,000","367,691,000","402,158,000","422,363,000","411,728,000","374,793,000","376,170,000","395,651,000","392,550,000","381,080,000","337,270,000","338,754,000","335,672,000","319,750,000","328,039,000","315,631,000","306,849,000","286,050,000","270,283,000","257,786,000","242,952,000","227,416,000","216,957,000","220,891,000","223,912,000","238,177,000","284,346,000","316,356,000","310,330,000","295,645,000","301,920,000","313,087,000","308,086,000","299,023,000","287,205,000","275,660,000","270,554,000","253,105,000","252,624,000","208,313,000","194,586,000","185,182,000","184,996,000","182,566,000","183,707,000","160,852,000","160,074,000","153,659,000","150,900,000","145,432,000","149,190,000","146,487,000","149,453,000","145,644,000","152,344,000","159,219,000","164,831,000","167,119,000","170,538,000","178,299,000","172,124,000","163,791,000","156,700,000","156,800,000","161,100,000","139,200,000"
OperatingExpense,"3,077,488,000","765,078,000","787,598,000","778,527,000","746,285,000","677,785,000","679,190,000","607,447,000","378,505,000","315,485,000","305,987,000","306,464,000","311,024,000","311,770,000","299,830,000","299,691,000","308,711,000","306,708,000","301,732,000","296,095,000","283,009,000","282,929,000","266,519,000","272,484,000","291,482,000","285,660,000","273,592,000","274,438,000","291,381,000","280,506,000","277,980,000","289,115,000","295,895,000","281,834,000","265,615,000","272,005,000","282,659,000","244,173,000","287,014,000","235,722,000","239,621,000","236,218,000","236,553,000","223,879,000","221,853,000","221,305,000","210,242,000","196,540,000","191,597,000","189,140,000","174,357,000","174,719,000","176,274,000","194,646,000","211,137,000","217,805,000","213,494,000","218,572,000","203,132,000","203,791,000","204,481,000","216,488,000","194,052,000","175,483,000","175,826,000","176,180,000","178,121,000","161,007,000","145,671,000","146,620,000","145,567,000","141,678,000","140,836,000","134,593,000","-414,235,000","130,131,000","131,941,000","126,873,000","130,932,000","128,156,000","127,831,000","127,231,000","132,173,000","134,944,000","136,823,000","144,188,000","147,501,000","135,945,000","134,047,000","132,417,000","130,400,000","118,600,000","124,500,000","115,400,000"
	SellingGeneralAndAdministration,"2,873,163,000","718,098,000","733,689,000","721,795,000","699,581,000","636,576,000","637,914,000","561,971,000","359,750,000","299,392,000","289,915,000","290,852,000","295,842,000","296,528,000","284,154,000","284,073,000","292,888,000","290,829,000","285,473,000","280,021,000","267,288,000","266,964,000","249,930,000","255,547,000","274,523,000","269,286,000","256,971,000","258,151,000","275,242,000","264,585,000","260,939,000","271,697,000","278,709,000","265,462,000","248,646,000","255,202,000","265,506,000","227,456,000","275,884,000","225,812,000","231,179,000","228,139,000","227,807,000","216,205,000","214,212,000","213,759,000","203,991,000","190,577,000","185,977,000","183,039,000","168,238,000","168,309,000","169,914,000","187,489,000","204,574,000","211,262,000","206,802,000","211,639,000","193,527,000","194,753,000","195,295,000","207,558,000","184,641,000","168,830,000","169,512,000","169,898,000","170,812,000","157,300,000","141,987,000","142,681,000","141,517,000","137,246,000","136,181,000","129,588,000","127,609,000","124,983,000","126,820,000","121,740,000","125,733,000","123,157,000","123,424,000","122,069,000","124,101,000","127,043,000","129,187,000","136,825,000","141,071,000","128,591,000","128,190,000","126,457,000","128,800,000","113,000,000","115,200,000","110,400,000"
	DepreciationAmortizationDepletionIncomeStatement,"204,325,000","46,980,000","53,909,000","56,732,000","46,704,000","41,209,000","41,276,000","45,476,000","18,755,000","16,093,000","16,072,000","15,612,000","15,182,000","15,242,000","15,676,000","15,618,000","15,823,000","15,879,000","16,259,000","16,074,000","15,721,000","15,965,000","16,589,000","16,937,000","16,959,000","16,374,000","16,621,000","16,287,000","16,139,000","15,921,000","17,041,000","17,418,000","17,186,000","16,372,000","16,969,000","16,803,000","17,153,000","16,717,000","11,130,000","9,910,000","8,442,000","8,079,000","8,746,000","7,674,000","7,641,000","7,546,000","6,251,000","5,963,000","5,620,000","6,101,000","6,119,000","6,410,000","6,360,000","7,157,000","6,563,000","6,543,000","6,692,000","6,933,000","9,605,000","9,038,000","9,186,000","8,930,000","9,411,000","6,653,000","6,314,000","6,282,000","7,309,000","3,707,000","3,684,000","3,939,000","4,050,000","4,432,000","4,655,000","5,005,000","7,156,000","5,148,000","5,121,000","5,133,000","5,199,000","4,999,000","4,407,000","5,162,000","8,072,000","7,901,000","7,636,000","7,363,000","6,430,000","7,354,000","5,857,000","5,960,000","1,600,000","5,600,000","9,300,000","5,000,000"
		DepreciationAndAmortizationInIncomeStatement,"204,325,000","46,980,000","53,909,000","56,732,000","46,704,000","41,209,000","41,276,000","45,476,000","18,755,000","16,093,000","16,072,000","15,612,000","15,182,000","15,242,000","15,676,000","15,618,000","15,823,000","15,879,000","16,259,000","16,074,000","15,721,000","15,965,000","16,589,000","16,937,000","16,959,000","16,374,000","16,621,000","16,287,000","16,139,000","15,921,000","17,041,000","17,418,000","17,186,000","16,372,000","16,969,000","16,803,000","17,153,000","16,717,000","11,130,000","9,910,000","8,442,000","8,079,000","8,746,000","7,674,000","7,641,000","7,546,000","6,251,000","5,963,000","5,620,000","6,101,000","6,119,000","6,410,000","6,360,000","7,157,000","6,563,000","6,543,000","6,692,000","6,933,000","9,605,000","9,038,000","9,186,000","8,930,000","9,411,000","6,653,000","6,314,000","6,282,000","7,309,000","3,707,000","3,684,000","3,939,000","4,050,000","4,432,000","4,655,000","5,005,000","7,156,000","5,148,000","5,121,000","5,133,000","5,199,000","4,999,000","4,407,000","5,162,000","8,072,000","7,901,000","7,636,000","7,363,000","6,430,000","7,354,000","5,857,000","5,960,000","1,600,000","5,600,000","9,300,000","5,000,000"
OperatingIncome,"952,651,000","284,029,000","220,284,000","229,466,000","218,872,000","133,251,000","92,760,000","178,095,000","15,270,000","60,913,000","83,808,000","93,733,000","97,950,000","70,726,000","90,500,000","97,517,000","91,183,000","73,241,000","81,444,000","89,250,000","83,105,000","67,089,000","82,008,000","92,555,000","87,987,000","69,508,000","89,958,000","106,348,000","90,253,000","87,185,000","124,178,000","133,248,000","115,833,000","92,959,000","110,555,000","123,646,000","109,891,000","136,907,000","50,256,000","103,032,000","96,051,000","83,532,000","91,486,000","91,752,000","84,996,000","64,745,000","60,041,000","61,246,000","51,355,000","38,276,000","42,600,000","46,172,000","47,638,000","43,531,000","73,209,000","98,551,000","96,836,000","77,073,000","98,788,000","109,296,000","103,605,000","82,535,000","93,153,000","100,177,000","94,728,000","76,925,000","74,503,000","47,306,000","48,915,000","38,562,000","39,429,000","40,888,000","42,871,000","26,259,000","574,309,000","23,528,000","18,959,000","18,559,000","18,258,000","18,331,000","21,622,000","18,413,000","20,171,000","24,275,000","28,008,000","22,931,000","23,037,000","42,354,000","38,077,000","31,374,000","26,300,000","38,200,000","36,600,000","23,800,000"
NetNonOperatingInterestIncomeExpense,"-261,320,000","-63,620,000","-60,390,000","-69,720,000","-67,590,000","-70,373,000","-74,310,000","-74,540,000","-60,583,000","-16,472,000","-16,222,000","-13,508,000","-17,307,000","-17,120,000","-16,841,000","-17,050,000","-17,741,000","-19,783,000","-17,603,000","-17,311,000","-16,816,000","-16,721,000","-17,502,000","-20,792,000","-19,452,000","-18,829,000","-9,908,000","-20,417,000","-18,613,000","-20,894,000","-20,241,000","-20,798,000","-20,337,000","-20,688,000","-20,608,000","-21,304,000","-21,769,000","-21,926,000","-14,669,000","-12,654,000","-11,477,000","-8,962,000","-11,952,000","-15,079,000","-13,931,000","-12,641,000","-15,885,000","-13,748,000","-14,400,000","-13,530,000","-13,805,000","-13,599,000","-13,821,000","-12,518,000",,,,,,,,,,,,,,,,,,,,,,,,,,,,,,,,,,,,,,,,
	InterestExpenseNonOperating,,"63,620,000","60,390,000","69,720,000","67,590,000","70,373,000","74,310,000","74,540,000","60,583,000","16,472,000",,,,,,,,,,,,,,,,,,,,,,,,,,,,,,"12,654,000","11,477,000","8,962,000",,"15,079,000","13,931,000","12,641,000","15,885,000","13,748,000","14,400,000","13,530,000","13,805,000","13,599,000","13,821,000","12,518,000",,,,,,,,,,,,,,,,,,,,,,,,,,,,,,,,,,,,,,,,
	TotalOtherFinanceCost,,,,,"67,590,000",,,,"60,583,000","16,472,000","16,222,000","13,508,000","17,307,000","17,120,000","16,841,000","17,050,000","17,741,000","19,783,000","17,603,000","17,311,000","16,816,000","16,721,000","17,502,000","20,792,000","19,452,000","18,829,000","9,908,000","20,417,000","18,613,000","20,894,000","20,241,000","20,798,000","20,337,000","20,688,000","20,608,000","21,304,000","21,769,000","21,926,000","14,700,000",,"11,500,000",,,,,"12,600,000",,,"14,400,000",,,,,,,,,,,,,,,,,,,,,,,,,,,,,,,,,,,,,,,,,,,,,
OtherIncomeExpense,"44,181,000","-1,124,000","39,183,000","5,320,000","802,000","2,807,000","932,000","777,000",,,,,,,,,,,,,,,"0","-123,933,000",,,,,,,,,,,"-13,225,000","-2,315,000",,,"-3,500,000",,,,,,,,"1,000",,"1,778,000","2,506,000","874,000","7,352,000","1,101,000","1,626,000","1,695,000","2,274,000","2,638,000","2,744,000",,,,,"-5,658,000","-5,814,000","-6,264,000","-5,059,000","-9,354,000","-3,796,000","-3,004,000","-12,066,000","-2,649,000","-2,375,000","-2,917,000","-1,076,000","-1,045,000","-1,211,000","-1,279,000","-1,410,000","-2,766,000","-1,790,000","-1,687,000","-1,427,000","-2,359,000","-3,854,000","-4,599,000","-6,065,000","-16,106,000","-6,994,000","-5,986,000","-5,263,000","-5,300,000","-4,700,000","-4,900,000","-4,600,000"
	EarningsFromEquityInterest,,,,,,,"931,000","777,000",,,,,,,,,,,,,,,,,,,,,,,,,,,,,,,,,,,,,,,,,,,,,,,,,,,,,,,,,,,,,,,,,,,,,,,,,,,,,,,,,,,,,,
	SpecialIncomeCharges,,,,,,,,,,,,,,,,,,,,"0",,,"0","-123,933,000",,,,,,,"0","0",,"0","-13,225,000","-2,315,000",,,"-3,500,000",,,,"0","0","0","0","1,000","0","1,778,000","2,506,000","874,000","7,352,000","1,101,000","1,626,000","1,695,000","2,274,000","2,638,000","2,744,000",,,,,"-5,658,000","-5,814,000","-6,264,000","-5,059,000","-9,354,000","-3,796,000","-3,004,000","-12,066,000","-2,649,000","-2,375,000","-2,917,000","-1,076,000","-1,045,000","-1,211,000","-1,279,000","-1,410,000","-2,766,000","-1,790,000","-1,687,000","-1,427,000","-2,359,000","-3,854,000","-4,599,000","-6,065,000","-16,106,000","-6,994,000","-5,986,000","-5,263,000","-5,300,000","-4,700,000","-4,900,000","-4,600,000"
		OtherSpecialCharges,,,,,,,,,,,,,,,,,,,,,,,"0","123,933,000",,,,,,,,,,,"13,200,000",,,,"3,500,000",,,,,,,,,,,,,,,,,,,,,,,,,,,,,,,,,,,,,,,,,,,,,,,,,,,,,,,
		GainOnSaleOfBusiness,,,,,,,,,,,,,,,,,,,,,,,,,,,,,,,"0","0",,"0","0","-2,315,000",,,,,,,,,,,,,,,,,,,,,,,,,,,,,,,,,,,,,,,,,,,,,,,,,,,,,,,,,,
	OtherNonOperatingIncomeExpenses,"44,181,000","-1,124,000","39,183,000","5,320,000","802,000","2,807,000",,,,,,,,,,,,,,,,,,,,,,,,,,,,,,,,,,,,,,,,,,,,,,,,,,,,,,,,,,,,,,,,,,,,,,,,,,,,,,,,,,,,,,,,
PretaxIncome,"735,512,000","219,285,000","199,077,000","165,066,000","152,084,000","65,685,000","19,382,000","104,332,000","-45,313,000","44,441,000","67,586,000","80,225,000","80,643,000","53,606,000","73,659,000","80,467,000","73,442,000","53,458,000","63,841,000","71,939,000","66,289,000","50,368,000","64,506,000","-52,170,000","68,535,000","50,679,000","80,050,000","85,931,000","71,640,000","66,291,000","103,937,000","112,450,000","95,496,000","72,271,000","76,722,000","100,027,000","88,122,000","114,981,000","32,117,000","90,378,000","84,574,000","74,570,000","79,534,000","76,673,000","71,065,000","52,104,000","44,157,000","47,498,000","38,733,000","27,252,000","29,669,000","39,925,000","34,918,000","32,639,000","64,057,000","88,698,000","86,936,000","65,254,000","82,166,000","91,727,000","86,820,000","70,315,000","79,973,000","89,269,000","82,851,000","65,473,000","57,391,000","37,060,000","39,062,000","17,371,000","26,286,000","28,203,000","29,806,000","15,204,000","13,393,000","11,772,000","7,167,000","6,761,000","5,306,000","5,816,000","3,232,000","6,042,000","6,535,000","8,492,000","12,472,000","5,869,000","-4,184,000","24,314,000","21,350,000","15,233,000","11,500,000","22,900,000","19,200,000","4,800,000"
TaxProvision,"146,633,000","37,654,000","31,309,000","44,870,000","32,800,000","6,531,000","-904,000","24,294,000","-10,854,000","10,266,000","14,893,000","15,886,000","17,428,000","11,656,000","15,593,000","13,822,000","15,769,000","10,487,000","41,623,000","18,363,000","16,754,000","12,568,000","16,753,000","-21,149,000","18,683,000","16,145,000","31,490,000","23,547,000","21,001,000","19,498,000","29,959,000","31,632,000","26,709,000","20,416,000","18,766,000","30,909,000","22,771,000","30,887,000","5,621,000","26,987,000","25,642,000","21,630,000","24,696,000","22,783,000","20,858,000","14,799,000","9,334,000","13,837,000","10,940,000","8,052,000","7,916,000","6,306,000","8,464,000","9,377,000","22,190,000","22,830,000","26,809,000","20,424,000","21,134,000","19,953,000","27,153,000","22,157,000","21,666,000","29,884,000","27,673,000","21,023,000","17,656,000","12,052,000","11,623,000","6,027,000","9,197,000","9,166,000","10,720,000","5,483,000","3,948,000","3,399,000","-183,000","1,921,000","1,256,000","-3,167,000","3,232,000","1,526,000","2,410,000","3,397,000","4,959,000","2,377,000","-1,033,000","9,711,000","8,519,000","6,078,000","4,600,000","9,100,000","7,700,000","1,900,000"
NetIncomeCommonStockholders,"530,039,000","166,891,000","153,061,000","105,244,000","104,843,000","44,826,000","5,630,000","66,167,000","-35,782,000","34,407,000","53,097,000","64,495,000","63,464,000","42,369,000","58,133,000","66,849,000","57,940,000","44,421,000","22,542,000","53,675,000","49,510,000","37,729,000","47,345,000","-31,611,000","49,798,000","36,053,000","48,414,000","63,503,000","51,741,000","47,031,000","74,383,000","80,816,000","68,802,000","51,905,000","57,994,000","69,162,000","65,285,000","83,989,000","26,510,000","63,415,000","58,874,000","52,978,000","54,849,000","53,890,000","50,207,000","37,305,000","34,823,000","33,661,000","27,793,000","19,200,000","21,753,000","33,619,000","26,454,000","23,262,000","41,867,000","65,868,000","60,127,000","44,830,000","61,032,000","71,774,000","59,667,000","48,158,000","58,307,000","59,385,000","55,178,000","44,450,000","39,735,000","25,008,000","27,439,000","11,344,000","17,089,000","19,037,000","19,086,000","9,721,000","9,445,000","8,373,000","7,350,000","4,840,000","4,729,000","8,983,000","5,573,000","3,837,000","4,125,000","5,095,000","7,513,000","3,492,000","-3,151,000","14,603,000","12,831,000","9,155,000","6,900,000","13,800,000","1,000,000","2,900,000"
	NetIncome,"587,447,000","181,243,000","167,413,000","119,596,000","119,195,000","59,178,000","19,982,000","80,678,000","-34,506,000","34,407,000","53,097,000","64,495,000","63,464,000","42,369,000","58,133,000","66,849,000","57,940,000","44,421,000","22,542,000","53,675,000","49,510,000","37,729,000","47,345,000","-31,611,000","49,798,000","36,053,000","48,414,000","63,503,000","51,741,000","47,031,000","74,383,000","80,816,000","68,802,000","51,905,000","57,994,000","69,162,000","65,285,000","83,989,000","26,510,000","63,415,000","58,874,000","52,978,000","54,849,000","53,890,000","50,207,000","37,305,000","34,823,000","33,661,000","27,793,000","19,200,000","21,753,000","33,619,000","26,454,000","23,262,000","41,867,000","65,868,000","60,127,000","44,830,000","61,032,000","71,774,000","59,667,000","48,158,000","58,307,000","59,385,000","55,178,000","44,450,000","39,735,000","25,008,000","27,439,000","11,344,000","17,089,000","19,037,000","19,086,000","9,721,000","9,445,000","8,373,000","7,350,000","4,840,000","4,729,000","8,983,000","5,573,000","3,837,000","4,125,000","5,095,000","7,513,000","3,492,000","-3,151,000","14,603,000","12,831,000","9,155,000","6,900,000","13,800,000","1,000,000","2,900,000"
		NetIncomeIncludingNoncontrollingInterests,"588,879,000","181,631,000","167,768,000","120,196,000","119,284,000","59,154,000","20,286,000","80,038,000","-34,459,000","34,175,000","52,693,000","64,339,000","63,215,000","41,950,000","58,066,000","66,645,000","57,673,000","42,971,000","22,218,000","53,576,000","49,535,000","37,800,000","47,753,000","-31,021,000","49,852,000","34,534,000","48,560,000","62,384,000","50,639,000","46,793,000","73,978,000","80,818,000","68,787,000","51,855,000","57,956,000","69,118,000","65,351,000","84,094,000","26,496,000","63,391,000","58,932,000","52,940,000","54,838,000","53,890,000","50,207,000","37,305,000","34,823,000","33,661,000","27,793,000","19,200,000","21,753,000","33,619,000","26,454,000","23,262,000","41,867,000","65,868,000","60,127,000","44,830,000","61,032,000","71,774,000","59,667,000","48,158,000","58,307,000","59,385,000","55,178,000","44,450,000","39,735,000","25,008,000","27,439,000","11,344,000","17,089,000","19,037,000","19,086,000","9,721,000","9,445,000","8,373,000","7,350,000","4,840,000","4,729,000","8,983,000","5,573,000","3,837,000","4,125,000","5,095,000","7,513,000","3,492,000","-3,151,000","14,603,000","12,831,000","9,155,000","6,900,000","13,800,000","1,000,000","2,900,000"
			NetIncomeContinuousOperations,"588,879,000","181,631,000","167,768,000","120,196,000","119,284,000","59,154,000","20,286,000","80,038,000","-34,459,000","34,175,000","52,693,000","64,339,000","63,215,000","41,950,000","58,066,000","66,645,000","57,673,000","42,971,000","22,218,000","53,576,000","49,535,000","37,800,000","47,753,000","-31,021,000","49,852,000","34,534,000","48,560,000","62,384,000","50,639,000","46,793,000","73,978,000","80,818,000","68,787,000","51,855,000","57,956,000","69,118,000","65,351,000","84,094,000","26,496,000","63,391,000","58,932,000","52,940,000","54,838,000","53,890,000","50,207,000","37,305,000","34,823,000","33,661,000","27,793,000","19,200,000","21,753,000","33,619,000","26,454,000","23,262,000","41,867,000","65,868,000","60,127,000","44,830,000","61,032,000","71,774,000","59,667,000","48,158,000","58,307,000","59,385,000","55,178,000","44,450,000","39,735,000","25,008,000","27,439,000","11,344,000","17,089,000","19,037,000","19,086,000","9,721,000","9,445,000","8,373,000","7,350,000","4,840,000","4,050,000","8,983,000","5,573,000","4,516,000","4,125,000","5,095,000","7,513,000","3,492,000","-3,151,000","14,603,000","12,831,000","9,155,000","6,900,000","13,800,000","11,500,000","2,900,000"
			NetIncomeExtraordinary,,,,,,,,,,,,,,,,,,,,,,,,,,,,,,,,,,,,,,,,,,,,,,,,,,,,,,,,,,,,,,,,,,,,,,,,,,,,,,,,,,"-679,000",,,,,,,,,,,,
			NetIncomeFromTaxLossCarryforward,,,,,,,,,,,,,,,,,,,,,,,,,,,,,,,,,,,,,,,,,,,,,,,,,,,,,,,,,,,,,,,,,,,,,,,,,,,,,,,,,,,,,,,,,,,"0",,"-10,500,000",
		MinorityInterests,"-1,432,000","-388,000","-355,000","-600,000","-89,000","24,000","-304,000","640,000","-47,000","232,000","404,000","156,000","249,000","419,000","67,000","204,000","267,000","1,450,000","324,000","99,000","-25,000","-71,000","-408,000","-590,000","-54,000","1,519,000","-146,000","1,119,000","1,102,000","238,000","405,000","-2,000","15,000","50,000","38,000","44,000","-66,000","-105,000","14,000","24,000","-58,000","38,000",,,,,,,,,,,,,,,,,,,,,,,,,,,,,,,,,,,,,,,,,,,,,,,,,,,,
	PreferredStockDividends,"57,408,000","14,352,000","14,352,000","14,352,000","14,352,000","14,352,000","14,352,000","14,511,000","1,276,000",,,,,,,,,,,,,,,,,,,,,,,,,,,,,,,,,,,,,,,,,,,,,,,,,,,,,,,,,,,,,,,,,,,,,,,,,,,,,,,,,,,,,
DilutedNIAvailtoComStockholders,"530,039,000","166,891,000","153,061,000","105,244,000","104,843,000","44,826,000","5,630,000","66,167,000","-35,782,000","34,407,000","53,097,000","64,495,000","63,464,000","42,369,000","58,133,000","66,849,000","57,940,000","44,421,000","22,542,000","53,675,000","49,510,000","37,729,000","47,345,000","-31,611,000","49,798,000","36,053,000","48,414,000","63,503,000","51,741,000","47,031,000","74,383,000","80,816,000","68,802,000","51,905,000","57,994,000","69,162,000","65,285,000","83,989,000","26,510,000","63,415,000","58,874,000","52,978,000","54,849,000","53,890,000","50,207,000","37,305,000","34,823,000","33,661,000","27,793,000","19,200,000","21,753,000","33,619,000","26,454,000","23,262,000","41,867,000","65,868,000","60,127,000","44,830,000","61,032,000","71,774,000","59,667,000","48,158,000","58,307,000","59,385,000","55,178,000","44,450,000","39,735,000","25,008,000","27,439,000","11,344,000","17,089,000","19,037,000","19,086,000","9,721,000","9,445,000","8,373,000","7,350,000","4,840,000","4,729,000","8,983,000","5,573,000","3,837,000","4,125,000","5,095,000","7,513,000","3,492,000","-3,151,000","14,603,000","12,831,000","9,155,000","6,900,000","13,800,000","1,000,000","2,900,000"
BasicEPS,,"3.291","3.032","2.088","2.084","0.89","0.112","1.322","-0.715","0.822","1.27","1.544","1.495","0.945","1.29","1.429","1.231","0.943","0.479","1.143","1.032","0.773","0.975","-0.65","1.179","0.852","1.148","1.506","1.189","1.062",,"1.817","1.549","1.168","1.31","1.566","1.48","1.908","1.103","1.25","1.15","1.03",,"1.11","1","0.865",,"0.74","0.654","0.45",,"0.795","0.625","0.55",,"1.56","1.41","1.05",,"1.62","1.3","0.98",,"1.21","1.13","0.93",,"0.53","0.58","0.24",,"0.45","0.46","0.24",,"0.19","0.16","0.11",,"0.2","0.12","0.08",,"0.11","0.17","0.08",,"0.32","0.28","0.2",,"0.29","0.03","0.08"
DilutedEPS,,"3.19","2.93","2.02","2.02","0.87","0.11","1.31","-0.84","0.82","1.26","1.52","1.45","0.93","1.26","1.41","1.22","0.93","0.47","1.12","1.02","0.76","0.96","-0.65","1.02","0.77","1.03","1.28","1","0.9",,"1.52","1.29","0.97","1.09","1.32","1.25","1.6","0.95","1.25","1.15","1.03",,"1.11","1","0.74",,"0.74","0.6","0.44",,"0.79","0.62","0.55",,"1.53","1.38","1.02",,"1.54","1.22","0.93",,"1.13","1.05","0.86",,"0.51","0.56","0.23",,"0.43","0.44","0.23",,"0.18","0.16","0.1",,"0.19","0.12","0.08",,"0.11","0.16","0.07",,"0.31","0.27","0.19",,"0.27","0.03","0.08"
BasicAverageShares,,"50,709,912","50,474,806","50,408,102","50,298,404","50,124,000","50,064,985","50,042,751","50,042,436","41,873,053","41,797,093","41,783,995","42,477,792","44,854,825","45,106,085","46,753,475","47,099,031","47,075,959","47,009,540","46,999,652","47,972,383","48,773,972","48,611,497","48,587,942","42,242,237","42,233,706","42,173,790","42,164,170","43,580,243","44,269,663",,"44,480,660","44,470,801","44,432,109","44,267,460","44,196,111","44,120,638","44,072,913","44,061,451","50,800,000","51,100,000","51,300,000",,"48,500,000","50,300,000","43,123,709",,"45,500,000","42,443,117","42,443,117",,"42,257,177","42,246,795","42,246,795",,"42,154,940","42,643,262","42,695,238",,"44,304,938","45,897,692","49,140,816",,"49,078,512","48,830,088","47,795,699",,"47,184,906","47,308,621","47,266,667",,"42,304,444","41,491,304","40,504,167",,"44,068,421","45,937,500","44,000,000",,"44,915,000","46,441,667","47,962,500",,"46,318,182","44,194,118","43,650,000",,"45,634,375","45,825,000","45,775,000",,"47,586,207","33,333,333","36,250,000"
DilutedAverageShares,,"52,237,000","52,269,000","52,063,000","51,994,000","51,708,000","51,069,000","50,487,000","50,042,436","42,075,000","42,210,000","42,378,000","43,800,000","45,500,000","46,200,000","47,500,000","47,600,000","47,600,000","47,500,000","47,800,000","48,800,000","49,400,000","49,200,000","48,700,000","48,600,000","46,800,000","47,200,000","49,700,000","51,900,000","52,200,000",,"53,200,000","53,500,000","53,400,000","53,200,000","52,500,000","52,300,000","52,400,000","51,400,000","50,800,000","51,100,000","51,300,000",,"48,500,000","50,300,000","50,400,000",,"45,500,000","46,000,000","43,653,983",,"42,800,000","42,700,000","42,564,190",,"43,099,637","43,570,290","43,950,980",,"46,606,494","48,907,377","51,782,796",,"52,553,097","52,550,476","51,686,047",,"49,035,294","48,998,214","49,321,739",,"44,272,093","43,377,273","42,265,217",,"46,516,667","45,937,500","48,400,000",,"47,278,947","46,441,667","47,962,500",,"46,318,182","46,956,250","49,885,714",,"47,106,452","47,522,222","48,184,211",,"51,111,111","33,333,333","36,250,000"
TotalOperatingIncomeAsReported,"952,651,000","284,029,000","220,284,000","229,466,000","218,872,000","133,251,000","92,760,000","178,095,000","15,270,000","60,913,000","83,808,000","93,733,000","97,950,000","70,726,000","90,500,000","97,517,000","91,183,000","73,241,000","81,444,000","89,250,000","83,105,000","67,089,000","82,008,000","92,555,000","87,987,000","69,508,000","89,958,000","106,348,000","90,253,000","87,185,000","124,178,000","133,248,000","115,833,000","92,959,000","110,555,000","123,646,000","109,891,000","136,907,000","50,256,000","103,032,000","96,051,000","83,532,000","91,486,000","91,752,000","84,996,000","64,745,000","60,041,000","61,246,000","51,355,000","38,276,000","42,600,000","46,172,000","47,638,000","43,531,000","73,209,000","98,551,000","96,836,000","77,073,000","98,788,000","109,296,000","103,605,000","82,535,000","93,153,000","100,177,000","94,728,000","76,925,000","74,503,000","47,306,000","48,915,000","38,562,000","39,429,000","40,888,000","42,871,000","26,259,000","25,309,000","23,528,000","18,959,000","18,559,000","18,258,000","18,331,000","21,622,000","18,413,000","20,171,000","24,275,000","28,008,000","22,931,000","23,037,000","42,354,000","38,077,000","31,374,000","26,300,000","38,200,000","36,600,000","23,800,000"
TotalExpenses,"18,155,565,000","4,648,152,000","4,631,636,000","4,498,859,000","4,376,918,000","3,908,226,000","4,036,081,000","3,963,706,000","2,071,436,000","1,907,734,000","2,015,644,000","2,054,377,000","2,052,138,000","1,890,541,000","1,920,947,000","1,969,728,000","2,012,811,000","1,920,674,000","1,915,202,000","1,910,909,000","1,826,519,000","1,705,502,000","1,711,254,000","1,762,657,000","1,823,595,000","1,706,453,000","1,771,582,000","1,817,551,000","1,826,465,000","1,729,145,000","1,871,307,000","1,944,902,000","1,889,332,000","1,717,866,000","1,769,516,000","1,807,614,000","1,784,062,000","1,671,152,000","1,594,107,000","1,553,154,000","1,576,683,000","1,522,486,000","1,498,036,000","1,488,624,000","1,439,519,000","1,366,560,000","1,271,546,000","1,263,309,000","1,207,766,000","1,110,323,000","1,090,122,000","1,106,255,000","1,111,580,000","1,136,059,000","1,356,585,000","1,529,536,000","1,490,917,000","1,388,133,000","1,390,393,000","1,436,311,000","1,414,503,000","1,368,021,000","1,282,900,000","1,242,889,000","1,241,248,000","1,188,583,000","1,162,219,000","1,084,143,000","1,013,145,000","952,309,000","948,503,000","933,620,000","888,149,000","821,534,000","275,810,000","802,073,000","801,279,000","772,248,000","797,207,000","834,618,000","826,827,000","790,504,000","860,115,000","881,279,000","916,128,000","905,126,000","970,717,000","932,317,000","951,234,000","891,986,000","849,000,000","865,000,000","827,600,000","753,600,000"
NetIncomeFromContinuingAndDiscontinuedOperation,"587,447,000","181,243,000","167,413,000","119,596,000","119,195,000","59,178,000","19,982,000","80,678,000","-34,506,000","34,407,000","53,097,000","64,495,000","63,464,000","42,369,000","58,133,000","66,849,000","57,940,000","44,421,000","22,542,000","53,675,000","49,510,000","37,729,000","47,345,000","-31,611,000","49,798,000","36,053,000","48,414,000","63,503,000","51,741,000","47,031,000","74,383,000","80,816,000","68,802,000","51,905,000","57,994,000","69,162,000","65,285,000","83,989,000","26,510,000","63,415,000","58,874,000","52,978,000","54,849,000","53,890,000","50,207,000","37,305,000","34,823,000","33,661,000","27,793,000","19,200,000","21,753,000","33,619,000","26,454,000","23,262,000","41,867,000","65,868,000","60,127,000","44,830,000","61,032,000","71,774,000","59,667,000","48,158,000","58,307,000","59,385,000","55,178,000","44,450,000","39,735,000","25,008,000","27,439,000","11,344,000","17,089,000","19,037,000","19,086,000","9,721,000","9,445,000","8,373,000","7,350,000","4,840,000","4,050,000","8,983,000","5,573,000","4,516,000","4,125,000","5,095,000","7,513,000","3,492,000","-3,151,000","14,603,000","12,831,000","9,155,000","6,900,000","13,800,000","11,500,000","2,900,000"
NormalizedIncome,"587,447,000","181,243,000","167,413,000","119,596,000","119,195,000","59,178,000","19,982,000","80,678,000","-34,506,000","34,407,000","53,097,000","64,495,000","63,464,000","42,369,000","58,133,000","66,849,000","57,940,000","44,421,000","22,542,000","53,675,000","49,510,000","37,729,000","47,345,000","42,748,800","49,798,000","36,053,000","48,414,000","63,503,000","51,741,000","47,031,000","74,383,000","80,816,000","68,802,000","51,905,000","67,984,199.682","70,761,665","65,285,000","83,989,000","26,510,000","63,415,000","58,874,000","52,978,000","54,849,000","53,890,000","50,207,000","37,305,000","34,822,211.382","33,661,000","26,517,189.864","17,434,434.17","21,112,192.356","27,428,220.088","25,619,878.515","22,103,140.599","40,759,165.337","64,179,305.418","58,302,496.618","42,944,850.89","61,032,000","71,774,000","59,667,000","48,158,000","62,432,154.815","63,252,685.199","59,349,766.086","47,884,584.485","46,211,297.503","27,569,531.786","29,549,151.964","19,223,609.925","18,811,162.406","20,640,122.895","20,953,874.321","10,408,963.431","10,181,954.006","9,234,340.724","8,117,400","5,849,377.311","6,161,251.413","10,057,000","6,585,200","5,582,589.209","5,614,039.786","7,407,400","10,283,388.631","7,131,000","8,978,542.543","18,803,599.737","16,428,487.869","12,318,051.599","10,080,000","16,632,314.41","14,440,000","5,679,166.667"
InterestExpense,,"63,620,000","60,390,000","69,720,000","67,590,000","70,373,000","74,310,000","74,540,000","60,583,000","16,472,000",,,,,,,,,,,,,,,,,,,,,,,,,,,,,,"12,654,000","11,477,000","8,962,000",,"15,079,000","13,931,000","12,641,000","15,885,000","13,748,000","14,400,000","13,530,000","13,805,000","13,599,000","13,821,000","12,518,000",,,,,,,,,,,,,,,,,,,,,,,,,,,,,,,,,,,,,,,,
NetInterestIncome,"-261,320,000","-63,620,000","-60,390,000","-69,720,000","-67,590,000","-70,373,000","-74,310,000","-74,540,000","-60,583,000","-16,472,000","-16,222,000","-13,508,000","-17,307,000","-17,120,000","-16,841,000","-17,050,000","-17,741,000","-19,783,000","-17,603,000","-17,311,000","-16,816,000","-16,721,000","-17,502,000","-20,792,000","-19,452,000","-18,829,000","-9,908,000","-20,417,000","-18,613,000","-20,894,000","-20,241,000","-20,798,000","-20,337,000","-20,688,000","-20,608,000","-21,304,000","-21,769,000","-21,926,000","-14,669,000","-12,654,000","-11,477,000","-8,962,000","-11,952,000","-15,079,000","-13,931,000","-12,641,000","-15,885,000","-13,748,000","-14,400,000","-13,530,000","-13,805,000","-13,599,000","-13,821,000","-12,518,000",,,,,,,,,,,,,,,,,,,,,,,,,,,,,,,,,,,,,,,,
EBIT,"948,720,000","282,905,000","211,355,000","234,786,000","219,674,000","136,058,000","91,297,000","178,872,000","15,270,000","60,913,000","83,808,000","93,733,000","97,950,000","70,726,000","90,500,000","97,517,000","91,183,000","73,241,000","81,444,000","89,250,000","83,105,000","67,089,000","82,008,000","92,555,000","87,987,000","69,508,000","89,958,000","106,348,000","90,253,000","87,185,000","124,178,000","133,248,000","115,833,000","92,959,000","110,555,000","123,646,000","109,891,000","136,907,000","50,256,000","103,032,000","96,051,000","83,532,000","91,486,000","91,752,000","84,996,000","64,745,000","60,042,000","61,246,000","53,133,000","40,782,000","43,474,000","53,524,000","48,739,000","45,157,000","82,561,000","98,551,000","96,836,000","77,073,000","98,788,000","109,296,000","103,605,000","82,535,000","93,153,000","100,177,000","94,728,000","76,925,000","74,503,000","47,306,000","48,915,000","38,562,000","39,429,000","40,888,000","42,871,000","26,259,000","574,309,000","23,528,000","18,959,000","18,559,000","18,258,000","18,331,000","21,622,000","18,413,000","20,171,000","24,275,000","28,008,000","22,931,000","23,037,000","42,354,000","38,077,000","31,374,000","26,300,000","38,200,000","36,600,000","23,800,000"
EBITDA,"1,153,045,000"
ReconciledCostOfRevenue,"15,078,077,000","3,883,074,000","3,844,038,000","3,720,332,000","3,630,633,000","3,230,441,000","3,356,891,000","3,356,259,000","1,692,931,000","1,592,249,000","1,709,657,000","1,747,914,000","1,741,114,000","1,578,771,000","1,621,117,000","1,670,037,000","1,704,099,000","1,613,966,000","1,613,470,000","1,614,816,000","1,543,510,000","1,422,573,000","1,444,735,000","1,490,173,000","1,532,114,000","1,420,793,000","1,497,990,000","1,543,113,000","1,535,084,000","1,448,639,000","1,593,327,000","1,655,787,000","1,593,437,000","1,436,032,000","1,503,901,000","1,535,609,000","1,501,403,000","1,426,979,000","1,307,093,000","1,317,432,000","1,337,062,000","1,286,268,000","1,261,483,000","1,264,745,000","1,217,666,000","1,145,255,000","1,061,304,000","1,066,769,000","1,016,169,000","921,183,000","915,765,000","931,536,000","935,307,000","941,413,000","1,145,448,000","1,313,629,000","1,276,473,000","1,168,613,000","1,185,964,000","1,231,552,000","1,209,064,000","1,150,564,000","1,088,005,000","1,066,851,000","1,064,852,000","1,011,851,000","985,668,000","922,286,000","867,678,000","805,402,000","800,155,000","793,215,000","745,751,000","686,782,000","689,905,000","671,914,000","669,793,000","644,373,000","668,253,000","704,031,000","698,723,000","663,054,000","728,807,000","744,659,000","779,414,000","760,472,000","823,216,000","796,372,000","817,187,000","759,569,000","718,600,000","746,400,000","703,100,000","638,200,000"
ReconciledDepreciation,"204,325,000","46,980,000","53,909,000","56,732,000","46,704,000","41,209,000","41,276,000","45,476,000","18,755,000","16,093,000","16,072,000","15,611,000","15,182,000","15,242,000","15,676,000","15,618,000","15,824,000","15,879,000","16,259,000","16,072,000","15,721,000","15,965,000","16,589,000","16,937,000","16,958,000","16,374,000","16,621,000","16,287,000","16,139,000","15,921,000","17,041,000","17,418,000","17,186,000","16,372,000","16,969,000","16,803,000","17,153,000","16,717,000","11,130,000","9,910,000","8,442,000","8,079,000","8,746,000","7,674,000","7,641,000","7,546,000","6,251,000","5,963,000","5,620,000","6,101,000","6,119,000","6,410,000","6,359,000","7,157,000","6,563,000","4,645,000","7,642,000","7,881,000","10,902,000","10,006,000","10,144,000","9,899,000","10,254,000","7,208,000","6,884,000","6,834,000","5,739,000","4,557,000","3,480,000","4,226,000","6,831,000","3,159,000","6,217,000","5,164,000","7,296,000","5,176,000","4,666,000","6,135,000","3,221,000","7,430,000","4,680,000","5,381,000","7,207,000","9,577,000","7,527,000","7,829,000","6,430,000","7,354,000","5,857,000","5,960,000","1,600,000","5,600,000","9,300,000","5,000,000"
NetIncomeFromContinuingOperationNetMinorityInterest,"587,447,000","181,243,000","167,413,000","119,596,000","119,195,000","59,178,000","19,982,000","80,678,000","-34,506,000","34,407,000","53,097,000","64,495,000","63,464,000","42,369,000","58,133,000","66,849,000","57,940,000","44,421,000","22,542,000","53,675,000","49,510,000","37,729,000","47,345,000","-31,611,000","49,798,000","36,053,000","48,414,000","63,503,000","51,741,000","47,031,000","74,383,000","80,816,000","68,802,000","51,905,000","57,994,000","69,162,000","65,285,000","83,989,000","26,510,000","63,415,000","58,874,000","52,978,000","54,849,000","53,890,000","50,207,000","37,305,000","34,823,000","33,661,000","27,793,000","19,200,000","21,753,000","33,619,000","26,454,000","23,262,000","41,867,000","65,868,000","60,127,000","44,830,000","61,032,000","71,774,000","59,667,000","48,158,000","58,307,000","59,385,000","55,178,000","44,450,000","39,735,000","25,008,000","27,439,000","11,344,000","17,089,000","19,037,000","19,086,000","9,721,000","9,445,000","8,373,000","7,350,000","4,840,000","4,050,000","8,983,000","5,573,000","4,516,000","4,125,000","5,095,000","7,513,000","3,492,000","-3,151,000","14,603,000","12,831,000","9,155,000","6,900,000","13,800,000","11,500,000","2,900,000"
TotalUnusualItemsExcludingGoodwill,,,,,,,,,,,,,,,,,,,,"0",,,"0","-123,933,000",,,,,,,"0","0",,"0","-13,225,000","-2,315,000",,,"-3,500,000",,,,"0","0","0","0","1,000","0","1,778,000","2,506,000","874,000","7,352,000","1,101,000","1,626,000","1,695,000","2,274,000","2,638,000","2,744,000",,,,,"-5,658,000","-5,814,000","-6,264,000","-5,059,000","-9,354,000","-3,796,000","-3,004,000","-12,066,000","-2,649,000","-2,375,000","-2,917,000","-1,076,000","-1,045,000","-1,211,000","-1,279,000","-1,410,000","-2,766,000","-1,790,000","-1,687,000","-1,427,000","-2,359,000","-3,854,000","-4,599,000","-6,065,000","-16,106,000","-6,994,000","-5,986,000","-5,263,000","-5,300,000","-4,700,000","-4,900,000","-4,600,000"
TotalUnusualItems,,,,,,,,,,,,,,,,,,,,"0",,,"0","-123,933,000",,,,,,,"0","0",,"0","-13,225,000","-2,315,000",,,"-3,500,000",,,,"0","0","0","0","1,000","0","1,778,000","2,506,000","874,000","7,352,000","1,101,000","1,626,000","1,695,000","2,274,000","2,638,000","2,744,000",,,,,"-5,658,000","-5,814,000","-6,264,000","-5,059,000","-9,354,000","-3,796,000","-3,004,000","-12,066,000","-2,649,000","-2,375,000","-2,917,000","-1,076,000","-1,045,000","-1,211,000","-1,279,000","-1,410,000","-2,766,000","-1,790,000","-1,687,000","-1,427,000","-2,359,000","-3,854,000","-4,599,000","-6,065,000","-16,106,000","-6,994,000","-5,986,000","-5,263,000","-5,300,000","-4,700,000","-4,900,000","-4,600,000"
NormalizedEBITDA,"1,153,045,000","329,885,000","265,264,000","291,518,000","266,378,000","177,267,000","132,573,000","224,348,000","34,025,000","77,006,000","99,880,000","109,345,000","113,132,000","85,968,000","106,176,000","113,135,000","107,007,000","89,120,000","97,703,000","105,324,000","98,826,000","83,054,000","98,597,000","233,425,000","104,946,000","85,882,000","106,579,000","122,635,000","106,392,000","103,106,000","141,219,000","150,666,000","133,019,000","109,331,000","140,749,000","142,764,000","127,044,000","153,624,000","61,386,000","112,942,000","104,493,000","91,611,000","100,232,000","99,426,000","92,637,000","72,291,000","66,292,000","67,209,000","56,975,000","44,377,000","48,719,000","52,582,000","53,998,000","50,688,000","87,429,000","102,820,000","101,840,000","82,210,000","109,690,000","119,302,000","113,749,000","92,434,000","109,065,000","113,199,000","107,876,000","88,818,000","91,166,000","55,659,000","55,603,000","54,854,000","48,909,000","47,695,000","52,005,000","32,499,000","582,650,000","29,915,000","25,359,000","26,104,000","26,223,000","27,551,000","27,989,000","25,221,000","30,602,000","37,706,000","40,243,000","36,825,000","45,573,000","56,702,000","49,920,000","42,597,000","33,200,000","48,500,000","50,800,000","33,400,000"
TaxRateForCalcs,"0.199","0.172","0.157","0.272","0.216","0.099","0.27","0.233","0.24","0.231","0.22","0.198","0.216","0.217","0.212","0.172","0.215","0.196","0.4","0.255","0.253","0.25","0.26","0.4","0.273","0.319","0.393","0.274","0.293","0.294","0.288","0.281","0.28","0.282","0.245","0.309","0.258","0.269","0.175","0.299","0.303","0.29","0.311","0.297","0.294","0.284","0.211","0.291","0.282","0.295","0.267","0.158","0.242","0.287","0.346","0.257","0.308","0.313","0.257","0.218","0.313","0.315","0.271","0.335","0.334","0.321","0.308","0.325","0.298","0.347","0.35","0.325","0.36","0.361","0.295","0.289","0.4","0.284","0.237","0.4","0.4","0.253","0.369","0.4","0.398","0.4","0.247","0.399","0.399","0.399","0.4","0.397","0.4","0.396"
TaxEffectOfUnusualItems,"0","0","0","0","0","0","0","0","0","0","0","0","0","0","0","0","0","0","0","0","0","0","0","-49,573,200","0","0","0","0","0","0","0","0","0","0","-3,234,800.318","-715,335","0","0","0","0","0","0","0","0","0","0","211.382","0","502,189.864","740,434.17","233,192.356","1,161,220.088","266,878.515","467,140.599","587,165.337","585,305.418","813,496.618","858,850.89","0","0","0","0","-1,532,845.185","-1,946,314.801","-2,092,233.914","-1,624,415.515","-2,877,702.497","-1,234,468.214","-893,848.036","-4,186,390.075","-926,837.594","-771,877.105","-1,049,125.679","-388,036.569","-308,045.994","-349,659.276","-511,600","-400,622.689","-654,748.587","-716,000","-674,800","-360,410.791","-869,960.214","-1,541,600","-1,828,611.369","-2,426,000","-3,976,457.457","-2,793,400.263","-2,388,512.131","-2,099,948.401","-2,120,000","-1,867,685.59","-1,960,000","-1,820,833.333"