name,ttm,03/31/2022,12/31/2021,09/30/2021,06/30/2021,03/31/2021,12/31/2020,09/30/2020,06/30/2020,03/31/2020,12/31/2019,09/30/2019,06/30/2019,03/31/2019,12/31/2018,09/30/2018,06/30/2018,03/31/2018,12/31/2017,09/30/2017,06/30/2017,03/31/2017,12/31/2016,09/30/2016,06/30/2016,03/31/2016,12/31/2015,09/30/2015,06/30/2015,03/31/2015,12/31/2014,09/30/2014,06/30/2014,03/31/2014,12/31/2013,09/30/2013,06/30/2013,03/31/2013,12/31/2012,09/30/2012,06/30/2012,03/31/2012,12/31/2011,09/30/2011,06/30/2011,03/31/2011,12/31/2010,09/30/2010,06/30/2010,03/31/2010,12/31/2009,09/30/2009,06/30/2009,03/31/2009,12/31/2008,09/30/2008,06/30/2008,03/31/2008,12/31/2007,09/30/2007,06/30/2007,03/31/2007,12/31/2006,09/30/2006,06/30/2006,03/31/2006,12/31/2005,09/30/2005,06/30/2005,03/31/2005,12/31/2004,09/30/2004,06/30/2004,03/31/2004,12/31/2003,09/30/2003,06/30/2003,03/31/2003,12/31/2002,09/30/2002,06/30/2002,03/31/2002,12/31/2001,09/30/2001,06/30/2001,03/31/2001,12/31/2000,09/30/2000,06/30/2000,03/31/2000,12/31/1999,09/30/1999,06/30/1999,03/31/1999,12/31/1998,09/30/1998,06/30/1998,03/31/1998,12/31/1997,09/30/1997,06/30/1997,03/31/1997,12/31/1996,09/30/1996,06/30/1996,03/31/1996,12/31/1995,09/30/1995,06/30/1995,03/31/1995,12/31/1994,09/30/1994,06/30/1994,03/31/1994,10/31/1993,07/31/1993,04/30/1993,01/31/1993,10/31/1992,07/31/1992,04/30/1992,01/31/1992,10/31/1991,07/31/1991,04/30/1991,01/31/1991,10/31/1990,07/31/1990,04/30/1990,01/31/1990,10/31/1989,07/31/1989,04/30/1989,01/31/1989,10/31/1988,07/31/1988,04/30/1988,01/31/1988,10/31/1987,07/31/1987,04/30/1987,01/31/1987,10/31/1986,07/31/1986,04/30/1986,01/31/1986,10/31/1985
TotalRevenue,"1,925,438,000","488,643,000","473,203,000","470,255,000","493,337,000","460,203,000","474,317,000","452,242,000","402,306,000","404,960,000","427,191,000","437,880,000","435,348,000","408,583,000","397,820,000","400,550,000","411,002,000","380,564,000","309,247,000","308,000,000","320,342,000","285,819,000","309,901,000","364,012,000","382,718,000","378,787,000","464,365,000","464,629,000","489,534,000","466,246,000","501,951,000","512,489,000","523,427,000","523,196,000","592,405,000","640,779,000","650,544,000","603,682,000","629,879,000","636,308,000","645,868,000","593,187,000","615,018,000","611,416,000","622,459,000","847,824,000","840,732,000","861,214,000","877,021,000","837,447,000","900,943,000","903,221,000","912,687,000","863,984,000","896,522,000","310,371,000","313,014,000","302,854,000","320,637,000","324,213,000","316,821,000","302,046,000","331,429,000","311,877,000","307,829,000","292,143,000","305,558,000","240,356,000","93,723,000","87,697,000","95,963,000","85,960,000","77,465,000","69,191,000","74,451,000","74,635,000","74,800,000","69,734,000","24,893,000","25,671,000","18,914,000","27,873,000","69,288,000","23,914,000","39,625,000","36,677,000","23,989,000","22,574,000","266,169,000","190,018,000","91,200,000","250,700,000","250,800,000","178,200,000","141,000,000","227,100,000","232,900,000","172,100,000","88,300,000","275,000,000","226,100,000","205,400,000","207,300,000","206,400,000","246,500,000","328,900,000","315,100,000","291,900,000","279,300,000","298,000,000","268,900,000","256,100,000","267,400,000","270,100,000","243,400,000","264,100,000","99,800,000","332,500,000","308,500,000","317,500,000","280,300,000","338,900,000","303,100,000","302,800,000","297,600,000","320,100,000","300,500,000","297,200,000","309,000,000","324,000,000","295,800,000","302,400,000","299,200,000","306,800,000","282,600,000","286,500,000","267,100,000","291,500,000","301,300,000","284,600,000","350,600,000","269,500,000","287,200,000","276,100,000","276,800,000","286,500,000","266,400,000"
	OperatingRevenue,"1,925,438,000","488,643,000","473,203,000","470,255,000","493,337,000","460,203,000","474,317,000","452,242,000","402,306,000","404,960,000","427,191,000","437,880,000","435,348,000","408,583,000","397,820,000","400,550,000","411,002,000","380,564,000","309,247,000","308,000,000","320,342,000","285,819,000","309,901,000","364,012,000","382,718,000","378,787,000","464,365,000","464,629,000","489,534,000","466,246,000","501,951,000","512,489,000","523,427,000","523,196,000","592,405,000","640,779,000","650,544,000","603,682,000","629,879,000","636,308,000","645,868,000","593,187,000","615,018,000","611,416,000","622,459,000","847,824,000","840,732,000","861,214,000","877,021,000","837,447,000","900,943,000","903,221,000","912,687,000","863,984,000","896,522,000","310,371,000","313,014,000","302,854,000","320,637,000","324,213,000","316,821,000","302,046,000","331,429,000","311,877,000","307,829,000","292,143,000","305,558,000","240,356,000","93,723,000","87,697,000","95,963,000","85,960,000","77,465,000","69,191,000","74,451,000","74,635,000","74,800,000","69,734,000","24,893,000","25,671,000","18,914,000","27,873,000","24,779,000","23,914,000","39,625,000","36,677,000","23,989,000","22,574,000","266,169,000","190,018,000","91,200,000","250,700,000","250,800,000","178,200,000","141,000,000","227,100,000","232,900,000","172,100,000","88,300,000","275,000,000","226,100,000","205,400,000","207,300,000","206,400,000","246,500,000","328,900,000","315,100,000","291,900,000","279,300,000","298,000,000","268,900,000","256,100,000","267,400,000","270,100,000","243,400,000","264,100,000","99,800,000","332,500,000","308,500,000","317,500,000","280,300,000","338,900,000","303,100,000","302,800,000","297,600,000","320,100,000","300,500,000","297,200,000","309,000,000","324,000,000","295,800,000","302,400,000","299,200,000","306,800,000","282,600,000","286,500,000","267,100,000","291,500,000","301,300,000","284,600,000","350,600,000","269,500,000","287,200,000","276,100,000","276,800,000","286,500,000","266,400,000"
CostOfRevenue,"1,231,007,000","323,605,000","302,522,000","299,898,000","304,982,000","291,340,000","296,370,000","289,979,000","258,694,000","267,301,000","287,469,000","282,411,000","271,852,000","261,529,000","243,647,000","248,498,000","254,061,000","240,555,000","150,967,000","156,463,000","151,257,000","142,275,000","208,625,000","186,546,000","202,554,000","214,736,000","272,316,000","291,524,000","315,122,000","303,272,000","335,019,000","343,807,000","347,780,000","374,190,000","436,437,000","469,177,000","473,298,000","460,828,000","464,276,000","478,425,000","483,080,000","455,467,000","454,440,000","458,000,000","464,798,000","659,788,000","643,192,000","667,063,000","659,084,000","641,422,000","682,009,000","684,071,000","686,462,000","675,942,000","759,891,000","222,206,000","220,527,000","212,910,000","209,804,000","217,502,000","211,195,000","201,862,000","210,288,000","205,202,000","200,285,000","198,094,000","201,029,000","152,772,000","45,652,000","43,338,000","48,458,000","42,944,000","41,604,000","37,385,000","39,473,000","38,295,000","37,589,000","36,255,000",,,,,,,,,,,"125,379,000","86,478,000","75,000,000","122,700,000","118,300,000","80,100,000","97,100,000","111,700,000","103,100,000","68,500,000","57,700,000","133,400,000","118,900,000","117,500,000","115,700,000","116,900,000","146,400,000","220,300,000","228,600,000","196,000,000","190,700,000","197,600,000","175,500,000","170,300,000","178,600,000","173,900,000","169,200,000","175,700,000",,,,,,,,"221,900,000",,,"222,000,000","218,200,000","242,200,000","233,300,000",,,,,,,,,,,,,,,,,
GrossProfit,"694,431,000","165,038,000","170,681,000","170,357,000","188,355,000","168,863,000","177,947,000","162,263,000","143,612,000","137,659,000","139,722,000","155,469,000","163,496,000","147,054,000","154,173,000","152,052,000","156,941,000","140,009,000","158,280,000","151,537,000","169,085,000","143,544,000","101,276,000","177,466,000","180,164,000","164,051,000","192,049,000","173,105,000","174,412,000","162,974,000","166,932,000","168,682,000","175,647,000","149,006,000","155,968,000","171,602,000","177,246,000","142,854,000","165,603,000","157,883,000","162,788,000","137,720,000","160,578,000","153,416,000","157,661,000","188,036,000","197,540,000","194,151,000","217,937,000","196,025,000","218,934,000","219,150,000","226,225,000","188,042,000","136,631,000","88,165,000","92,487,000","89,944,000","110,833,000","106,711,000","105,626,000","100,184,000","121,141,000","106,675,000","107,544,000","94,049,000","104,529,000","87,584,000","48,071,000","44,359,000","47,505,000","43,016,000","35,861,000","31,806,000","34,978,000","36,340,000","37,211,000","33,479,000",,,"18,914,000",,,,,,"24,110,000",,"140,790,000","103,540,000","16,200,000","128,000,000","132,500,000","98,100,000","43,900,000","115,400,000","129,800,000","103,600,000","30,600,000","141,600,000","107,200,000","87,900,000","91,600,000","89,500,000","100,100,000","108,600,000","86,500,000","95,900,000","88,600,000","100,400,000","93,400,000","85,800,000","88,800,000","96,200,000","74,200,000","88,400,000",,,,,,,,"80,900,000",,,"78,500,000","79,000,000","66,800,000","90,700,000",,,,,,,,,,,,,,,,,
OperatingExpense,"365,231,000","93,831,000","83,223,000","93,780,000","93,675,000","84,242,000","91,051,000","77,540,000","81,910,000","79,514,000","85,617,000","77,083,000","79,265,000","78,516,000","103,911,000","73,902,000","80,823,000","81,345,000","88,267,000","85,845,000","84,289,000","83,540,000","40,419,000","106,644,000","108,428,000","98,293,000","118,198,000","109,801,000","109,461,000","103,341,000","101,440,000","110,831,000","110,910,000","103,693,000","127,975,000","117,190,000","113,879,000","117,352,000","105,241,000","115,415,000","111,701,000","106,762,000","122,525,000","121,026,000","109,862,000","147,784,000","156,440,000","146,397,000","142,860,000","158,091,000","181,072,000","145,075,000","158,005,000","163,067,000","567,282,000","84,450,000","84,280,000","80,952,000","48,743,000","82,960,000","95,037,000","91,297,000","102,374,000","92,052,000","93,853,000","93,850,000","130,748,000","81,720,000","45,342,000","43,923,000","53,573,000","37,488,000","32,565,000","31,828,000","50,797,000","34,187,000","31,356,000","29,863,000","17,466,000","24,964,000","21,005,000","21,087,000","56,719,000","22,695,000","25,711,000","14,488,000","33,620,000","16,719,000","112,508,000","90,732,000","82,300,000","96,900,000","105,700,000","85,400,000","45,600,000","106,600,000","107,000,000","93,700,000","45,300,000","116,100,000","136,100,000","70,300,000","80,200,000","78,100,000","82,300,000","83,100,000","105,100,000","83,200,000","76,400,000","75,600,000","76,300,000","74,400,000","72,400,000","64,700,000","84,300,000","70,100,000",,,,,,,,"63,400,000",,,"61,900,000","63,300,000","43,900,000","64,300,000",,,,,,,,,,,,,,,,,
	SellingGeneralAndAdministration,"252,670,000","62,300,000","64,394,000","62,840,000","63,114,000","52,600,000","59,323,000","47,322,000","48,592,000","50,400,000","53,940,000","46,169,000","50,784,000","49,313,000","71,425,000","46,545,000","49,163,000","50,356,000","51,891,000","52,960,000","51,280,000","52,450,000","61,161,000","58,938,000","61,124,000","64,646,000","72,401,000","63,683,000","60,771,000","60,312,000","60,135,000","65,774,000","66,982,000","70,366,000","77,169,000","76,518,000","74,795,000","65,310,000","68,665,000","72,320,000","73,907,000","72,916,000","92,192,000","89,845,000","79,495,000","103,627,000","110,664,000","97,948,000","97,512,000","110,482,000","132,180,000","97,909,000","112,746,000","109,878,000","62,936,000","53,749,000","66,587,000","65,446,000","69,762,000","62,938,000","76,633,000","75,312,000","80,349,000","75,753,000","78,444,000","80,469,000","99,394,000","71,677,000","39,801,000","38,397,000","44,907,000","32,684,000","29,101,000","28,477,000","24,922,000","27,814,000","27,942,000","26,480,000","15,776,000","23,359,000","19,331,000","19,506,000","19,180,000","21,141,000","24,300,000","12,734,000","32,252,000","15,367,000","100,261,000","78,804,000","69,800,000","85,500,000","94,200,000","73,900,000","34,200,000","95,100,000","95,400,000","82,400,000","33,900,000","102,100,000","125,500,000","61,900,000","67,900,000","66,400,000","69,200,000","67,500,000","101,200,000","68,500,000","63,300,000","60,300,000","63,400,000","61,500,000","59,200,000","52,200,000","72,500,000","58,000,000",,,,,,,,"50,900,000",,,"49,800,000","51,300,000","33,100,000","52,100,000",,,,,,,,,,,,,,,,,
		GeneralAndAdministrativeExpense,"252,670,000","62,300,000","64,394,000","62,840,000","63,114,000","52,600,000","59,323,000","47,322,000","48,592,000","50,400,000","53,940,000","46,169,000","50,784,000","49,313,000","71,425,000","46,545,000","49,163,000","50,356,000","51,891,000","52,960,000","51,280,000","52,450,000","61,161,000","58,938,000","61,124,000","64,646,000","72,401,000","63,683,000","60,771,000","60,312,000","60,135,000","65,774,000","66,982,000","70,366,000","77,169,000","76,518,000","74,795,000","65,310,000","69,984,000",,,,,,,,,,,,,"97,909,000",,,,"36,075,000","42,122,000","44,911,000","49,808,000","42,009,000","55,975,000","57,583,000","61,595,000","55,871,000","58,563,000","60,367,000","80,082,000","56,527,000","35,374,000","33,814,000","41,087,000","28,713,000","24,472,000","24,310,000",,"23,402,000","23,899,000","23,380,000",,,,,,,,,,,,,,,,,,,,,,,,,,,,,,,,,,,,,,,,,,,,,,,,,,,,,,,,,,,,,,,,,,,,,
			SalariesAndWages,,"39,300,000",,,,"7,400,000",,,,"33,500,000",,,,,,,,,,,,,,,,,,,,,,,,,,,,,,,,,,,,,,,,,,,,,,,,,,,,,,,,,,,,,,,,,,,,,,,,,,,,,,,,,,,,,,,,,,,,,,,,,,,,,,,,,,,,,,,,,,,,,,,,,,,,,,,,,,,,,,,,,
			OtherGandA,"247,070,000","23,000,000","64,394,000","62,840,000","63,114,000","45,200,000","59,323,000","47,322,000","48,592,000","16,900,000","53,940,000","46,169,000","50,784,000","49,313,000","71,425,000","46,545,000","49,163,000","50,356,000","51,891,000","52,960,000","51,280,000","52,450,000","61,161,000","58,938,000","61,124,000","64,646,000","72,401,000","63,683,000","60,771,000","60,312,000","60,135,000","65,774,000","66,982,000","70,366,000","77,169,000","76,518,000","74,795,000","65,310,000","69,984,000",,,,,,,,,,,,,,,,,"36,075,000","42,122,000","44,911,000","49,808,000","42,009,000","55,975,000","57,583,000","61,595,000","55,871,000","58,563,000","60,367,000","80,082,000","56,527,000","35,374,000","33,814,000","41,087,000","28,713,000","24,472,000","24,310,000",,"23,402,000","23,899,000","23,380,000",,,,,,,,,,,,,,,,,,,,,,,,,,,,,,,,,,,,,,,,,,,,,,,,,,,,,,,,,,,,,,,,,,,,,
		SellingAndMarketingExpense,,,,,,,,,,,,,,,,,,,,,,,,,,,,,,,,,,,,,,,,,,,,,,,,,,,,,,,,"17,674,000","24,465,000","20,535,000","19,954,000","20,929,000","20,658,000","17,729,000","18,754,000","19,882,000","19,881,000","20,102,000","19,312,000","15,150,000","4,427,000","4,583,000","3,820,000","3,971,000","4,629,000","4,167,000",,"4,412,000","4,043,000","3,100,000",,,,,,,,,,,,,,,,,,,,,,,,,,,,,,,,,,,,,,,,,,,,,,,,,,,,,,,,,,,,,,,,,,,,,
	DepreciationAmortizationDepletionIncomeStatement,"127,229,000","33,231,000","32,297,000","30,940,000","30,761,000","31,542,000","34,049,000","32,966,000","34,714,000","31,046,000","33,718,000","33,306,000","31,484,000","33,185,000","34,230,000","29,070,000","33,427,000","32,152,000","33,997,000","31,216,000","31,309,000","29,165,000","30,248,000","29,362,000","30,749,000","32,345,000","33,751,000","36,420,000","39,335,000","36,880,000","41,563,000","36,274,000","39,495,000","42,021,000","47,518,000","44,325,000","38,719,000","51,797,000","36,840,000","41,878,000","35,947,000","32,311,000","32,020,000","30,816,000","29,842,000","43,125,000","44,724,000","46,178,000","44,944,000","46,326,000","46,882,000","47,020,000","44,687,000","51,662,000","23,928,000","30,701,000","17,693,000","15,993,000","18,911,000","20,022,000","18,404,000","15,985,000","21,796,000","16,299,000","14,751,000","13,381,000","15,560,000","10,043,000","5,541,000","5,526,000","8,666,000","4,804,000","3,464,000","3,351,000","3,875,000","3,379,000","3,414,000","3,383,000","1,690,000","1,605,000","1,674,000","1,581,000","1,787,000","1,554,000","1,411,000","1,754,000","1,368,000","1,352,000","12,247,000","11,928,000","12,500,000","11,400,000","11,500,000","11,500,000","11,400,000","11,500,000","11,600,000","11,300,000","11,400,000","14,000,000","10,600,000","8,400,000","12,300,000","11,700,000","13,100,000","15,600,000","3,900,000","14,700,000","13,100,000","15,300,000","12,900,000","12,900,000","13,200,000","12,500,000","11,800,000","12,100,000",,,,,,,,"12,500,000",,,"12,100,000","12,000,000","10,800,000","12,200,000",,,,,,,,,,,,,,,,,
		DepreciationAndAmortizationInIncomeStatement,"127,229,000","33,231,000","32,297,000","30,940,000","30,761,000","31,542,000","34,049,000","32,966,000","34,714,000","31,046,000","33,718,000","33,306,000","31,484,000","33,185,000","34,230,000","29,070,000","33,427,000","32,152,000","33,997,000","31,216,000","31,309,000","29,165,000","30,248,000","29,362,000","30,749,000","32,345,000","33,751,000","36,420,000","39,335,000","36,880,000","41,563,000","36,274,000","39,495,000","42,021,000","47,518,000","44,325,000","38,719,000","51,797,000","36,840,000","41,878,000","35,947,000","32,311,000","32,020,000","30,816,000","29,842,000","43,125,000","44,724,000","46,178,000","44,944,000","46,326,000","46,882,000","47,020,000","44,687,000","51,662,000","23,928,000","30,701,000","17,693,000","15,993,000","18,911,000","20,022,000","18,404,000","15,985,000","21,796,000","16,299,000","14,751,000","13,381,000","15,560,000","10,043,000","5,541,000","5,526,000","8,666,000","4,804,000","3,464,000","3,351,000","3,875,000","3,379,000","3,414,000","3,383,000","1,690,000","1,605,000","1,674,000","1,581,000","1,787,000","1,554,000","1,411,000","1,754,000","1,368,000","1,352,000","12,247,000","11,928,000","12,500,000","11,400,000","11,500,000","11,500,000","11,400,000","11,500,000","11,600,000","11,300,000","11,400,000","14,000,000","10,600,000","8,400,000","12,300,000","11,700,000","13,100,000","15,600,000","3,900,000","14,700,000","13,100,000","15,300,000","12,900,000","12,900,000","13,200,000","12,500,000","11,800,000","12,100,000",,,,,,,,"12,500,000",,,"12,100,000","12,000,000","10,800,000","12,200,000",,,,,,,,,,,,,,,,,
	OtherOperatingExpenses,"-14,668,000","-1,700,000","-13,468,000",,"-200,000","100,000","-2,321,000","-2,748,000","-1,396,000","-1,932,000","-2,041,000","-2,392,000","-3,003,000","-3,982,000","-1,744,000","-1,713,000","-1,767,000","-1,163,000","2,379,000","1,669,000","1,700,000","1,925,000","-50,990,000","18,344,000","16,555,000","1,302,000","12,046,000","9,698,000","9,355,000","6,149,000","-258,000","8,783,000","4,433,000","-8,694,000","3,288,000","-3,653,000","365,000","245,000","-264,000","1,217,000","1,847,000","1,535,000",,"365,000","525,000","1,032,000","1,052,000","2,271,000","404,000","1,283,000","2,010,000","146,000","572,000","1,527,000","480,418,000",,,"-487,000",,,,,"229,000",,"658,000",,,,,,,,,,"22,000,000","2,994,000",,,,,,,,,,,,,,,,,,,,,,,,,,,,,,,,,,,,,,,,,,,,,,,,,,,,,,,,,,,,,,,,,,,,,,,
OperatingIncome,"329,200,000","71,207,000","87,458,000","76,577,000","94,680,000","84,621,000","86,896,000","84,723,000","61,702,000","58,145,000","54,105,000","78,386,000","84,231,000","68,538,000","50,262,000","78,150,000","76,118,000","58,664,000","70,013,000","65,692,000","84,796,000","60,004,000","60,857,000","70,822,000","71,736,000","65,758,000","73,851,000","63,304,000","64,951,000","59,633,000","65,492,000","57,851,000","64,737,000","45,313,000","27,993,000","54,412,000","63,367,000","25,502,000","60,362,000","42,468,000","51,087,000","30,958,000","38,053,000","32,390,000","47,799,000","40,252,000","41,100,000","47,754,000","75,077,000","37,934,000","37,862,000","74,075,000","68,220,000","24,975,000","-430,651,000","3,715,000","8,207,000","8,992,000","62,090,000","23,751,000","10,589,000","8,887,000","18,767,000","14,623,000","13,691,000","199,000","-26,219,000","5,864,000","2,729,000","436,000","-6,068,000","5,528,000","3,296,000","-22,000","-15,819,000","2,153,000","5,855,000","3,616,000","7,427,000","707,000","-2,091,000","6,786,000","12,569,000","1,219,000","13,914,000","22,189,000","-9,510,000","5,855,000","28,282,000","12,808,000","-66,100,000","31,100,000","26,800,000","12,700,000","-1,700,000","8,800,000","22,800,000","9,900,000","-14,700,000","25,500,000","-28,900,000","17,600,000","11,400,000","11,400,000","17,800,000","25,500,000","-18,600,000","12,700,000","12,200,000","24,800,000","17,100,000","11,400,000","16,400,000","31,500,000","-10,100,000","18,300,000","-924,000,000","332,500,000","308,500,000","317,500,000","-900,400,000","338,900,000","303,100,000","17,500,000","-869,600,000","320,100,000","16,600,000","15,700,000","22,900,000","26,400,000","295,800,000","302,400,000","-811,000,000","306,800,000","282,600,000","286,500,000","-739,900,000","291,500,000","301,300,000","284,600,000","-729,500,000","269,500,000","287,200,000","276,100,000","-770,200,000","286,500,000","266,400,000"
NetNonOperatingInterestIncomeExpense,"-106,764,000","-26,365,000","-26,195,000","-26,000,000","-28,204,000","-28,786,000","-31,041,000","-29,086,000","-29,085,000","-28,525,000","-29,028,000","-27,930,000","-29,931,000","-29,082,000","-29,679,000","-29,625,000","-30,136,000","-30,178,000","-30,172,000","-29,977,000","-28,935,000","-28,975,000","-29,319,000","-28,731,000","-28,643,000","-28,109,000","-28,185,000","-27,938,000","-17,201,000","-12,757,000","-12,864,000","-13,204,000","-13,130,000","-12,994,000","-13,464,000","-15,620,000","-18,964,000","-20,964,000","-48,208,000","-21,566,000","-28,002,000","-28,235,000","-28,383,000","-28,381,000","-27,941,000","-34,328,000","-32,694,000","-33,868,000","-34,389,000","-36,278,000","-37,037,000","-36,457,000","-31,065,000","-22,149,000",,,,,,,,,,,,,,,,,,,,,,,,,,,,,,,,,,,,,,,,,,,,,,,,,,,,,,,,,,,,,,,,,,,,,,,,,,,,,,,,,,,,,,,,,,,,,
	InterestIncomeNonOperating,,,,,,,,,,,,,,,,,,,,,,,,,,,,,,,,,,,,,,,,"0","0",,,"3,000","148,000",,,,,,,,,,,,,,,,,,,,,,,,,,,,,,,,,,,,,,,,,,,,,,,,,,,,,,,,,,,,,,,,,,,,,,,,,,,,,,,,,,,,,,,,,,,,,,,,,,,,,,
	InterestExpenseNonOperating,"106,764,000","26,365,000","26,195,000","26,000,000","28,204,000","28,786,000","60,108,000","29,086,000","29,085,000","28,525,000","29,028,000","27,930,000","29,931,000","29,082,000","29,679,000","29,625,000","30,136,000","30,178,000","30,172,000","29,977,000","28,935,000","28,975,000","29,319,000","28,731,000","28,643,000","28,109,000","28,185,000","27,938,000","17,201,000","12,757,000","12,864,000","13,204,000","13,130,000","12,994,000","13,464,000","15,620,000","18,964,000","20,964,000","20,801,000","21,566,000","28,002,000","28,235,000","28,195,000","28,384,000","28,089,000","34,328,000","32,694,000","33,868,000","34,389,000","36,278,000","37,037,000","36,457,000","31,065,000","22,149,000",,,,,,,,,,,,,,,,,,,,,,,,,,,,,,,,,,,,,,,,,,,,,,,,,,,,,,,,,,,,,,,,,,,,,,,,,,,,,,,,,,,,,,,,,,,,,
OtherIncomeExpense,"14,645,000","6,072,000","-10,302,000","3,697,000","14,378,000","-1,424,000","-8,218,000","-3,194,000","-1,185,000","-8,298,000","7,470,000","2,855,000","-8,561,000","428,000","-1,201,000","450,392,000","-3,718,000","-14,133,000","-2,214,000","-4,160,000","-56,158,000","1,105,000","19,034,000","35,764,000","-5,812,000","-1,667,000","94,756,000","-7,151,000","-7,666,000","-7,124,000","-13,575,000","-10,555,000","-26,000","44,224,000","14,776,000","-25,329,000","-27,348,000","-5,309,000","6,639,000","-60,266,000","-37,251,000","18,889,000","-8,050,000","301,000","-176,000","-9,289,000","-27,240,000","-27,064,000","-22,134,000","-10,193,000","-51,087,000","-15,197,000","-13,714,000","-18,559,000","-504,996,000","-232,000","-7,934,000","-70,935,000","41,056,000","-1,789,000","-58,261,000","24,352,000","5,925,000","20,983,000","32,129,000","11,596,000","13,207,000","-38,395,000","11,256,000","17,434,000","12,684,000","-4,317,000","4,472,000","5,509,000","-3,156,000","4,232,000","2,171,000","2,606,000","-934,000","-14,000","-1,130,000","-1,175,000","815,000","4,689,000","-1,199,000","-1,241,000","-23,072,000","7,064,000","5,415,000","16,358,000","87,200,000","4,300,000","7,600,000","3,700,000","23,700,000","15,700,000","10,300,000","9,900,000","34,500,000","7,900,000","2,800,000","4,100,000","-69,700,000","79,800,000","600,000","1,200,000","-700,000","-1,000,000","10,000,000","6,800,000","-7,800,000","1,300,000","1,200,000","2,700,000","12,000,000","-300,000",,,,,,,,"-1,200,000",,,"3,200,000","800,000","-27,900,000","2,500,000",,,,,,,,,,,,,,,,,
	GainOnSaleOfSecurity,"2,147,000","2,111,000","33,000",,,,"4,000",,,,"24,599,000","340,000",,,"304,000","450,133,000",,,"617,000",,,,"375,000",,,,"52,035,000",,,,"23,000",,,,"23,515,000","2,273,000","48,000",,"6,786,000",,,"27,407,000",,,,,,,,,,,,,,,,,,,,,,,,,,,,,,,,,,,,,,,,,,,,,,,,,,,,,,,,,,,,,,,,,,,,,,,,,,,,,,,,,,,,,,,,,,,,,,,,,,,,,,,,,
	EarningsFromEquityInterest,,,,"2,300,000","1,700,000","1,600,000",,,,,,,,,,,,,,,,,,,,,,,,,,,,,,,,,,,,,,,,,,,,,,,,,,,,,,,,,,,,,,,,,,,,,,,,,,,,,,,,,,,,,,,,,,,,,,,,,,,,,,,,,,,,,,,,,,,,,,,,,,,,,,,,,,,,,,,,,,,,,
	SpecialIncomeCharges,"13,136,000","3,254,000","-761,000","526,000","10,917,000","-5,053,000","-8,800,000","-3,375,000","-1,041,000","-9,374,000","-18,734,000","637,000","-10,808,000","-2,272,000","-4,463,000","-802,000","-4,635,000","-14,877,000","-3,684,000","-4,035,000","-59,002,000","716,000","18,358,000","35,266,000","-6,088,000","-1,929,000","39,311,000","-7,365,000","-7,938,000","-7,363,000","-13,775,000","-10,928,000","-883,000","43,701,000","-6,659,000","-27,602,000","-27,396,000","-3,038,000","-31,169,000","-60,266,000","-37,251,000","-8,518,000","-8,534,000","301,000","-176,000","-9,289,000","-27,240,000","-27,064,000","-22,134,000","-10,193,000","-51,087,000","-15,197,000","-13,714,000","-18,559,000","-504,996,000","-232,000","-7,934,000","-70,935,000","41,056,000","-1,789,000","-58,261,000","24,352,000","5,925,000","20,983,000","32,129,000","11,596,000","13,207,000","-38,395,000","11,256,000","17,434,000","12,684,000","-4,317,000","4,472,000","5,509,000","-3,156,000","4,232,000","2,171,000","2,606,000","-934,000","-14,000","-1,130,000","-1,175,000","815,000","4,689,000","-1,199,000","-1,241,000","-23,072,000","7,064,000","5,415,000","16,358,000","87,200,000","4,300,000","7,600,000","3,700,000","23,700,000","15,700,000","10,300,000","9,900,000","34,500,000","7,900,000","2,800,000","4,100,000","-69,700,000","79,800,000","600,000","1,200,000","-700,000","-1,000,000","10,000,000","6,800,000","-7,800,000","1,300,000","1,200,000","2,700,000","12,000,000","-300,000",,,,,,,,"-1,200,000",,,"3,200,000","800,000","-27,900,000","2,500,000",,,,,,,,,,,,,,,,,
		RestructuringAndMergernAcquisition,"-33,285,000","-3,870,000","341,000","-1,092,000","-29,464,000","4,418,000","5,019,000","3,352,000","924,000","4,787,000","12,073,000","-637,000","3,460,000","786,000","1,922,000","455,000","3,032,000","3,196,000","1,133,000","2,994,000","58,749,000","-1,226,000","-21,608,000","-35,627,000","563,000","-5,176,000","-53,994,000","5,852,000","-9,375,000","5,426,000","6,530,000","7,520,000","883,000","-44,033,000","-20,834,000","22,275,000","6,377,000","3,038,000","14,789,000","11,285,000","9,426,000","5,531,000",,,,,"0","0","0","0","2,125,000","1,725,000","3,013,000","4,161,000","3,101,000","-82,000","-41,000","935,000","4,163,000","1,807,000","79,044,000","403,000","-470,000","2,165,000","775,000","803,000",,,,,,,,,"0","-2,994,000",,,,,,,,,,,,,,,,,,,,,,,,,,,,,,,,,,,,,,,,,,,,,,,,,,,,,,,,,,,,,,,,,,,,,,,
		ImpairmentOfCapitalAssets,"2,232,000","616,000","420,000","566,000","630,000","635,000","3,310,000","23,000","117,000","4,587,000","5,315,000","0","198,000","1,486,000","2,541,000","347,000","1,603,000","206,000","2,293,000","1,041,000","253,000","510,000","3,250,000","361,000","5,525,000","7,105,000","11,533,000","1,513,000","10,018,000","1,937,000","7,245,000","3,408,000","0","332,000","19,949,000","5,327,000","0","0","13,316,000","0","3,270,000","4,511,000","4,621,000","0","365,000","9,612,000","28,053,000","27,409,000","2,414,000","11,601,000","51,024,000","15,528,000","8,700,000","6,880,000",,,,,,,,,,,,,,,,,,,,,,,,,,,,,,,,,,,,,,,,,,,,,,,,,,,,,,,,,,,,,,,,,,,,,,,,,,,,,,,,,,,,,,,,,,,,,
		OtherSpecialCharges,"8,496,000",,"0",,"17,917,000",,,,,,"1,346,000",,"7,150,000",,"0",,,"11,475,000",,"1,775,000",,,,,,,"0",,"7,295,000",,,,,,"7,544,000",,"21,019,000",,"3,064,000","48,981,000","24,555,000","-1,524,000","3,913,000","-301,000","-189,000","-323,000","-813,000","-345,000","19,720,000","-1,408,000","-2,062,000","-2,056,000","2,001,000","7,518,000","501,895,000","314,000","7,975,000","70,000,000","-45,219,000","-18,000","-20,783,000","-24,755,000","-5,455,000","-23,148,000","-32,904,000","-12,399,000",,,,,,,,,"3,156,000","-1,238,000",,,,,,,,,,,,,,,,,,,,,,,,,,,,,,,,,,,,,,,,,,,,,,,,,,,,,,,,,,,,,,,,,,,,,,,
	OtherNonOperatingIncomeExpenses,"-638,000","707,000","-3,980,000","871,000","1,761,000","2,029,000","336,000","181,000","-144,000","1,076,000","1,605,000","1,878,000","2,247,000","2,700,000","2,958,000","1,061,000","917,000","744,000","-1,491,000","-125,000","2,844,000","389,000","-47,000","498,000","276,000","262,000","81,000","214,000","272,000","239,000","-999,000","373,000","857,000","523,000","233,000",,,"-2,271,000","551,000",,,,,,,,,,,,,,,,,,,,,,,,,,,,,,,,,,,,,,,,,,,,,,,,,,,,,,,,,,,,,,,,,,,,,,,,,,,,,,,,,,,,,,,,,,,,,,,,,,,,,,,,,,,,
PretaxIncome,"236,947,000","50,834,000","50,961,000","54,366,000","80,786,000","54,465,000","47,637,000","52,443,000","31,432,000","21,283,000","32,547,000","53,311,000","45,739,000","39,884,000","19,382,000","498,917,000","42,264,000","14,353,000","37,627,000","31,555,000","-297,000","32,134,000","50,572,000","77,855,000","37,281,000","35,982,000","140,422,000","28,215,000","40,084,000","39,752,000","39,053,000","34,092,000","51,581,000","76,543,000","29,305,000","13,463,000","17,055,000","-771,000","18,793,000","-39,364,000","-14,166,000","21,612,000","1,620,000","4,310,000","19,682,000","-3,365,000","20,831,000","-13,178,000","18,554,000","-8,537,000","-50,262,000","22,421,000","23,441,000","-15,733,000","-481,218,000","-10,102,000","-13,671,000","-75,921,000","48,049,000","6,473,000","-62,958,000","17,850,000","10,881,000","1,180,000","8,232,000","-15,581,000","-21,189,000","-54,612,000","1,501,000","7,617,000","-3,900,000","-3,806,000","-1,236,000","-4,147,000","-12,543,000","1,547,000","-1,341,000","-2,236,000","1,578,000","-5,137,000","-8,778,000","-749,000","1,576,000","-1,214,000","2,900,000","14,400,000","-35,622,000","12,398,000","10,202,000","6,043,000","900,000","12,700,000","12,200,000","-3,200,000","3,300,000","6,800,000","15,400,000","3,200,000","1,800,000","14,400,000","-43,500,000","1,900,000","-77,500,000","76,400,000","-700,000","4,500,000","-43,300,000","-9,500,000","1,900,000","12,800,000","-10,000,000","-5,600,000","-800,000","15,800,000","-15,100,000","2,200,000",,,,,,,,"-3,500,000",,,"1,100,000","-1,500,000","-20,500,000","10,100,000",,,,,,,,,,,,,,,,,
TaxProvision,"40,519,000","13,432,000","-1,170,000","13,195,000","15,062,000","13,099,000","8,903,000","12,690,000","6,528,000","6,842,000","6,014,000","7,184,000","13,353,000","7,990,000","551,000","107,668,000","12,388,000","-5,806,000","-121,649,000","17,298,000","1,548,000","9,793,000","21,681,000","28,965,000","10,801,000","10,619,000","51,741,000","19,892,000","15,259,000","12,245,000","15,759,000","11,262,000","22,574,000","30,240,000","-3,620,000","15,625,000","5,053,000","-2,904,000","-6,616,000","-12,672,000","-8,673,000","6,878,000","-2,670,000","1,766,000","8,308,000","-1,956,000","31,589,000","-12,269,000","7,812,000","-5,137,000","-35,544,000","8,155,000","8,549,000","-4,809,000","-87,002,000","2,938,000","-6,766,000","-8,464,000","16,031,000","4,174,000","-36,002,000","7,443,000","7,967,000","-344,000","2,532,000","-5,766,000","-4,886,000","-14,657,000","497,000","2,513,000","-924,000","-15,618,000","50,000","-991,000","-2,356,000","1,052,000","195,000","-262,000","223,000","-2,582,000","-1,267,000","297,000","10,000","554,000","1,940,000","6,192,000","-3,015,000","4,749,000","5,612,000","3,323,000","-1,200,000","9,500,000","7,000,000","-2,000,000","3,200,000","4,500,000","7,300,000","1,600,000","1,000,000","3,500,000","-12,300,000","3,100,000","-23,500,000","29,100,000","2,900,000","2,700,000","-4,300,000","-3,700,000","900,000","6,100,000","-3,600,000","-2,700,000","800,000","7,000,000","4,500,000","1,800,000",,,,,,,,"-400,000",,,"1,400,000","800,000","-6,000,000","4,400,000",,,,,,,,,,,,,,,,,
NetIncomeCommonStockholders,"196,428,000","37,402,000","52,131,000","41,171,000","65,724,000","41,366,000","38,734,000","39,753,000","24,904,000","14,441,000","26,533,000","46,127,000","32,386,000","31,894,000","18,831,000","391,249,000","29,876,000","20,159,000","159,276,000","14,257,000","-1,845,000","22,341,000","28,891,000","48,890,000","26,480,000","25,363,000","85,856,000","7,584,000","40,195,000","27,507,000","23,294,000","22,830,000","29,007,000","46,303,000","33,069,000","-1,939,000","12,224,000","2,133,000","26,388,000","-26,162,000","-5,493,000","12,350,000","3,984,000","-3,966,000","11,266,000","-1,409,000","-10,758,000","-909,000","10,742,000","-3,400,000","-13,594,000","14,688,000","14,892,000","-10,924,000","-393,218,000","-12,147,000","-6,905,000","-67,471,000","33,312,000","3,731,000","-28,023,000","7,061,000","-2,064,000","548,000","3,092,000","-12,905,000","-16,245,000","-42,480,000","419,000","2,679,000","-3,599,000","21,972,000","-1,276,000","-3,156,000","-7,935,000","495,000","-1,424,000","-1,974,000","12,455,000","-2,555,000","-7,511,000","-1,046,000","6,499,000","-1,768,000","39,477,000","8,208,000","451,271,000","3,368,000","4,590,000","2,720,000","5,000,000","14,300,000","4,200,000","-13,300,000","100,000","2,300,000","8,100,000","4,200,000","20,700,000","10,900,000","-34,200,000","-1,200,000","-54,000,000","50,400,000","-10,800,000","400,000","-39,000,000","-5,800,000","1,000,000","6,700,000","-13,800,000","-4,400,000","-3,200,000","7,300,000","-29,300,000","600,000","-56,700,000","-900,000","-1,200,000","-1,200,000",,,,"-3,100,000",,,"-300,000","-2,300,000","-14,500,000","5,700,000",,,,,,,,,,,,,,,,,
	NetIncome,"196,428,000","37,402,000","52,131,000","41,171,000","65,724,000","41,366,000","38,734,000","39,753,000","24,904,000","14,441,000","26,533,000","46,127,000","32,386,000","31,894,000","18,831,000","391,249,000","29,876,000","20,159,000","159,276,000","14,257,000","-1,845,000","22,341,000","28,891,000","48,890,000","26,480,000","25,363,000","85,856,000","7,584,000","40,195,000","27,507,000","23,294,000","22,830,000","29,007,000","46,303,000","33,069,000","-1,939,000","12,224,000","2,133,000","26,388,000","-26,162,000","-5,493,000","12,350,000","3,984,000","-3,966,000","11,266,000","-1,409,000","-10,758,000","-909,000","10,742,000","-3,400,000","-13,594,000","14,688,000","14,892,000","-10,924,000","-393,218,000","-12,147,000","-6,905,000","-67,471,000","33,312,000","3,731,000","-28,023,000","7,061,000","-2,064,000","548,000","3,092,000","-12,905,000","-16,245,000","-42,480,000","419,000","2,679,000","-3,599,000","21,972,000","-1,276,000","-3,156,000","-7,935,000","495,000","-1,424,000","-1,974,000","12,455,000","-2,555,000","-7,511,000","-1,046,000","6,499,000","-1,768,000","39,477,000","8,208,000","451,271,000","3,368,000","4,590,000","2,720,000","5,000,000","14,300,000","4,200,000","-13,300,000","100,000","2,300,000","8,100,000","4,200,000","20,700,000","10,900,000","-34,200,000","-1,200,000","-54,000,000","50,400,000","-10,800,000","400,000","-39,000,000","-5,800,000","1,000,000","6,700,000","-12,400,000","-2,900,000","-1,600,000","8,800,000","-27,800,000","600,000","-56,600,000","-900,000","-1,200,000","-1,200,000",,,,"-3,100,000",,,"-300,000","-2,300,000","-14,500,000","5,700,000",,,,,,,,,,,,,,,,,
		NetIncomeIncludingNoncontrollingInterests,"196,428,000","37,402,000","52,131,000","41,171,000","65,724,000","41,366,000","38,734,000","39,753,000","24,904,000","14,441,000","26,533,000","46,127,000","32,386,000","31,894,000","18,831,000","391,249,000","29,876,000","20,159,000","159,276,000","14,257,000","-1,845,000","22,341,000","28,891,000","48,890,000","26,480,000","25,363,000","85,856,000","7,584,000","40,195,000","27,507,000","23,294,000","22,830,000","29,007,000","46,303,000","32,659,000","-2,162,000","12,002,000","2,133,000","26,388,000","-26,162,000","-5,493,000","14,734,000","3,984,000","-3,966,000","11,266,000","-1,409,000","-10,758,000","-909,000","10,742,000","-3,400,000","-13,594,000","14,688,000","14,892,000","-10,924,000","-393,218,000","-11,821,000","-6,905,000","-67,457,000","33,162,000","2,299,000","-26,956,000","10,258,000","2,785,000","1,524,000","5,700,000","-9,815,000","-13,489,000","-39,955,000","1,475,000","5,104,000","-1,335,000","22,635,000","-1,286,000","-3,156,000","-7,942,000","495,000","-1,536,000","-1,974,000","11,162,000","-3,564,000","-8,757,000","-1,046,000","6,499,000","-1,768,000","39,477,000","8,208,000","451,271,000","3,368,000","4,590,000","2,720,000","5,000,000","14,300,000","4,200,000","-13,300,000","100,000","2,300,000","8,100,000","4,200,000","21,700,000","9,000,000","-35,100,000","2,900,000","-50,400,000","48,600,000","-10,800,000","400,000","-39,000,000","-5,800,000","1,000,000","6,700,000","-12,400,000","-2,900,000","-1,600,000","10,100,000","-27,800,000","1,000,000","-60,000,000","-900,000","-1,200,000","-1,200,000","3,700,000","-1,400,000","-4,700,000","-1,900,000","-10,600,000","-5,100,000","400,000","-1,000,000","-16,400,000","6,900,000","-800,000","-3,300,000","-6,400,000","-100,000","-600,000","6,300,000","21,500,000","6,100,000","3,100,000","5,600,000","13,300,000","3,400,000","1,100,000","-2,500,000","-1,600,000","2,300,000","-2,300,000"
			NetIncomeContinuousOperations,"196,428,000","37,402,000","52,131,000","41,171,000","65,724,000","41,366,000","38,734,000","39,753,000","24,904,000","14,441,000","26,533,000","46,127,000","32,386,000","31,894,000","18,831,000","391,249,000","29,876,000","20,159,000","159,276,000","14,257,000","-1,845,000","22,341,000","28,891,000","48,890,000","26,480,000","25,363,000","88,681,000","8,323,000","24,825,000","27,507,000","23,294,000","22,830,000","29,007,000","46,303,000","32,925,000","-2,162,000","12,002,000","2,133,000","25,409,000","-26,692,000","-5,493,000","14,734,000","4,290,000","2,544,000","11,374,000","-1,409,000","-10,758,000","-909,000","10,742,000","-3,400,000","-14,718,000","14,266,000","14,892,000","-10,924,000","-394,216,000","-13,366,000","-6,905,000","-67,471,000","32,168,000","3,731,000","-28,023,000","7,210,000","-1,935,000","548,000","3,092,000","-12,905,000","-19,059,000","-42,480,000","-52,000","2,679,000","-5,240,000","11,149,000","-1,276,000","-3,156,000","-10,180,000","495,000","-1,424,000","-1,974,000","1,355,000","-2,555,000","-7,511,000","-1,046,000","1,566,000","-1,768,000","960,000","8,208,000","-32,607,000","7,649,000","4,590,000","2,720,000","2,100,000","3,200,000","5,200,000","-1,200,000","100,000","2,300,000","8,100,000","1,600,000","800,000","10,900,000","-31,200,000","-1,200,000","-54,000,000","47,300,000","-3,600,000","1,800,000","-39,000,000","-5,800,000","1,000,000","6,700,000","-6,400,000","-2,900,000","-1,600,000","8,800,000","-19,600,000","400,000","-41,200,000","-900,000","-1,200,000","-1,200,000","1,700,000","-1,400,000","-4,700,000","-3,100,000","-9,900,000","-5,100,000","-300,000","-2,300,000","-14,500,000","5,700,000","-800,000","-3,300,000","-8,200,000","-100,000","-600,000","6,300,000","-7,100,000","4,100,000","3,100,000","5,600,000","9,500,000","5,100,000","1,000,000","-2,300,000","-2,100,000","1,600,000","-2,600,000"
			NetIncomeDiscontinuousOperations,,,,,,,,,,,,,,,,,,,,,,,"0",,"0","0","-2,825,000","-739,000","15,370,000",,"0",,,,"-266,000","0",,,"979,000","530,000","0","0","-306,000","-6,510,000","-108,000",,"0","0",,,"1,124,000","422,000",,,"998,000","1,219,000",,,"1,144,000",,,"-149,000",,,,,"2,814,000",,"471,000",,"1,641,000","10,823,000",,,,,,,,,,,"4,933,000",,"38,517,000",,"483,878,000","-4,281,000",,,"2,900,000","11,100,000","-1,000,000",,"0",,,"2,600,000",,,,,,,,,,,,,,,,,"-7,800,000","600,000",,,,,,,,,,,,,,,,,,,,,"28,600,000","2,000,000",,,"3,800,000","-1,700,000","100,000","-200,000","500,000","700,000","300,000"
			NetIncomeFromTaxLossCarryforward,,,,,,,,,,,,,,,,,,,,,,,,,,,,,,,,,,,,,,,,,,,,,,,,,,,,,,,,,,,,,,,,,,,,,,,,,,,,,,,,,,,,,,,,,,,"0",,,"-12,100,000",,,,,"-800,000",,"-3,000,000",,"0","3,100,000","-7,200,000","-1,400,000",,,,,,,,,"-400,000",,,,,,,,,,,,,,,,,,,,,,,,,,,,,,,,
		MinorityInterests,,,,,,,,,,,,,,,,,,,,,,,,,,,,,,,"0","0","0",,"410,000","223,000","222,000","0","0","0","0","-2,384,000",,,,,,,,,,,,,"0","-326,000",,"-14,000","150,000","1,432,000","-1,067,000","-3,197,000","-4,849,000","-976,000","-2,608,000","-3,090,000","-2,756,000","-2,525,000","-1,056,000","-2,425,000","-2,264,000","-663,000","10,000",,"7,000",,"112,000",,"1,293,000","1,009,000","1,246,000",,,,,,,,,,,,,,,,,,"-1,000,000","1,900,000","900,000","-4,100,000","-3,600,000","1,800,000",,,,,,,"0",,,"-1,300,000",,"-400,000",,,,,,,,"-1,200,000",,,"-700,000","-1,300,000","1,900,000","-1,200,000",,,,,,,,,,,,,,,,,
	PreferredStockDividends,,,,,,,,,,,,,,,,,,,,,,,,,,,,,,,,,,,,,,,,,,,,,,,,,,,,,,,,,,,,,,,,,,,,,,,,,,,,,,,,,,,,,,,,,,,,,,,,,,,,,,,,,,,,,,,"1,400,000","1,500,000","1,600,000","1,500,000","1,500,000",,,,,,,,,,,,,,,,,,,,,,,,,,,,,,,,
DilutedNIAvailtoComStockholders,"196,428,000","37,402,000","52,131,000","41,171,000","65,724,000","41,366,000","38,734,000","39,753,000","24,904,000","14,441,000","26,533,000","46,127,000","32,386,000","31,894,000","18,831,000","391,249,000","29,876,000","20,159,000","159,276,000","14,257,000","-1,845,000","22,341,000","28,891,000","48,890,000","26,480,000","25,363,000","85,856,000","7,584,000","40,195,000","27,507,000","23,294,000","22,830,000","29,007,000","46,303,000","33,069,000","-1,939,000","12,224,000","2,133,000","26,388,000","-26,162,000","-5,493,000","12,350,000","3,984,000","-3,966,000","11,266,000","-1,409,000","-10,758,000","-909,000","10,742,000","-3,400,000","-13,594,000","14,688,000","14,892,000","-10,924,000","-393,218,000","-12,147,000","-6,905,000","-67,471,000","33,312,000","3,731,000","-28,023,000","7,061,000","-2,064,000","548,000","3,092,000","-12,905,000","-16,245,000","-42,480,000","419,000","2,679,000","-3,599,000","21,972,000","-1,276,000","-3,156,000","-7,935,000","495,000","-1,424,000","-1,974,000","12,455,000","-2,555,000","-7,511,000","-1,046,000","6,499,000","-1,768,000","39,477,000","8,208,000","451,271,000","3,368,000","4,590,000","2,720,000","5,000,000","14,300,000","4,200,000","-13,300,000","100,000","2,300,000","8,100,000","4,200,000","20,700,000","10,900,000","-34,200,000","-1,200,000","-54,000,000","50,400,000","-10,800,000","400,000","-39,000,000","-5,800,000","1,000,000","6,700,000","-13,800,000","-4,400,000","-3,200,000","7,300,000","-29,300,000","600,000","-56,700,000","-900,000","-1,200,000","-1,200,000",,,,"-3,100,000",,,"-300,000","-2,300,000","-14,500,000","5,700,000",,,,,,,,,,,,,,,,,
BasicEPS,,"0.17","0.24","0.19","0.3","0.19","0.17","0.18","0.11","0.06","0.12","0.2","0.14","0.14","0.08","1.65","0.13","0.08","0.66","0.06","-0.01","0.09","0.11","0.19","0.1","0.09","0.31","0.03","0.11","0.08","0.06","0.06","0.08","0.12","0.08","0","0.03","0.01","0.06","-0.07","-0.01","0.03",,"-0.01","0.03","0",,"0","0.03","-0.01",,"0.03","0.052","-0.02",,"-0.13","-0.07","-0.73",,"0.04","-0.3","0.07",,"0.01","0.03","-0.16",,"-0.58","0.01","0.04",,"0.32","-0.02","-0.05",,"0.01","-0.07","-0.1",,"-0.12","-0.37","-0.05",,"-0.08","1.77","0.37",,"0.15","0.19","0.11",,"0.58","0.16","-0.46",,"0.07","0.26","0.13",,"0.36","-1.14","-0.04",,"1.69","-0.36","0.01",,"-0.19","0.03","0.23",,"-0.18","-0.13","0.34","-1.38","-0.04",,"-0.04","-0.05","-0.04",,"-0.05","-0.18","-0.12",,"-0.2","-0.01","-0.09",,"0.22","-0.03","-0.2",,"0","-0.03","0.28",,"0.26","0.13","0.24",,"0.17","0.05","-0.16",,"0.14","-0.14"
DilutedEPS,,"0.17","0.24","0.18","0.29","0.18","0.17","0.17","0.11","0.06","0.11","0.2","0.14","0.14","0.08","1.6","0.12","0.08","0.64","0.06","-0.01","0.088","0.11","0.18","0.1","0.09","0.31","0.026","0.11","0.07","0.06","0.06","0.078","0.119","0.08","-0.005","0.03","0.005","0.057","-0.07","-0.014","0.03",,"-0.01","0.027","0",,"0","0.03","-0.01",,"0.03","0.052","-0.02",,"-0.13","-0.07","-0.73",,"0.04","-0.3","0.07",,"0.01","0.03","-0.16",,"-0.58","0.01","0.04",,"0.31","-0.02","-0.05",,"0.01","-0.07","-0.1",,"-0.12","-0.37","-0.05",,"-0.08","1.68","0.37",,"0.14","0.18","0.11",,"0.55","0.15","-0.46",,"0.07","0.25","0.13",,"0.35","-1.14","-0.04",,"1.69","-0.36","0.01",,"-0.19","0.03","0.22",,"-0.18","-0.13","0.33","-1.38","-0.04",,"-0.04","-0.05","-0.04",,"-0.05","-0.18","-0.12",,"-0.2","-0.01","-0.09",,"0.22","-0.03","-0.2",,"0","-0.03","0.2",,"0.19","0.1","0.17",,"0.12","0.04","-0.16",,"0.1","-0.14"
BasicAverageShares,,"215,619,000","217,917,000","222,373,000","221,874,000","223,334,000","224,139,000","223,907,000","223,123,000","223,533,000","227,441,000","230,723,000","231,029,000","230,584,000","234,574,000","237,696,000","238,991,000","239,928,000","241,497,000","243,354,000","245,261,000","246,606,000","251,730,000","260,976,000","265,915,000","270,214,000","273,292,000","292,256,000","363,766,000","366,584,000","365,497,000","366,880,000","366,712,000","381,551,000","392,088,000","392,579,000","393,174,000","392,498,000","391,013,000","390,406,000","389,978,000","389,701,000",,"395,677,000","417,676,000","418,520,000",,"417,985,000","425,594,000","443,326,000",,"468,008,000","469,237,000","469,237,000",,"92,609,000","92,624,000","92,544,000",,"93,275,000","93,410,000","82,312,000",,"81,775,000","103,066,667","65,553,000",,"73,241,379","23,749,000","65,553,000",,"23,144,000","22,319,000","19,992,000",,"19,628,000","20,175,000","20,413,000",,"21,206,000","22,278,000","20,422,000",,"23,542,000","22,299,000","22,258,000",,"22,867,000","22,010,000","23,919,000",,"24,655,172","26,250,000","28,913,043",,"32,857,143","31,153,846","32,307,692",,"30,277,778","30,000,000","30,000,000",,"29,822,485","30,000,000","30,284,000",,"30,526,316","33,333,333","29,130,435",,"24,444,444","24,615,385","21,470,588","21,231,884","21,302,000",,"22,500,000","24,000,000","30,000,000",,"25,833,333","25,833,333","25,833,333",,"26,000,000","30,000,000","25,555,556",,"25,909,091","25,791,000","16,464,000",,"16,448,000","17,358,000","21,541,000",,"17,290,000","17,287,000","17,096,000",,"16,930,000","16,892,000","16,904,000",,"16,903,000","16,846,000"
DilutedAverageShares,,"218,167,000","220,435,000","225,058,000","225,400,000","226,727,000","228,521,000","228,317,000","227,174,000","228,007,000","232,594,000","235,718,000","236,093,000","235,894,000","240,517,000","244,766,000","246,152,000","248,419,000","249,626,000","251,737,000","245,261,000","254,239,000","257,026,000","264,808,000","270,265,000","274,750,000","278,024,000","296,951,000","370,542,000","373,208,000","371,050,000","372,152,000","372,172,000","389,352,000","400,416,000","392,579,000","397,884,000","395,694,000","392,640,000","390,406,000","389,978,000","392,275,000",,"397,899,000","419,239,000","418,520,000",,"417,985,000","426,567,000","443,326,000",,"471,393,000","469,237,000","469,237,000",,"92,609,000","92,624,000","92,544,000",,"93,275,000","93,410,000","82,312,000",,"81,775,000","103,066,667","69,226,000",,"73,241,379","23,749,000","69,226,000",,"23,995,000","22,319,000","19,992,000",,"19,628,000","20,175,000","20,413,000",,"21,206,000","22,278,000","20,422,000",,"24,841,000","23,504,000","23,535,000",,"24,292,000","22,010,000","23,919,000",,"26,000,000","28,000,000","28,913,043",,"32,857,143","32,400,000","32,307,692",,"31,142,857","30,000,000","30,000,000",,"29,822,485","30,000,000","30,284,000",,"30,526,316","33,333,333","30,454,545",,"24,444,444","24,615,385","22,121,212","21,231,884","21,302,000",,"22,500,000","24,000,000","30,000,000",,"25,833,333","25,833,333","25,833,333",,"26,000,000","30,000,000","25,555,556",,"25,909,091","25,791,000","16,464,000",,"16,448,000","17,358,000","21,541,000",,"17,290,000","17,287,000","17,096,000",,"16,930,000","16,892,000","16,904,000",,"16,903,000","16,846,000"
TotalOperatingIncomeAsReported,"358,719,000","74,881,000","76,897,000","80,195,000","126,746,000","83,122,000","78,567,000","81,348,000","60,661,000","48,732,000","36,717,000","79,023,000","80,573,000","66,266,000","45,799,000","77,348,000","71,483,000","55,262,000","66,587,000","61,657,000","25,794,000","60,720,000","79,215,000","106,088,000","65,648,000","63,829,000","116,312,000","55,939,000","64,308,000","52,270,000","51,717,000","46,923,000","63,854,000","89,014,000","28,878,000","26,810,000","56,990,000","22,464,000","32,257,000","31,183,000","38,391,000","20,916,000","29,280,000","32,390,000","47,434,000","30,640,000","13,047,000","20,345,000","72,663,000","26,333,000","-15,287,000","56,822,000","56,507,000","13,934,000","-433,752,000","3,797,000","8,248,000","8,057,000","57,927,000","21,944,000","-68,455,000","8,484,000","19,237,000","12,458,000","12,916,000","-604,000","-41,103,000","5,864,000","2,729,000","436,000","-6,068,000","5,528,000","3,296,000","-22,000","-15,819,000","5,147,000","5,855,000","3,616,000","7,427,000","707,000","-2,091,000","6,786,000","13,069,000","1,219,000","13,914,000","22,189,000","-9,510,000","5,855,000","28,282,000","12,808,000","-66,100,000","31,100,000","26,800,000","12,700,000","-1,700,000","8,800,000","22,800,000","9,900,000","-14,700,000","25,500,000","-28,900,000","17,600,000","11,400,000","11,400,000","17,800,000","25,500,000","-18,600,000","12,700,000","12,200,000","24,800,000","17,100,000","11,400,000","16,400,000","31,500,000","-10,100,000","18,300,000",,,,,,,,"17,500,000",,,"16,600,000","15,700,000","22,900,000","26,400,000",,,,,,,,,,,,,,,,,
RentExpenseSupplemental,,,,,,,,,,,,"32,364,000","28,027,000","32,451,000","21,275,000","22,260,000","24,306,000","23,263,000","23,174,000","24,076,000","21,897,000","18,868,000","18,076,000",,,,,,,,,,,,,,,,,,,,,,,,,,,,,,,,,,,,,,,,,,,,,,,,,,,,,,,,,,,,,,,,,,,,,,,,,,,,,,,,,,,,,,,,,,,,,,,,,,,,,,,,,,,,,,,,,,,,,,,,,,,,
TotalExpenses,"1,596,238,000","417,436,000","385,745,000","393,678,000","398,657,000","375,582,000","387,421,000","367,519,000","340,604,000","346,815,000","373,086,000","359,494,000","351,117,000","340,045,000","347,558,000","322,400,000","334,884,000","321,900,000","239,234,000","242,308,000","235,546,000","225,815,000","249,044,000","293,190,000","310,982,000","313,029,000","390,514,000","401,325,000","424,583,000","406,613,000","436,459,000","454,638,000","458,690,000","477,883,000","564,412,000","586,367,000","587,177,000","578,180,000","569,517,000","593,840,000","594,781,000","562,229,000","576,965,000","579,026,000","574,660,000","807,572,000","799,632,000","813,460,000","801,944,000","799,513,000","863,081,000","829,146,000","844,467,000","839,009,000","1,327,173,000","306,656,000","304,807,000","293,862,000","258,547,000","300,462,000","306,232,000","293,159,000","312,662,000","297,254,000","294,138,000","291,944,000","331,777,000","234,492,000","90,994,000","87,261,000","102,031,000","80,432,000","74,169,000","69,213,000","90,270,000","72,482,000","68,945,000","66,118,000","17,466,000","24,964,000","21,005,000","21,087,000","56,719,000","22,695,000","25,711,000","14,488,000","33,499,000","16,719,000","237,887,000","177,210,000","157,300,000","219,600,000","224,000,000","165,500,000","142,700,000","218,300,000","210,100,000","162,200,000","103,000,000","249,500,000","255,000,000","187,800,000","195,900,000","195,000,000","228,700,000","303,400,000","333,700,000","279,200,000","267,100,000","273,200,000","251,800,000","244,700,000","251,000,000","238,600,000","253,500,000","245,800,000",,,,,,,,"285,300,000",,,"283,900,000","281,500,000","286,100,000","297,600,000",,,,,,,,,,,,,,,,,
NetIncomeFromContinuingAndDiscontinuedOperation,"196,428,000","37,402,000","52,131,000","41,171,000","65,724,000","41,366,000","38,734,000","39,753,000","24,904,000","14,441,000","26,533,000","46,127,000","32,386,000","31,894,000","18,831,000","391,249,000","29,876,000","20,159,000","159,276,000","14,257,000","-1,845,000","22,341,000","28,891,000","48,890,000","26,480,000","25,363,000","85,856,000","7,584,000","40,195,000","27,507,000","23,294,000","22,830,000","29,007,000","46,303,000","33,069,000","-1,939,000","12,224,000","2,133,000","26,388,000","-26,162,000","-5,493,000","12,350,000","3,984,000","-3,966,000","11,266,000","-1,409,000","-10,758,000","-909,000","10,742,000","-3,400,000","-13,594,000","14,688,000","14,892,000","-10,924,000","-393,218,000","-12,147,000","-6,905,000","-67,471,000","33,312,000","3,731,000","-28,023,000","7,061,000","-2,064,000","548,000","3,092,000","-12,905,000","-16,245,000","-42,480,000","419,000","2,679,000","-3,599,000","21,972,000","-1,276,000","-3,156,000","-7,935,000","495,000","-1,424,000","-1,974,000","12,455,000","-2,555,000","-7,511,000","-1,046,000","6,499,000","-1,768,000","39,477,000","8,208,000","451,271,000","3,368,000","4,590,000","2,720,000","5,000,000","14,300,000","4,200,000","-1,200,000","100,000","2,300,000","8,100,000","4,200,000","21,500,000","10,900,000","-31,200,000","-1,200,000","-54,000,000","47,300,000","-3,600,000","1,800,000","-39,000,000","-5,800,000","1,000,000","6,700,000","-10,300,000","-2,900,000","-1,600,000","8,800,000","-27,400,000","600,000","-43,600,000","-900,000","-1,200,000","-1,200,000",,,,"-3,100,000",,,"-300,000","-2,300,000","-14,500,000","5,700,000",,,,,,,,,,,,,,,,,
NormalizedIncome,"183,758,461.563","33,453,360","52,564,200","40,772,818","56,837,562","45,201,227","45,689,321.2","42,311,250","25,728,472","20,805,946","21,751,728.454","45,281,895","40,038,064","33,711,600","22,871,766.123","38,973,496","33,152,945","31,019,210","159,709,800","16,678,000","33,556,200","21,843,380","17,442,400","26,742,952","30,802,480","26,722,945","28,890,698.801","12,742,000","29,738,622","32,602,196","30,839,600","30,151,760","29,580,950","19,863,895","22,378,600","14,524,850","31,476,992","4,107,700","22,110,900","14,173,259.425","18,720,150","-527,592.356","9,522,500","2,348,350","11,488,400","4,628,850","6,948,000","16,682,600","25,129,100","3,225,450","18,488,550","23,935,524.196","23,604,464.827","1,962,195.64","19,479,047.018","-13,215,200","-1,747,900","-4,444,139.25","4,809,865.429","4,893,850","9,846,650","-8,618,800","-5,490,000","-12,041,800","-19,154,756.56","-20,209,713.433","-29,220,580.112","-14,389,612.814","-7,580,996.669","-9,003,176.185","-14,918,867.692","13,739,200","-3,959,200","-7,348,525.681","-7,616,803.635","-2,044,200","-2,726,600","-4,274,645.796","2,157,008.872","-2,546,600","-6,544,102.073","-341,000","756,171.32","-4,581,400","1,679,400","8,952,600","-11,487,784.234","3,290,834.489","1,341,000","-7,094,800","-50,220,000","620,000","640,000","-3,420,000","-14,120,000","-7,120,000","1,920,000","-4,340,000","-19,900,000","4,920,138.889","-33,208,275.862","-3,660,000","-5,434,838.71","-2,104,973.822","-3,960,000","1,080,000","-38,369,515.012","-5,189,473.684","-5,000,000","2,620,000","-1,408,000","-3,680,000","-2,320,000","7,180,000","-26,800,000","180,000","-41,200,000","-900,000","-1,200,000","-1,200,000",,,,"-2,037,142.857",,,"-2,220,000","-2,780,000","5,234,146.341","4,200,000",,,,,,,,,,,,,,,,,
InterestIncome,,,,,,,,,,,,,,,,,,,,,,,,,,,,,,,,,,,,,,,,"0","0",,,"3,000","148,000",,,,,,,,,,,,,,,,,,,,,,,,,,,,,,,"2,200,000",,,,,,,,,,,,,,,,,,,,,,,,,,,,,,,,,,,,,,,,,,,,,,,,,,,,,,,,,,,,,,,,,,,,,,,
InterestExpense,"106,764,000","26,365,000","26,195,000","26,000,000","28,204,000","28,786,000","60,108,000","29,086,000","29,085,000","28,525,000","29,028,000","27,930,000","29,931,000","29,082,000","29,679,000","29,625,000","30,136,000","30,178,000","30,172,000","29,977,000","28,935,000","28,975,000","29,319,000","28,731,000","28,643,000","28,109,000","28,185,000","27,938,000","17,201,000","12,757,000","12,864,000","13,204,000","13,130,000","12,994,000","13,464,000","15,620,000","18,964,000","20,964,000","20,801,000","21,566,000","28,002,000","28,235,000","28,195,000","28,384,000","28,089,000","34,328,000","32,694,000","33,868,000","34,389,000","36,278,000","37,037,000","36,457,000","31,065,000","22,149,000",,,,,,,,,,,,,,,,,,,,,,,,,,,,,,,,,,,,,,,,,,,,,,,,,,,,,,,,,,,,,,,,,,,,,,,,,,,,,,,,,,,,,,,,,,,,,
NetInterestIncome,"-106,764,000","-26,365,000","-26,195,000","-26,000,000","-28,204,000","-28,786,000","-31,041,000","-29,086,000","-29,085,000","-28,525,000","-29,028,000","-27,930,000","-29,931,000","-29,082,000","-29,679,000","-29,625,000","-30,136,000","-30,178,000","-30,172,000","-29,977,000","-28,935,000","-28,975,000","-29,319,000","-28,731,000","-28,643,000","-28,109,000","-28,185,000","-27,938,000","-17,201,000","-12,757,000","-12,864,000","-13,204,000","-13,130,000","-12,994,000","-13,464,000","-15,620,000","-18,964,000","-20,964,000","-48,208,000","-21,566,000","-28,002,000","-28,235,000","-28,383,000","-28,381,000","-27,941,000","-34,328,000","-32,694,000","-33,868,000","-34,389,000","-36,278,000","-37,037,000","-36,457,000","-31,065,000","-22,149,000",,"-13,585,000",,,,,"-15,286,000",,"-14,040,000",,,,"-23,971,000",,"-12,484,000",,,,,"-9,634,000","-15,568,000","-7,832,000",,,,,"-6,803,000",,,,,,"-3,040,000",,,,,,,,,"-17,700,000",,,,,,,,"-16,500,000",,,,,,,,,,,,,,,,,,,,,,,,,"-17,300,000",,,,,,,,,,,,,,,,,,
EBIT,"343,711,000","77,199,000","77,156,000","80,366,000","108,990,000","83,251,000","107,745,000","81,529,000","60,517,000","49,808,000","61,575,000","81,241,000","75,670,000","68,966,000","49,061,000","528,542,000","72,400,000","44,531,000","67,799,000","61,532,000","28,638,000","61,109,000","79,891,000","106,586,000","65,924,000","64,091,000","168,607,000","56,153,000","57,285,000","52,509,000","51,917,000","47,296,000","64,711,000","89,537,000","42,769,000","29,083,000","36,019,000","20,193,000","39,594,000","-17,798,000","13,836,000","49,847,000","29,815,000","32,694,000","47,771,000","30,963,000","53,525,000","20,690,000","52,943,000","27,741,000","-13,225,000","58,878,000","54,506,000","6,416,000","-430,651,000","3,715,000","8,207,000","8,992,000","62,090,000","23,751,000","10,589,000","8,887,000","18,767,000","14,623,000","13,691,000","199,000","-26,219,000","5,864,000","2,729,000","436,000","-6,068,000","5,528,000","3,296,000","-22,000","-15,819,000","2,153,000","5,855,000","3,616,000","7,427,000","707,000","-2,091,000","6,786,000","12,569,000","1,219,000","13,914,000","22,189,000","-9,510,000","5,855,000","28,282,000","12,808,000","-66,100,000","31,100,000","26,800,000","12,700,000","-1,700,000","8,800,000","22,800,000","9,900,000","-14,700,000","25,500,000","-28,900,000","17,600,000","11,400,000","11,400,000","17,800,000","25,500,000","-18,600,000","12,700,000","12,200,000","24,800,000","17,100,000","11,400,000","16,400,000","31,500,000","-10,100,000","18,300,000","-924,000,000","332,500,000","308,500,000","317,500,000","-900,400,000","338,900,000","303,100,000","17,500,000","-869,600,000","320,100,000","16,600,000","15,700,000","22,900,000","26,400,000","295,800,000","302,400,000","-811,000,000","306,800,000","282,600,000","286,500,000","-739,900,000","291,500,000","301,300,000","284,600,000","-729,500,000","269,500,000","287,200,000","276,100,000","-770,200,000","286,500,000","266,400,000"
EBITDA,"470,940,000"
ReconciledCostOfRevenue,"1,231,007,000","323,605,000","302,522,000","299,898,000","304,982,000","291,340,000","296,370,000","289,979,000","258,694,000","267,301,000","287,469,000","282,411,000","271,852,000","261,529,000","243,647,000","248,498,000","254,061,000","240,555,000","150,967,000","156,463,000","151,257,000","142,275,000","208,625,000","186,546,000","201,899,000","213,791,000","271,043,000","288,035,000","312,538,000","303,272,000","334,987,000","343,807,000","347,780,000","373,715,000","422,660,000","466,048,000","472,929,000","460,243,000","458,999,000","477,804,000","482,421,000","454,826,000","454,243,000","458,000,000","455,496,000","659,788,000","643,192,000","667,063,000","659,084,000","641,422,000","682,009,000","684,071,000","686,462,000","675,942,000","767,172,000","216,134,000","219,844,000","212,384,000","209,275,000","216,970,000","210,693,000","201,387,000","209,810,000","204,026,000","200,054,000","197,868,000","204,091,000","151,907,000","45,025,000","42,701,000","47,785,000","42,284,000","40,961,000","36,734,000","38,805,000","37,630,000","37,039,000","35,804,000",,,,,,,,,,,"125,379,000","86,478,000","75,000,000","122,700,000","118,300,000","80,100,000","97,100,000","111,700,000","103,100,000","68,500,000","57,700,000","133,400,000","118,900,000","117,500,000","115,700,000","116,900,000","146,400,000","220,300,000","228,600,000","196,000,000","190,800,000","197,600,000","175,500,000","170,300,000","178,600,000","173,900,000","169,600,000","175,700,000",,,,,,,,"221,900,000",,,"222,000,000","218,200,000","242,200,000","233,300,000",,,,,,,,,,,,,,,,,
ReconciledDepreciation,"127,229,000","33,231,000","32,297,000","30,940,000","30,761,000","31,542,000","34,049,000","32,966,000","34,714,000","31,046,000","33,718,000","33,306,000","31,484,000","33,185,000","34,230,000","29,070,000","33,427,000","32,152,000","33,997,000","31,216,000","31,309,000","29,165,000","30,248,000","29,362,000","31,404,000","33,290,000","35,024,000","39,909,000","41,919,000","36,880,000","41,595,000","36,274,000","39,495,000","42,496,000","61,295,000","47,454,000","39,088,000","52,382,000","42,117,000","42,499,000","36,606,000","32,952,000","32,217,000","30,816,000","39,144,000","43,125,000","44,724,000","46,178,000","44,944,000","46,326,000","46,882,000","47,020,000","44,687,000","51,662,000","16,647,000","36,773,000","18,376,000","16,519,000","19,440,000","20,554,000","18,906,000","16,460,000","22,274,000","17,475,000","14,982,000","13,607,000","12,498,000","10,908,000","6,168,000","6,163,000","9,339,000","5,464,000","4,107,000","4,002,000","4,543,000","4,044,000","3,964,000","3,834,000","2,150,000","2,073,000","2,152,000","2,067,000","2,283,000","2,053,000","1,783,000","2,453,000","1,368,000","-20,109,000","12,247,000","11,928,000","12,500,000","11,400,000","11,500,000","11,500,000","11,400,000","11,500,000","11,600,000","11,300,000","11,400,000","14,000,000","10,600,000","8,400,000","12,300,000","11,700,000","13,100,000","15,600,000","3,900,000","14,700,000","13,000,000","15,300,000","12,900,000","12,900,000","13,200,000","12,500,000","11,400,000","12,100,000",,,,,,,,"12,500,000",,,"12,100,000","12,000,000","10,800,000","12,200,000",,,,,,,,,,,,,,,,,
NetIncomeFromContinuingOperationNetMinorityInterest,"196,428,000","37,402,000","52,131,000","41,171,000","65,724,000","41,366,000","38,734,000","39,753,000","24,904,000","14,441,000","26,533,000","46,127,000","32,386,000","31,894,000","18,831,000","391,249,000","29,876,000","20,159,000","159,276,000","14,257,000","-1,845,000","22,341,000","28,891,000","48,890,000","26,480,000","25,363,000","88,681,000","8,323,000","24,825,000","27,507,000","23,294,000","22,830,000","29,007,000","46,303,000","33,335,000","-1,939,000","12,224,000","2,133,000","25,409,000","-26,692,000","-5,493,000","12,350,000","4,290,000","2,544,000","11,374,000","-1,409,000","-10,758,000","-909,000","10,742,000","-3,400,000","-14,718,000","14,266,000","14,892,000","-10,924,000","-394,216,000","-13,366,000","-6,905,000","-67,471,000","32,168,000","3,731,000","-28,023,000","7,210,000","-1,935,000","548,000","3,092,000","-12,905,000","-19,059,000","-42,480,000","-52,000","2,679,000","-5,240,000","11,149,000","-1,276,000","-3,156,000","-10,180,000","495,000","-1,424,000","-1,974,000","1,355,000","-2,555,000","-7,511,000","-1,046,000","1,566,000","-1,768,000","960,000","8,208,000","-32,607,000","7,649,000","4,590,000","2,720,000","2,100,000","3,200,000","5,200,000","-1,200,000","100,000","2,300,000","8,100,000","1,600,000","800,000","10,900,000","-31,200,000","-1,200,000","-54,000,000","47,300,000","-3,600,000","1,800,000","-39,000,000","-5,800,000","1,000,000","6,700,000","-6,400,000","-2,900,000","-1,600,000","8,800,000","-19,600,000","0","-41,200,000","-900,000","-1,200,000","-1,200,000",,,,"-3,100,000",,,"-300,000","-2,300,000","-14,500,000","5,700,000",,,,,,,,,,,,,,,,,
TotalUnusualItemsExcludingGoodwill,"15,283,000","5,365,000","-722,000","526,000","10,917,000","-5,053,000","-8,554,000","-3,375,000","-1,041,000","-9,374,000","5,865,000","977,000","-10,808,000","-2,272,000","-4,159,000","449,331,000","-4,635,000","-14,877,000","-723,000","-4,035,000","-59,002,000","716,000","19,081,000","35,266,000","-6,088,000","-1,929,000","94,675,000","-7,365,000","-7,938,000","-7,363,000","-12,576,000","-10,928,000","-883,000","43,701,000","16,856,000","-25,329,000","-27,348,000","-3,038,000","5,074,000","-60,266,000","-37,251,000","18,889,000","-8,050,000","301,000","-176,000","-9,289,000","-27,240,000","-27,064,000","-22,134,000","-10,193,000","-51,087,000","-15,197,000","-13,714,000","-18,559,000","-504,996,000","-232,000","-7,934,000","-70,935,000","41,056,000","-1,789,000","-58,261,000","24,352,000","5,925,000","20,983,000","32,129,000","11,596,000","13,207,000","-38,395,000","11,256,000","17,434,000","12,684,000","-4,317,000","4,472,000","5,509,000","-3,156,000","4,232,000","2,171,000","2,606,000","-934,000","-14,000","-1,130,000","-1,175,000","815,000","4,689,000","-1,199,000","-1,241,000","-23,072,000","7,064,000","5,415,000","16,358,000","87,200,000","4,300,000","7,600,000","3,700,000","23,700,000","15,700,000","10,300,000","9,900,000","34,500,000","7,900,000","2,800,000","4,100,000","-69,700,000","79,800,000","600,000","1,200,000","-700,000","-1,000,000","10,000,000","6,800,000","-7,800,000","1,300,000","1,200,000","2,700,000","12,000,000","-300,000",,,,,,,,"-1,200,000",,,"3,200,000","800,000","-27,900,000","2,500,000",,,,,,,,,,,,,,,,,
TotalUnusualItems,"15,283,000","5,365,000","-722,000","526,000","10,917,000","-5,053,000","-8,554,000","-3,375,000","-1,041,000","-9,374,000","5,865,000","977,000","-10,808,000","-2,272,000","-4,159,000","449,331,000","-4,635,000","-14,877,000","-723,000","-4,035,000","-59,002,000","716,000","19,081,000","35,266,000","-6,088,000","-1,929,000","94,675,000","-7,365,000","-7,938,000","-7,363,000","-12,576,000","-10,928,000","-883,000","43,701,000","16,856,000","-25,329,000","-27,348,000","-3,038,000","5,074,000","-60,266,000","-37,251,000","18,889,000","-8,050,000","301,000","-176,000","-9,289,000","-27,240,000","-27,064,000","-22,134,000","-10,193,000","-51,087,000","-15,197,000","-13,714,000","-18,559,000","-504,996,000","-232,000","-7,934,000","-70,935,000","41,056,000","-1,789,000","-58,261,000","24,352,000","5,925,000","20,983,000","32,129,000","11,596,000","13,207,000","-38,395,000","11,256,000","17,434,000","12,684,000","-4,317,000","4,472,000","5,509,000","-3,156,000","4,232,000","2,171,000","2,606,000","-934,000","-14,000","-1,130,000","-1,175,000","815,000","4,689,000","-1,199,000","-1,241,000","-23,072,000","7,064,000","5,415,000","16,358,000","87,200,000","4,300,000","7,600,000","3,700,000","23,700,000","15,700,000","10,300,000","9,900,000","34,500,000","7,900,000","2,800,000","4,100,000","-69,700,000","79,800,000","600,000","1,200,000","-700,000","-1,000,000","10,000,000","6,800,000","-7,800,000","1,300,000","1,200,000","2,700,000","12,000,000","-300,000",,,,,,,,"-1,200,000",,,"3,200,000","800,000","-27,900,000","2,500,000",,,,,,,,,,,,,,,,,
NormalizedEBITDA,"455,657,000","105,065,000","110,175,000","110,780,000","128,834,000","119,846,000","150,348,000","117,870,000","96,272,000","90,228,000","89,428,000","113,570,000","117,962,000","104,423,000","87,450,000","108,281,000","110,462,000","91,560,000","102,519,000","96,783,000","118,949,000","89,558,000","91,058,000","100,682,000","103,416,000","99,310,000","108,956,000","103,427,000","107,142,000","96,752,000","106,088,000","94,498,000","105,089,000","88,332,000","87,208,000","101,866,000","102,455,000","75,613,000","76,637,000","84,967,000","87,693,000","63,910,000","70,082,000","63,209,000","87,091,000","83,377,000","125,489,000","93,932,000","120,021,000","84,260,000","84,744,000","121,095,000","112,907,000","76,637,000","98,273,000","40,720,000","34,517,000","96,446,000","40,474,000","46,094,000","87,756,000","995,000","35,116,000","11,115,000","-3,456,000","2,210,000","-23,866,000","55,167,000","-2,359,000","-10,835,000","-9,413,000","15,309,000","2,931,000","-1,529,000","-8,120,000","1,965,000","7,648,000","4,844,000","10,511,000","2,794,000","1,191,000","10,028,000","14,037,000","-1,417,000","16,896,000","25,883,000","14,930,000","143,000","35,114,000","8,378,000","-140,800,000","38,200,000","30,700,000","20,500,000","-14,000,000","4,600,000","24,100,000","11,300,000","-37,800,000","31,600,000","-21,100,000","21,900,000","93,400,000","-56,700,000","30,300,000","39,900,000","-14,000,000","28,400,000","15,300,000","33,300,000","37,800,000","23,000,000","28,400,000","41,300,000","-10,300,000","30,700,000","-924,000,000","332,500,000","308,500,000","317,500,000","-900,400,000","338,900,000","303,100,000","31,200,000","-869,600,000","320,100,000","25,500,000","26,900,000","61,600,000","36,100,000","295,800,000","302,400,000","-811,000,000","306,800,000","282,600,000","286,500,000","-739,900,000","291,500,000","301,300,000","284,600,000","-729,500,000","269,500,000","287,200,000","276,100,000","-770,200,000","286,500,000","266,400,000"
TaxRateForCalcs,"0.171","0.264","0.4","0.243","0.186","0.241","0.187","0.242","0.208","0.321","0.185","0.135","0.292","0.2","0.028","0.216","0.293","0.27","0.4","0.4","0.4","0.305","0.4","0.372","0.29","0.295","0.368","0.4","0.381","0.308","0.4","0.33","0.35","0.395","0.35","0.35","0.296","0.35","0.35","0.322","0.35","0.318","0.35","0.35","0.35","0.35","0.35","0.35","0.35","0.35","0.35","0.364","0.365","0.306","0.181","0.35","0.35","0.111","0.334","0.35","0.35","0.35","0.4","0.4","0.308","0.37","0.231","0.268","0.331","0.33","0.237","0.4","0.4","0.239","0.188","0.4","0.4","0.117","0.141","0.4","0.144","0.4","0.006","0.4","0.4","0.4","0.085","0.383","0.4","0.4","0.4","0.4","0.4","0.4","0.4","0.4","0.4","0.4","0.4","0.243","0.283","0.4","0.303","0.381","0.4","0.4","0.099","0.389","0.4","0.4","0.36","0.4","0.4","0.4","0.4","0.4","0.4","0.4","0.4","0.4",,,,"0.114",,,"0.4","0.4","0.293","0.4",,,,,,,,,,,,,,,,,
TaxEffectOfUnusualItems,"2,613,461.563","1,416,360","-288,800","127,818","2,030,562","-1,217,773","-1,598,678.8","-816,750","-216,528","-3,009,054","1,083,728.454","131,895","-3,155,936","-454,400","-118,233.877","97,055,496","-1,358,055","-4,016,790","-289,200","-1,614,000","-23,600,800","218,380","7,632,400","13,118,952","-1,765,520","-569,055","34,884,698.801","-2,946,000","-3,024,378","-2,267,804","-5,030,400","-3,606,240","-309,050","17,261,895","5,899,600","-8,865,150","-8,095,008","-1,063,300","1,775,900","-19,400,740.575","-13,037,850","6,011,407.644","-2,817,500","105,350","-61,600","-3,251,150","-9,534,000","-9,472,400","-7,746,900","-3,567,550","-17,880,450","-5,527,475.804","-5,001,535.173","-5,672,804.36","-91,300,952.982","-81,200","-2,776,900","-7,908,139.25","13,697,865.429","-626,150","-20,391,350","8,523,200","2,370,000","8,393,200","9,882,243.44","4,291,286.567","3,045,419.888","-10,304,612.814","3,727,003.331","5,751,823.815","3,005,132.308","-1,726,800","1,788,800","1,316,474.319","-592,803.635","1,692,800","868,400","305,354.204","-131,991.128","-5,600","-163,102.073","-470,000","5,171.32","1,875,600","-479,600","-496,400","-1,952,784.234","2,705,834.489","2,166,000","6,543,200","34,880,000","1,720,000","3,040,000","1,480,000","9,480,000","6,280,000","4,120,000","3,960,000","13,800,000","1,920,138.889","791,724.138","1,640,000","-21,134,838.71","30,395,026.178","240,000","480,000","-69,515.012","-389,473.684","4,000,000","2,720,000","-2,808,000","520,000","480,000","1,080,000","4,800,000","-120,000","0","0","0","0",,,,"-137,142.857",,,"1,280,000","320,000","-8,165,853.659","1,000,000",,,,,,,,,,,,,,,,,