name,ttm,03/31/2022,12/31/2021,09/30/2021,06/30/2021,03/31/2021,12/31/2020,09/30/2020,06/30/2020,03/31/2020,12/31/2019,09/30/2019,06/30/2019,03/31/2019,12/31/2018,09/30/2018,06/30/2018,03/31/2018,12/31/2017,09/30/2017,06/30/2017,03/31/2017,12/31/2016,09/30/2016,06/30/2016,03/31/2016,12/31/2015,09/30/2015,06/30/2015,03/31/2015,12/31/2014,09/30/2014,06/30/2014,03/31/2014,12/31/2013,09/30/2013,06/30/2013,03/31/2013,12/31/2012,09/30/2012,06/30/2012,03/31/2012,12/31/2011,09/30/2011,06/30/2011,03/31/2011,12/31/2010,09/30/2010,06/30/2010,03/31/2010,12/31/2009,09/30/2009,06/30/2009,03/31/2009,12/31/2008,09/30/2008,06/30/2008,03/31/2008,12/31/2007,09/30/2007,06/30/2007,03/31/2007,12/31/2006,09/30/2006,06/30/2006,03/31/2006,12/31/2005,09/30/2005,06/30/2005,03/31/2005
TotalRevenue,"1,957,320,000","517,535,000","497,538,000","482,764,000","459,483,000","410,757,000","398,990,000","382,116,000","347,084,000","431,679,000","440,045,000","459,963,000","441,807,000","381,876,000","384,244,000","382,690,000","370,876,000","354,829,000","331,305,000","324,002,000","303,884,000","291,357,000","290,839,000","287,756,000","233,936,000","205,928,000","212,642,000","226,057,000","213,653,000","202,285,000","211,864,000","222,134,000","201,581,000","182,068,000","182,283,000","191,525,000","178,285,000","165,370,000","168,998,000","160,967,000","153,064,000","140,122,000","139,836,000","151,878,000","141,272,000","120,090,000","114,896,000","100,229,000","91,435,000","83,846,000","83,780,000","86,642,000","78,626,000","69,176,000","80,867,000","108,531,000","111,238,000","92,946,000","90,681,000","87,652,000","85,973,000","71,822,000","70,756,000","79,689,000","76,164,000","64,638,000","64,425,000","67,395,000","57,311,000","52,202,000"
	OperatingRevenue,"1,740,007,000","458,001,000","444,465,000","431,619,000","405,922,000","359,165,000","343,614,000","329,801,000","299,651,000","373,804,000","381,232,000","400,343,000","384,630,000","320,257,000","319,525,000","315,322,000","309,027,000","296,840,000","275,010,000","267,903,000","249,116,000","241,289,000","244,134,000","241,135,000","206,217,000","205,928,000","449,955,000","140,672,000","135,520,000","128,490,000","136,409,000","144,497,000","145,828,000","135,435,000","133,471,000","136,874,000","131,040,000","126,039,000","16,438,000","160,967,000","153,064,000","140,122,000","139,836,000","151,878,000","141,272,000","120,090,000","114,896,000","100,229,000","91,435,000","83,846,000","83,780,000","86,642,000","78,626,000","69,176,000","80,867,000","108,534,000","111,238,000","92,946,000","90,681,000","87,652,000","85,973,000","71,822,000","70,756,000","79,689,000","76,164,000","64,638,000","64,425,000","67,395,000","57,311,000","52,202,000"
	ExciseTaxes,,,,,,,,,,,,,,,,,,,,,,,,,,,,,,,,,,,,,,,,,,,,,,,,,,,,,,,,"3,000",,,,,,,,,,,,,,
CostOfRevenue,"746,523,000","202,199,000","192,743,000","179,930,000","171,651,000","157,785,000","168,571,000","156,872,000","161,900,000","185,832,000","180,085,000","165,679,000","160,773,000","153,233,000","137,305,000","144,114,000","131,760,000","134,891,000","157,688,000","161,588,000","144,806,000","138,443,000","134,440,000","143,068,000","121,199,000","106,377,000","104,794,000","102,922,000","99,056,000","95,089,000","95,452,000","100,367,000","81,914,000","81,533,000","70,321,000","77,867,000","74,389,000","69,859,000","164,064,000","34,304,000","30,428,000","25,302,000","18,754,000","25,835,000","23,041,000","17,995,000","15,185,000","19,719,000","13,384,000","10,961,000","76,930,000","10,353,000","8,974,000","9,335,000","24,818,000","19,527,000","24,176,000","17,414,000","30,389,000","19,899,000","17,691,000","19,195,000","-23,296,000","18,549,000","18,573,000",,,,,
GrossProfit,"1,210,797,000","315,336,000","304,795,000","302,834,000","287,832,000","252,972,000","230,419,000","225,244,000","185,184,000","245,847,000","259,960,000","294,284,000","281,034,000","228,643,000","246,939,000","238,576,000","239,116,000","219,938,000","173,617,000","162,414,000","159,078,000","152,914,000","156,399,000","144,688,000","112,737,000","99,551,000","107,848,000","123,135,000","114,597,000","107,196,000","116,412,000","121,767,000","119,667,000","100,535,000","111,962,000","113,658,000","103,896,000","95,511,000","4,934,000","126,663,000","122,636,000","114,820,000","121,082,000","126,043,000","118,231,000","102,095,000","99,711,000","80,510,000","78,051,000","72,885,000","6,850,000","76,289,000","69,652,000","59,841,000","56,049,000","89,004,000","87,062,000","75,532,000","60,292,000","67,753,000","68,282,000","52,627,000","94,052,000","61,140,000","57,591,000",,,,,
OperatingExpense,"797,064,000","193,062,000","196,436,000","202,012,000","205,554,000","202,431,000","211,670,000","177,037,000","156,402,000","171,018,000","156,102,000","175,973,000","186,297,000","159,708,000","145,037,000","135,464,000","136,205,000","141,576,000","99,025,000","94,052,000","93,646,000","91,678,000","108,742,000","87,589,000","57,596,000","56,835,000","57,462,000","55,435,000","51,679,000","51,612,000","54,891,000","46,406,000","39,338,000","38,998,000","40,727,000","35,765,000","36,815,000","34,981,000","-41,135,000","74,143,000","48,758,000","47,891,000","69,256,000","50,593,000","46,266,000","45,587,000","43,517,000","43,063,000","37,275,000","39,250,000","-25,643,000","37,184,000","33,966,000","35,701,000","2,042,000","34,602,000","36,114,000","38,464,000","20,752,000","24,751,000","25,635,000","25,724,000","65,501,000","22,007,000","19,079,000","35,731,000","18,721,000","33,325,000","24,610,000","30,687,000"
	SellingGeneralAndAdministration,"633,786,000","152,608,000","154,319,000","161,711,000","165,148,000","164,778,000","173,243,000","137,723,000","117,009,000","130,818,000","118,962,000","139,112,000","149,078,000","128,524,000","113,984,000","106,410,000","106,185,000","111,850,000","8,377,000","6,526,000","6,459,000","6,367,000","45,982,000","7,271,000","6,113,000","5,712,000","39,634,000","5,240,000","5,034,000","4,997,000","35,119,000","5,362,000","3,761,000","4,366,000","31,218,000","3,822,000","4,191,000","3,805,000","-60,648,000","31,855,000","33,177,000","31,531,000","50,468,000","30,149,000","29,230,000","28,959,000","43,296,000","25,927,000","22,490,000","21,664,000","-38,872,000","20,640,000","20,228,000","20,241,000","-19,373,000","13,358,000","15,027,000","18,970,000","13,165,000","6,798,000","17,201,000","17,723,000","49,734,000","8,621,000","5,939,000","29,374,000","36,965,000","22,673,000","21,926,000","28,715,000"
		GeneralAndAdministrativeExpense,"319,110,000","78,663,000","81,418,000","79,486,000","79,543,000","86,431,000","94,677,000","73,131,000","62,265,000","62,036,000","69,732,000","65,423,000","76,247,000","64,405,000","53,599,000","51,799,000","48,488,000","55,309,000","8,377,000","6,526,000","6,459,000","6,367,000","25,514,000","7,271,000","6,113,000","5,712,000","22,228,000","5,240,000","5,034,000","4,997,000","19,371,000","5,362,000","3,761,000","4,366,000","16,358,000","3,822,000","4,191,000","3,805,000","-74,482,000","31,855,000","33,177,000","31,531,000","33,190,000","30,149,000","29,230,000","28,959,000","29,568,000","25,927,000","22,490,000","21,664,000","-49,688,000","20,640,000","20,228,000","20,241,000",,,,,,,,,,,,,,,,
			SalariesAndWages,,,,,,,,,,,,,,,,,,,,,,,,,,,,,,,,,,,,,,,,"28,823,000","29,963,000","28,715,000","25,118,000","27,388,000","26,410,000","25,694,000","23,551,000","23,746,000","20,447,000","19,620,000",,"18,680,000","18,259,000","17,853,000",,,,,,,,,,,,,,,,
			RentAndLandingFees,,,,,,,,,,,,,,,,,,,"8,377,000","6,526,000","6,459,000","6,367,000","6,724,000","7,271,000","6,113,000","5,712,000","5,347,000","5,240,000","5,034,000","4,997,000","4,789,000","5,362,000","3,761,000","4,366,000","4,149,000","3,822,000","4,191,000","3,805,000","12,202,000",,,,,,,,,,,,,,,,,,,,,,,,,,,,,,,
			OtherGandA,"319,110,000","78,663,000","81,418,000","79,486,000","79,543,000","86,431,000","94,677,000","73,131,000","62,265,000","62,036,000","69,732,000","65,423,000","76,247,000","64,405,000","53,599,000","51,799,000","48,488,000","55,309,000","48,903,000",,,,"5,140,000",,,,"4,049,000",,,,"4,019,000",,,,"3,302,000",,,,"658,000","3,032,000","3,214,000","2,816,000","8,072,000","2,761,000","2,820,000","3,265,000","6,017,000","2,181,000","2,043,000","2,044,000","5,104,000","1,960,000","1,969,000","2,388,000",,,,,,,,,,,,,,,,
		SellingAndMarketingExpense,"314,676,000","73,945,000","72,901,000","82,225,000","85,605,000","78,347,000","78,566,000","64,592,000","54,744,000","68,782,000","49,230,000","73,689,000","72,831,000","64,119,000","60,385,000","54,611,000","57,697,000","56,541,000","41,928,000",,,,"5,468,000",,,,"4,378,000",,,,"4,227,000",,,,"3,758,000",,,,,,,,,,,,,,,,,,,,,,,,,,,,,,,,,,,
	ResearchAndDevelopment,,,,,,,,,,,,,,,,,,,,,,,,,,,,,,,,,,,,,,,,,,,,,,,,,,,,"2,424,000","2,237,000",,,,,,,,,,,,,,,,,
	DepreciationAmortizationDepletionIncomeStatement,"163,278,000","40,454,000","42,117,000","40,301,000","40,406,000","37,653,000","38,427,000","39,314,000","39,393,000","40,200,000","37,140,000","36,861,000","37,219,000","31,184,000","31,053,000","29,054,000","30,020,000","29,726,000","53,296,000","51,229,000","49,961,000","49,238,000","50,270,000","46,008,000","23,109,000","22,264,000","20,153,000","20,778,000","20,759,000","21,387,000","20,586,000","19,600,000","15,176,000","15,018,000","14,940,000","14,160,000","14,501,000","14,607,000","24,672,000","27,877,000","11,397,000","11,317,000","11,725,000","11,767,000","10,908,000","10,969,000","11,531,000","6,752,000","5,737,000","5,873,000","5,988,000","5,359,000","5,338,000","5,245,000","5,481,000","5,216,000","4,935,000","4,491,000","4,456,000","3,922,000","3,338,000","3,302,000","3,048,000","2,734,000","2,692,000","2,514,000","2,736,000","2,526,000","2,684,000","1,972,000"
		DepreciationAndAmortizationInIncomeStatement,"163,278,000","40,454,000","42,117,000","40,301,000","40,406,000","37,653,000","38,427,000","39,314,000","39,393,000","40,200,000","37,140,000","36,861,000","37,219,000","31,184,000","31,053,000","29,054,000","30,020,000","29,726,000","53,296,000","51,229,000","49,961,000","49,238,000","50,270,000","46,008,000","23,109,000","22,264,000","20,153,000","20,778,000","20,759,000","21,387,000","20,586,000","19,600,000","15,176,000","15,018,000","14,940,000","14,160,000","14,501,000","14,607,000","24,672,000","27,877,000","11,397,000","11,317,000","11,725,000","11,767,000","10,908,000","10,969,000","11,531,000","6,752,000","5,737,000","5,873,000","5,988,000","5,359,000","5,338,000","5,245,000","5,481,000","5,216,000","4,935,000","4,491,000","4,456,000","3,922,000","3,338,000","3,302,000","3,048,000","2,734,000","2,692,000","2,514,000","2,736,000","2,526,000","2,684,000","1,972,000"
	ProvisionForDoubtfulAccounts,,,,,,,,,,,,,,,,,,,,,,,,,,,,,,,,,,,,,,,,"5,647,000","4,184,000","5,043,000","7,063,000","8,677,000","6,128,000","5,659,000","7,194,000","3,882,000","2,851,000","5,911,000","5,246,000","5,667,000","2,567,000","4,235,000",,,,,,,,,,,,,,,,
	OtherOperatingExpenses,,,,,,,,,,,,,,,,,,,"37,352,000","36,297,000","37,226,000","36,073,000","12,490,000","34,310,000","28,374,000","28,859,000","-2,325,000","29,417,000","25,886,000","25,228,000","-814,000","21,444,000","20,401,000","19,614,000","-5,431,000","17,783,000","18,123,000","16,569,000","9,715,000","8,764,000","9,922,000",,,"8,757,000","9,329,000",,,"6,502,000","6,197,000","5,802,000","-7,332,000","5,518,000","5,833,000","5,980,000","-37,597,000","16,028,000","16,152,000","15,003,000","-5,607,000","14,031,000","5,096,000","4,699,000","4,896,000","10,652,000","10,448,000","3,843,000",,"8,126,000",,
OperatingIncome,"413,733,000","122,274,000","108,359,000","100,822,000","82,278,000","50,541,000","18,749,000","48,207,000","28,782,000","74,829,000","103,858,000","118,311,000","94,737,000","68,935,000","101,902,000","103,112,000","102,911,000","78,362,000","74,592,000","68,362,000","65,432,000","61,236,000","47,657,000","57,099,000","55,141,000","42,716,000","50,386,000","67,700,000","62,918,000","55,584,000","61,521,000","75,361,000","80,329,000","61,537,000","71,235,000","77,893,000","67,081,000","60,530,000","46,069,000","52,520,000","73,878,000","66,929,000","51,826,000","75,450,000","71,965,000","56,508,000","56,194,000","37,447,000","40,776,000","33,635,000","32,493,000","39,105,000","35,686,000","24,140,000","54,007,000","54,402,000","50,948,000","37,068,000","39,540,000","43,002,000","42,647,000","26,903,000","28,551,000","39,133,000","38,512,000","28,907,000","45,704,000","34,070,000","32,701,000","21,515,000"
NetNonOperatingInterestIncomeExpense,"-124,827,000","-29,689,000","-30,172,000","-32,493,000","-32,473,000","-33,284,000","-55,267,000","-40,950,000","-28,832,000","-32,031,000","-33,378,000","-34,549,000","-35,638,000","-31,112,000","-26,463,000","-25,718,000","-25,505,000","-27,337,000","-25,618,000","-25,754,000","-28,547,000","-27,148,000","-26,378,000","-35,064,000","-30,418,000","-21,558,000","-10,855,000","-11,330,000","-11,916,000","-12,088,000","-11,570,000","-9,840,000","-7,276,000","-7,356,000","-7,342,000","-7,369,000","-7,369,000","-7,339,000","-126,000","-3,545,000","-3,366,000","-3,396,000","-3,854,000","-4,549,000","-5,009,000","-3,717,000","-3,655,000","-2,739,000","-2,122,000","-2,168,000","-3,172,000","-4,114,000","-5,362,000","-6,836,000",,,,,,,,,,,,,,,,
	InterestExpenseNonOperating,"124,827,000","29,689,000","30,172,000","32,493,000","32,473,000","33,284,000","55,267,000","40,950,000","28,832,000","32,031,000","33,378,000","34,549,000","35,638,000","31,112,000","26,463,000","25,718,000","25,505,000","27,337,000","25,618,000","25,754,000","28,547,000","27,148,000","26,378,000","35,064,000","30,418,000","21,558,000","10,855,000","11,330,000","11,916,000","12,088,000","11,570,000","9,840,000","7,276,000","7,356,000","7,342,000","7,369,000","7,369,000","7,339,000","126,000","3,545,000","3,366,000","3,396,000","3,854,000","4,549,000","5,009,000","3,717,000","3,655,000","2,739,000","2,122,000","2,168,000","3,172,000","4,114,000","5,362,000","6,836,000",,,,,,,,,,,,,,,,
OtherIncomeExpense,"24,323,000","38,233,000","23,556,000","2,879,000","-40,345,000","4,278,000","-204,118,000","-43,372,000","-6,304,000","-60,774,000","18,178,000","-22,178,000","-14,851,000","-15,797,000","-31,154,000","-1,361,000","-24,028,000","13,898,000","6,385,000","9,822,000","-9,590,000","9,523,000","-12,245,000","3,233,000","-8,329,000","15,246,000","-4,485,000","16,126,000","-8,161,000","-8,971,000","29,352,000","33,026,000","-6,323,000","2,878,000","-7,997,000","-522,000","7,586,000","-7,987,000","-2,395,000","-13,846,000","20,148,000","-26,687,000","3,358,000","3,465,000","-3,093,000","-33,745,000","-22,936,000","3,027,000","9,403,000","-1,780,000","-8,813,000","3,671,000","118,363,000","83,000",,"50,428,000","-94,210,000","-16,769,000","63,286,000","-7,868,000","-16,307,000","-15,389,000","6,628,000","14,397,000","-24,915,000","-11,321,000","25,604,000","-42,437,000","-824,000","-48,121,000"
	GainOnSaleOfSecurity,"77,406,000","54,833,000","18,756,000","-3,538,000","7,355,000","4,278,000","11,269,000","2,990,000","-6,304,000","-60,774,000","17,246,000","-22,178,000","-14,851,000","-15,797,000","-27,154,000","1,063,000","-24,028,000","13,898,000","-1,496,000","14,461,000","8,261,000","10,007,000","-11,990,000","5,932,000","-4,823,000","16,835,000","-4,500,000","14,447,000","-8,161,000","-1,627,000","29,006,000","7,213,000","-6,323,000","2,878,000","-7,814,000","-672,000","7,586,000","-7,987,000","-12,352,000","180,000","-472,000","-20,000","-96,000","-855,000","4,000","488,000","87,000","7,015,000",,,,,,,,,,,,,,,,,,,,,,
	SpecialIncomeCharges,"-56,700,000","-16,600,000","4,800,000","2,800,000","-47,700,000",,"-215,878,000","-46,362,000",,,"0","0",,,"-3,225,000","-2,424,000",,,"-7,378,000","-4,639,000","-17,851,000","-484,000","140,000","-2,531,000","-3,506,000","-1,589,000","-496,000","45,000","0","-7,344,000","321,000","27,169,000",,,"0","0","0",,"12,046,000","-14,026,000","20,620,000","-26,667,000","3,454,000","4,320,000","-3,097,000","-34,233,000","-23,023,000","-3,988,000","9,403,000","-1,780,000","-8,813,000","3,671,000","118,363,000","83,000","60,551,000","50,428,000","-94,210,000","-16,769,000","63,286,000","-7,868,000","-16,307,000","-15,389,000","6,628,000","14,397,000","-24,915,000","-11,321,000","25,604,000","-42,437,000","-824,000","-48,121,000"
		RestructuringAndMergernAcquisition,"56,700,000","16,600,000","-4,800,000","-2,800,000","47,700,000",,,,,,,,,,,,,,"340,000","4,639,000","1,676,000","484,000","-140,000","2,531,000","3,506,000","1,589,000","496,000","-45,000","0","8,559,000",,,,,,,,,,,,,,,,,,,,,,,,,,,,,,,,,,,,,,,,
		ImpairmentOfCapitalAssets,,,"0",,,,"53,378,000",,,,"0","0",,,"3,225,000","2,424,000",,,"27,996,000","0","16,175,000",,,,,,,,,,,,,,,,,,,,,,,,,,,,,,,,,,,,,,,,,,,,,,,,,
		OtherSpecialCharges,,,,,,,"162,500,000",,,,,,,,,,,,,,,,,,,,,,,,,,,,,,,,"-12,046,000","14,026,000","-20,620,000",,"-3,454,000","-4,320,000",,,,,,,,,,,,,,,,,,,,,,,,,,
		GainOnSaleOfBusiness,,,"0","0",,,"0","-46,362,000",,,,,,,"0",,,,"20,958,000",,,,"0",,"0",,"0","0","0","1,215,000","321,000","27,169,000",,,,,,,,,,,,,,,,,,,,,,,,,,,,,,,,,,,,,,
	OtherNonOperatingIncomeExpenses,,,"0","3,617,000",,,"491,000",,,,"932,000",,,,"-775,000",,,,"15,259,000",,,,"-395,000","-168,000",,,"511,000","1,634,000",,,"25,000","-1,356,000",,,"-183,000","150,000",,,"-2,089,000",,,,,,,,,,,,,,,,,,,,,,,,,,,,,,,
PretaxIncome,"313,229,000","130,818,000","101,743,000","71,208,000","9,460,000","21,535,000","-240,636,000","-36,115,000","-6,354,000","-17,976,000","88,658,000","61,584,000","44,248,000","22,026,000","44,285,000","76,033,000","53,378,000","64,923,000","55,359,000","52,430,000","27,295,000","43,611,000","9,034,000","25,268,000","16,394,000","36,404,000","35,046,000","72,496,000","42,841,000","34,525,000","79,303,000","98,547,000","66,730,000","57,059,000","55,896,000","70,002,000","67,298,000","45,204,000","43,548,000","35,129,000","90,660,000","36,846,000","51,330,000","74,366,000","63,863,000","19,046,000","29,603,000","37,735,000","48,057,000","29,687,000","20,508,000","38,662,000","148,687,000","17,387,000","103,505,000","108,271,000","-39,404,000","23,393,000","84,791,000","36,828,000","28,435,000","13,083,000","30,759,000","53,679,000","14,337,000","17,701,000","41,694,000","-8,120,000","24,552,000","-30,253,000"
TaxProvision,"111,509,000","42,032,000","50,883,000","19,340,000","-746,000","-1,670,000","-16,745,000","21,602,000","-19,747,000","-5,707,000","23,871,000","19,137,000","12,397,000","5,818,000","20,565,000","18,751,000","13,938,000","15,589,000","-24,235,000","18,570,000","10,655,000","14,535,000","5,895,000","6,065,000","4,482,000","13,183,000","13,649,000","30,714,000","16,441,000","14,492,000","32,064,000","24,697,000","23,881,000","20,979,000","22,005,000","26,224,000","25,246,000","16,627,000","14,694,000","20,845,000","60,325,000","13,610,000","18,538,000","26,266,000","23,248,000","6,931,000","11,135,000","17,164,000","18,021,000","11,133,000","8,379,000","15,299,000","55,497,000","6,410,000","38,354,000","35,927,000","-15,021,000","8,865,000","82,125,000","14,583,000","10,106,000","4,746,000","11,800,000","19,235,000","4,481,000","6,351,000","13,367,000","-1,935,000","9,568,000","-11,780,000"
NetIncomeCommonStockholders,"125,465,000","122,763,000","-11,760,000","48,318,000","-33,856,000","-2,565,000","-234,200,000","-65,840,000","72,658,000","-16,256,000","54,446,000","14,619,000","13,807,000","16,134,000","23,042,000","57,322,000","39,298,000","48,633,000","79,804,000","33,971,000","17,090,000","29,401,000","5,287,000","19,696,000","12,567,000","23,086,000","20,901,000","32,166,000","26,492,000","22,345,000","47,893,000","74,443,000","43,333,000","36,542,000","34,468,000","43,838,000","42,213,000","28,689,000","29,053,000","14,298,000","30,335,000","23,236,000","32,792,000","48,100,000","40,615,000","12,115,000","18,468,000","20,571,000","30,036,000","18,554,000","12,129,000","23,363,000","93,190,000","10,977,000","65,151,000","72,344,000","-24,383,000","14,528,000","2,666,000","22,245,000","18,329,000","8,337,000","18,959,000","34,444,000","9,856,000","11,350,000","28,327,000","-6,185,000","14,984,000","-18,473,000"
	NetIncome,"125,465,000","122,763,000","-11,760,000","48,318,000","-33,856,000","-2,565,000","-234,200,000","-65,840,000","72,658,000","-16,256,000","54,446,000","14,619,000","13,807,000","16,134,000","23,042,000","57,322,000","39,298,000","48,633,000","79,804,000","33,971,000","17,090,000","29,401,000","5,287,000","19,696,000","12,567,000","23,086,000","20,901,000","32,166,000","26,492,000","22,345,000","47,893,000","74,443,000","43,333,000","36,542,000","34,468,000","43,838,000","42,213,000","28,689,000","29,053,000","14,298,000","30,335,000","23,236,000","32,792,000","48,100,000","40,615,000","12,115,000","18,468,000","20,571,000","30,036,000","18,554,000","12,129,000","23,363,000","93,190,000","10,977,000","65,151,000","72,344,000","-24,383,000","14,528,000","2,666,000","22,245,000","18,329,000","8,337,000","18,959,000","34,444,000","9,856,000","11,350,000","28,327,000","-6,185,000","14,984,000","-18,473,000"
		NetIncomeIncludingNoncontrollingInterests,"201,720,000","88,786,000","50,860,000","51,868,000","10,206,000","23,205,000","-223,891,000","-57,717,000","13,393,000","-12,269,000","64,787,000","42,447,000","31,851,000","16,208,000","23,720,000","57,282,000","39,440,000","49,334,000","79,594,000","33,860,000","16,640,000","29,076,000","3,139,000","19,203,000","11,912,000","23,221,000","21,397,000","41,782,000","26,400,000","20,033,000","47,239,000","73,850,000","42,849,000","36,080,000","33,891,000","43,778,000","42,052,000","28,577,000","28,854,000","14,284,000","30,335,000","23,236,000","32,792,000","48,100,000","40,615,000","12,115,000","18,468,000","20,571,000","30,036,000","18,554,000","12,129,000","23,363,000","93,190,000","10,977,000","65,151,000","72,344,000","-24,383,000","14,528,000","2,666,000","22,245,000","18,329,000","8,337,000","18,959,000","34,444,000","9,856,000","11,350,000","28,327,000","-6,185,000","14,984,000","-18,473,000"
			NetIncomeContinuousOperations,"201,720,000","88,786,000","50,860,000","51,868,000","10,206,000","23,205,000","-223,891,000","-57,717,000","13,393,000","-12,269,000","64,787,000","42,447,000","31,851,000","16,208,000","23,720,000","57,282,000","39,440,000","49,334,000","79,594,000","33,860,000","16,640,000","29,076,000","3,139,000","19,203,000","11,912,000","23,221,000","21,397,000","41,782,000","26,400,000","20,033,000","47,239,000","73,850,000","42,849,000","36,080,000","33,891,000","43,778,000","42,052,000","28,577,000","28,854,000","14,284,000","30,335,000","23,236,000","32,792,000","48,100,000","40,615,000","12,115,000","18,468,000","20,571,000","30,036,000","18,554,000","12,129,000","23,363,000","93,190,000","10,977,000","65,151,000","72,344,000","-24,383,000","14,528,000","2,666,000","22,245,000","18,329,000","8,337,000","18,959,000","34,444,000","9,856,000","11,350,000","28,327,000","-6,185,000","14,984,000","-18,473,000"
		MinorityInterests,"-76,255,000","33,977,000","-62,620,000","-3,550,000","-44,062,000","-25,770,000","-10,309,000","-8,123,000","59,265,000","-3,987,000","-10,341,000","-27,828,000","-18,044,000","-74,000","-678,000","40,000","-142,000","-701,000","210,000","111,000","450,000","325,000","2,148,000","493,000","655,000","-135,000","-496,000","-9,616,000","92,000","2,312,000","654,000","593,000","484,000","462,000","577,000","60,000","161,000","112,000","199,000","14,000",,,,,,,,,,,,,,,,,,,,,,,,,,,,,,
DilutedNIAvailtoComStockholders,"125,465,000","122,763,000","-11,760,000","48,318,000","-33,856,000","-2,565,000","-234,200,000","-65,840,000","72,658,000","-16,256,000","54,446,000","14,619,000","13,807,000","16,134,000","23,042,000","57,322,000","39,298,000","48,633,000","79,804,000","33,971,000","17,090,000","29,401,000","5,287,000","19,696,000","12,567,000","23,086,000","20,901,000","32,166,000","26,492,000","22,345,000","47,893,000","74,443,000","43,333,000","36,542,000","34,468,000","43,838,000","42,213,000","28,689,000","29,053,000","14,298,000","30,335,000","23,236,000","32,792,000","48,100,000","40,615,000","12,115,000","18,468,000","20,571,000","30,036,000","18,554,000","12,129,000","23,363,000","93,190,000","10,977,000","65,151,000","72,344,000","-24,383,000","14,528,000","2,666,000","22,245,000","18,329,000","8,337,000","18,959,000","34,444,000","9,856,000","11,350,000","28,327,000","-6,185,000","14,984,000","-18,473,000"
BasicEPS,,"2.73","-0.26","1.08","-0.76","-0.06","-5.3","-1.49","1.67","-0.37","1.26","0.34","0.32","0.37","0.49","1.33","0.91","1.13","1.855","0.79","0.4","0.69","0.12","0.46","0.32","0.6","0.54","0.83","0.68","0.58","1.23","1.92","1.12","0.94","0.88","1.12","1.08","0.74","0.75","0.37","0.78","0.6",,"1.24","1.05","0.31",,"0.54","0.77","0.48",,"0.61","2.43","0.29",,"1.86","-0.63","0.37",,"0.56","0.46","0.21",,"0.85","0.24","0.28",,"-0.15","0.37","-0.46"
DilutedEPS,,"2.71","-0.26","1.07","-0.76","-0.06","-5.3","-1.49","1.66","-0.37","1.24","0.33","0.32","0.37","0.49","1.31","0.9","1.12","1.855","0.79","0.4","0.68","0.12","0.46","0.32","0.59","0.54","0.83","0.68","0.57","1.23","1.91","1.11","0.93","0.88","1.12","1.08","0.73","0.74","0.37","0.78","0.59",,"1.23","1.04","0.31",,"0.53","0.77","0.48",,"0.6","2.36","0.28",,"1.82","-0.63","0.36",,"0.55","0.45","0.2",,"0.83","0.24","0.28",,"-0.15","0.37","-0.46"
BasicAverageShares,,"44,912,000","44,880,000","44,861,000","44,788,000","44,343,000","44,210,000","44,166,000","43,574,000","43,416,000","43,367,000","43,349,000","43,329,000","43,220,000","43,199,000","43,191,000","43,181,000","43,049,000","43,022,000","43,014,000","43,002,000","42,871,000","42,841,000","42,788,000","38,806,000","38,756,000","38,745,000","38,745,000","38,739,000","38,859,000","38,872,000","38,867,000","38,856,000","38,966,000","38,983,000","38,978,000","38,934,000","38,888,000","38,862,000","38,793,000","38,883,000","38,820,000",,"38,747,000","38,722,000","38,516,000",,"38,374,000","38,830,000","38,334,000",,"38,217,000","38,418,000","38,339,000",,"38,831,000","38,857,000","39,312,000",,"39,990,000","39,995,000","40,347,000",,"40,362,000","40,331,000","40,245,000",,"40,194,000","40,186,000","40,185,000"
DilutedAverageShares,,"45,344,000","44,880,000","45,279,000","44,788,000","44,343,000","44,210,000","44,166,000","43,779,000","43,416,000","43,931,000","43,811,000","43,761,000","43,572,000","43,535,000","43,615,000","43,546,000","43,450,000","43,022,000","43,101,000","43,060,000","43,119,000","43,072,000","42,871,000","38,857,000","38,850,000","38,822,000","38,808,000","38,799,000","38,952,000","38,976,000","38,961,000","38,946,000","39,145,000","39,103,000","39,081,000","39,039,000","39,187,000","39,091,000","38,995,000","39,084,000","39,123,000",,"38,951,000","38,947,000","38,872,000",,"38,779,000","39,136,000","39,122,000",,"39,351,000","39,517,000","39,177,000",,"39,730,000","38,857,000","40,275,000",,"41,060,000","41,084,000","41,069,000",,"41,538,000","41,086,000","40,983,000",,"40,194,000","41,072,000","40,185,000"
TotalOperatingIncomeAsReported,"413,733,000","122,274,000","108,359,000","100,822,000","82,278,000","50,541,000","-197,129,000","1,845,000","28,782,000","74,829,000","103,858,000","118,311,000","94,737,000","68,935,000","98,677,000","100,688,000","102,911,000","78,362,000","67,214,000","63,723,000","47,581,000","60,752,000","47,797,000","54,568,000","51,635,000","41,127,000","49,890,000","67,745,000","62,918,000","48,240,000","61,842,000","102,530,000","80,329,000","61,537,000","71,235,000","77,893,000","67,081,000","60,530,000","49,499,000","51,277,000","62,880,000","57,963,000","60,733,000","65,244,000","61,175,000","46,172,000","42,980,000","36,192,000","39,347,000","32,193,000","30,108,000","36,346,000","32,372,000","19,324,000","19,014,000","54,402,000","50,948,000","37,068,000","39,540,000","43,002,000","42,647,000","26,903,000","28,551,000","39,133,000","38,512,000","28,907,000","45,704,000","34,070,000","32,701,000","21,515,000"
RentExpenseSupplemental,,,,,,,,,,,,,,,,,,,"8,377,000","6,526,000","6,459,000","6,367,000","6,724,000","7,271,000","6,113,000","5,712,000","5,347,000","5,240,000","5,034,000","4,997,000","4,789,000","5,362,000","3,761,000","4,366,000","4,149,000","3,822,000","4,191,000","3,805,000","12,202,000",,,,,,,,,,,,,,,,,,,,,,,,,,,,,,,
TotalExpenses,"1,543,587,000","395,261,000","389,179,000","381,942,000","377,205,000","360,216,000","380,241,000","333,909,000","318,302,000","356,850,000","336,187,000","341,652,000","347,070,000","312,941,000","282,342,000","279,578,000","267,965,000","276,467,000","256,713,000","255,640,000","238,452,000","230,121,000","243,182,000","230,657,000","178,795,000","163,212,000","162,256,000","158,357,000","150,735,000","146,701,000","150,343,000","146,773,000","121,252,000","120,531,000","111,048,000","113,632,000","111,204,000","104,840,000","122,929,000","108,447,000","79,186,000","73,193,000","88,010,000","76,428,000","69,307,000","63,582,000","58,702,000","62,782,000","50,659,000","50,211,000","51,287,000","47,537,000","42,940,000","45,036,000","26,860,000","54,129,000","60,290,000","55,878,000","51,141,000","44,650,000","43,326,000","44,919,000","42,205,000","40,556,000","37,652,000","35,731,000","18,721,000","33,325,000","24,610,000","30,687,000"
NetIncomeFromContinuingAndDiscontinuedOperation,"125,465,000","122,763,000","-11,760,000","48,318,000","-33,856,000","-2,565,000","-234,200,000","-65,840,000","72,658,000","-16,256,000","54,446,000","14,619,000","13,807,000","16,134,000","23,042,000","57,322,000","39,298,000","48,633,000","79,804,000","33,971,000","17,090,000","29,401,000","5,287,000","19,696,000","12,567,000","23,086,000","20,901,000","32,166,000","26,492,000","22,345,000","47,893,000","74,443,000","43,333,000","36,542,000","34,468,000","43,838,000","42,213,000","28,689,000","29,053,000","14,298,000","30,335,000","23,236,000","32,792,000","48,100,000","40,615,000","12,115,000","18,468,000","20,571,000","30,036,000","18,554,000","12,129,000","23,363,000","93,190,000","10,977,000","65,151,000","72,344,000","-24,383,000","14,528,000","2,666,000","22,245,000","18,329,000","8,337,000","18,959,000","34,444,000","9,856,000","11,350,000","28,327,000","-6,185,000","14,984,000","-18,473,000"
NormalizedIncome,"112,130,301.361","96,802,793","-28,955,880","48,855,264","3,301,745","-5,687,940","-43,829,009.712","-34,178,440","77,259,920","25,252,642","41,843,453.112","29,899,642","24,499,720","27,760,592","45,218,670","58,346,833","57,054,692","38,070,520","85,128,400","27,625,988","22,939,900","23,049,159","12,397,000","17,111,240","18,622,183","13,359,052","23,951,260.001","23,470,800","31,519,176","27,727,600","30,296,800","48,690,882","47,392,366","34,723,104","39,205,803.671","44,258,256.793","37,472,792.683","33,744,771","29,255,749.242","23,297,900","17,238,800","40,065,483.038","30,646,752.854","45,858,834.683","42,582,057.529","33,579,909.955","32,776,754.113","18,603,450","24,159,051.626","19,666,477.515","17,857,450","21,144,657.105","19,005,653.218","10,924,599.298","27,037,303.067","38,649,259.654","33,913,681.301","24,942,227.846","-38,469,900","26,997,461.714","28,840,376.93","18,143,473.515","14,873,683.442","25,205,931.705","26,983,867.755","18,609,101.181","10,931,583.201","26,139,241.995","15,486,884.327","10,910,506.859"
InterestExpense,"124,827,000","29,689,000","30,172,000","32,493,000","32,473,000","33,284,000","55,267,000","40,950,000","28,832,000","32,031,000","33,378,000","34,549,000","35,638,000","31,112,000","26,463,000","25,718,000","25,505,000","27,337,000","25,618,000","25,754,000","28,547,000","27,148,000","26,378,000","35,064,000","30,418,000","21,558,000","10,855,000","11,330,000","11,916,000","12,088,000","11,570,000","9,840,000","7,276,000","7,356,000","7,342,000","7,369,000","7,369,000","7,339,000","126,000","3,545,000","3,366,000","3,396,000","3,854,000","4,549,000","5,009,000","3,717,000","3,655,000","2,739,000","2,122,000","2,168,000","3,172,000","4,114,000","5,362,000","6,836,000",,,,,,,,,,,,,,,,
NetInterestIncome,"-124,827,000","-29,689,000","-30,172,000","-32,493,000","-32,473,000","-33,284,000","-55,267,000","-40,950,000","-28,832,000","-32,031,000","-33,378,000","-34,549,000","-35,638,000","-31,112,000","-26,463,000","-25,718,000","-25,505,000","-27,337,000","-25,618,000","-25,754,000","-28,547,000","-27,148,000","-26,378,000","-35,064,000","-30,418,000","-21,558,000","-10,855,000","-11,330,000","-11,916,000","-12,088,000","-11,570,000","-9,840,000","-7,276,000","-7,356,000","-7,342,000","-7,369,000","-7,369,000","-7,339,000","-126,000","-3,545,000","-3,366,000","-3,396,000","-3,854,000","-4,549,000","-5,009,000","-3,717,000","-3,655,000","-2,739,000","-2,122,000","-2,168,000","-3,172,000","-4,114,000","-5,362,000","-6,836,000",,,,,,,,,,,,,,,,
EBIT,"438,056,000","160,507,000","131,915,000","103,701,000","41,933,000","54,819,000","-185,369,000","4,835,000","22,478,000","14,055,000","122,036,000","96,133,000","79,886,000","53,138,000","70,748,000","101,751,000","78,883,000","92,260,000","80,977,000","78,184,000","55,842,000","70,759,000","35,412,000","60,332,000","46,812,000","57,962,000","45,901,000","83,826,000","54,757,000","46,613,000","90,873,000","108,387,000","74,006,000","64,415,000","63,238,000","77,371,000","74,667,000","52,543,000","43,674,000","38,674,000","94,026,000","40,242,000","55,184,000","78,915,000","68,872,000","22,763,000","33,258,000","40,474,000","50,179,000","31,855,000","23,680,000","42,776,000","154,049,000","24,223,000","100,199,000","54,402,000","50,948,000","37,068,000","39,540,000","43,002,000","42,647,000","26,903,000","28,551,000","39,133,000","38,512,000","28,907,000","45,704,000","34,070,000","32,701,000","21,515,000"
EBITDA,"710,306,000"
ReconciledCostOfRevenue,"637,551,000","176,197,000","164,450,000","151,704,000","145,200,000","128,591,000","140,094,000","130,670,000","136,776,000","161,043,000","153,566,000","139,556,000","139,203,000","132,720,000","117,428,000","125,101,000","111,148,000","114,441,000","157,688,000","161,588,000","144,806,000","138,443,000","134,440,000","144,611,000","120,428,000","105,605,000","104,016,000","102,144,000","98,283,000","94,321,000","94,674,000","99,692,000","81,319,000","80,939,000","69,719,000","77,257,000","73,795,000","69,310,000","174,073,000","49,989,000","30,080,000","24,952,000","17,634,000","25,474,000","23,013,000","16,761,000","14,409,000","19,341,000","13,084,000","10,804,000","76,772,000","10,196,000","8,815,000","9,180,000","24,661,000","19,370,000","24,084,000","17,355,000","30,330,000","19,840,000","17,548,000","18,755,000","-23,296,000","18,301,000","18,303,000",,,,,
ReconciledDepreciation,"272,250,000","66,456,000","70,410,000","68,527,000","66,857,000","66,847,000","66,904,000","65,516,000","64,517,000","64,989,000","63,659,000","62,984,000","58,789,000","51,697,000","50,930,000","48,067,000","50,632,000","50,176,000","53,296,000","51,229,000","49,961,000","49,238,000","50,270,000","44,465,000","23,880,000","23,036,000","20,931,000","21,556,000","21,532,000","22,155,000","21,364,000","20,275,000","15,771,000","15,612,000","15,542,000","14,770,000","15,095,000","15,156,000","14,663,000","12,192,000","11,745,000","11,667,000","12,845,000","12,128,000","10,936,000","12,203,000","12,307,000","7,130,000","6,037,000","6,030,000","6,146,000","5,516,000","5,497,000","5,400,000","5,638,000","5,373,000","5,027,000","4,550,000","4,515,000","3,981,000","3,481,000","3,742,000","3,333,000","2,982,000","2,962,000","2,804,000","2,969,000","2,798,000","3,317,000","2,016,000"
NetIncomeFromContinuingOperationNetMinorityInterest,"125,465,000","122,763,000","-11,760,000","48,318,000","-33,856,000","-2,565,000","-234,200,000","-65,840,000","72,658,000","-16,256,000","54,446,000","14,619,000","13,807,000","16,134,000","23,042,000","57,322,000","39,298,000","48,633,000","79,804,000","33,971,000","17,090,000","29,401,000","5,287,000","19,696,000","12,567,000","23,086,000","20,901,000","32,166,000","26,492,000","22,345,000","47,893,000","74,443,000","43,333,000","36,542,000","34,468,000","43,838,000","42,213,000","28,689,000","29,053,000","14,298,000","30,335,000","23,236,000","32,792,000","48,100,000","40,615,000","12,115,000","18,468,000","20,571,000","30,036,000","18,554,000","12,129,000","23,363,000","93,190,000","10,977,000","65,151,000","72,344,000","-24,383,000","14,528,000","2,666,000","22,245,000","18,329,000","8,337,000","18,959,000","34,444,000","9,856,000","11,350,000","28,327,000","-6,185,000","14,984,000","-18,473,000"
TotalUnusualItemsExcludingGoodwill,"20,706,000","38,233,000","23,556,000","-738,000","-40,345,000","4,278,000","-204,609,000","-43,372,000","-6,304,000","-60,774,000","17,246,000","-22,178,000","-14,851,000","-15,797,000","-30,379,000","-1,361,000","-24,028,000","13,898,000","-8,874,000","9,822,000","-9,590,000","9,523,000","-11,850,000","3,401,000","-8,329,000","15,246,000","-4,996,000","14,492,000","-8,161,000","-8,971,000","29,327,000","34,382,000","-6,323,000","2,878,000","-7,814,000","-672,000","7,586,000","-7,987,000","-306,000","-13,846,000","20,148,000","-26,687,000","3,358,000","3,465,000","-3,093,000","-33,745,000","-22,936,000","3,027,000","9,403,000","-1,780,000","-8,813,000","3,671,000","118,363,000","83,000","60,551,000","50,428,000","-94,210,000","-16,769,000","63,286,000","-7,868,000","-16,307,000","-15,389,000","6,628,000","14,397,000","-24,915,000","-11,321,000","25,604,000","-42,437,000","-824,000","-48,121,000"
TotalUnusualItems,"20,706,000","38,233,000","23,556,000","-738,000","-40,345,000","4,278,000","-204,609,000","-43,372,000","-6,304,000","-60,774,000","17,246,000","-22,178,000","-14,851,000","-15,797,000","-30,379,000","-1,361,000","-24,028,000","13,898,000","-8,874,000","9,822,000","-9,590,000","9,523,000","-11,850,000","3,401,000","-8,329,000","15,246,000","-4,996,000","14,492,000","-8,161,000","-8,971,000","29,327,000","34,382,000","-6,323,000","2,878,000","-7,814,000","-672,000","7,586,000","-7,987,000","-306,000","-13,846,000","20,148,000","-26,687,000","3,358,000","3,465,000","-3,093,000","-33,745,000","-22,936,000","3,027,000","9,403,000","-1,780,000","-8,813,000","3,671,000","118,363,000","83,000","60,551,000","50,428,000","-94,210,000","-16,769,000","63,286,000","-7,868,000","-16,307,000","-15,389,000","6,628,000","14,397,000","-24,915,000","-11,321,000","25,604,000","-42,437,000","-824,000","-48,121,000"
NormalizedEBITDA,"689,600,000","188,730,000","178,769,000","172,966,000","149,135,000","117,388,000","86,144,000","113,723,000","93,299,000","139,818,000","168,449,000","181,295,000","153,526,000","120,632,000","152,057,000","151,179,000","153,543,000","128,538,000","143,147,000","119,591,000","115,393,000","110,474,000","97,532,000","102,939,000","79,021,000","65,752,000","71,828,000","90,890,000","84,450,000","77,739,000","82,910,000","94,280,000","96,100,000","77,149,000","86,594,000","92,813,000","82,176,000","75,686,000","68,652,000","80,397,000","85,623,000","78,596,000","64,671,000","87,578,000","82,901,000","68,711,000","68,501,000","44,577,000","46,813,000","39,665,000","38,639,000","44,621,000","41,183,000","29,540,000","45,286,000","9,347,000","150,185,000","58,387,000","-19,231,000","54,851,000","62,435,000","46,034,000","25,256,000","27,718,000","66,389,000","43,032,000","23,069,000","79,305,000","36,842,000","71,652,000"
TaxRateForCalcs,"0.356","0.321","0.27","0.272","0.079","0.27","0.07","0.27","0.27","0.317","0.269","0.311","0.28","0.264","0.27","0.247","0.261","0.24","0.4","0.354","0.39","0.333","0.4","0.24","0.273","0.362","0.389","0.4","0.384","0.4","0.4","0.251","0.358","0.368","0.394","0.375","0.375","0.367","0.337","0.35","0.35","0.369","0.361","0.353","0.364","0.364","0.376","0.35","0.375","0.375","0.35","0.396","0.373","0.369","0.371","0.332","0.381","0.379","0.35","0.396","0.355","0.363","0.384","0.358","0.313","0.359","0.321","0.238","0.39","0.389"
TaxEffectOfUnusualItems,"7,371,301.361","12,272,793","6,360,120","-200,736","-3,187,255","1,155,060","-14,238,009.712","-11,710,440","-1,702,080","-19,265,358","4,643,453.112","-6,897,358","-4,158,280","-4,170,408","-8,202,330","-336,167","-6,271,308","3,335,520","-3,549,600","3,476,988","-3,740,100","3,171,159","-4,740,000","816,240","-2,273,817","5,519,052","-1,945,739.999","5,796,800","-3,133,824","-3,588,400","11,730,800","8,629,882","-2,263,634","1,059,104","-3,076,196.329","-251,743.207","2,845,792.683","-2,931,229","-103,250.758","-4,846,100","7,051,800","-9,857,516.962","1,212,752.854","1,223,834.683","-1,125,942.471","-12,280,090.045","-8,627,245.887","1,059,450","3,526,051.626","-667,522.485","-3,084,550","1,452,657.105","44,178,653.218","30,599.298","22,437,303.067","16,733,259.654","-35,913,318.699","-6,354,772.154","22,150,100","-3,115,538.286","-5,795,623.07","-5,582,526.485","2,542,683.442","5,158,931.705","-7,787,132.245","-4,061,898.819","8,208,583.201","-10,112,758.005","-321,115.673","-18,737,493.141"