name,ttm,03/31/2022,12/31/2021,09/30/2021,06/30/2021,03/31/2021,12/31/2020,09/30/2020,06/30/2020,03/31/2020,12/31/2019,09/30/2019,06/30/2019,03/31/2019,12/31/2018,09/30/2018,06/30/2018,03/31/2018,12/31/2017,09/30/2017,06/30/2017,03/31/2017,12/31/2016,09/30/2016,06/30/2016,03/31/2016,12/31/2015,09/30/2015,06/30/2015,03/31/2015,12/31/2014,09/30/2014,06/30/2014,03/31/2014,12/31/2013,09/30/2013,06/30/2013,03/31/2013,12/31/2012,09/30/2012,06/30/2012,03/31/2012,12/31/2011,09/30/2011,06/30/2011,03/31/2011,12/31/2010,09/30/2010,06/30/2010,03/31/2010,12/31/2009,09/30/2009,06/30/2009,03/31/2009,12/31/2008,09/30/2008,06/30/2008,03/31/2008,12/31/2007,09/30/2007,06/30/2007,03/31/2007,12/31/2006,09/30/2006,06/30/2006,03/31/2006,12/31/2005,09/30/2005,06/30/2005,03/31/2005,12/31/2004,09/30/2004,06/30/2004,03/31/2004,12/31/2003,09/30/2003,06/30/2003,03/31/2003,12/31/2002,09/30/2002,06/30/2002,03/31/2002,12/31/2001,09/30/2001,06/30/2001,03/31/2001,12/31/2000,09/30/2000,06/30/2000,03/31/2000,12/31/1999,09/30/1999,06/30/1999,03/31/1999,12/31/1998,09/30/1998,06/30/1998,03/31/1998,12/31/1997,09/30/1997,06/30/1997,03/31/1997,12/31/1996,09/30/1996,06/30/1996,03/31/1996,12/31/1995,09/30/1995,06/30/1995,03/31/1995,12/31/1994,09/30/1994,06/30/1994,03/31/1994,12/31/1993,09/30/1993,06/30/1993,03/31/1993,12/31/1992,09/30/1992,06/30/1992,03/31/1992,12/31/1991,09/30/1991,06/30/1991,03/31/1991,12/31/1990,09/30/1990,06/30/1990,03/31/1990,12/31/1989,09/30/1989,06/30/1989,03/31/1989,12/31/1988,09/30/1988,06/30/1988,03/31/1988,12/31/1987,09/30/1987,06/30/1987,03/31/1987,12/31/1986,09/30/1986,06/30/1986,03/31/1986,12/31/1985,09/30/1985
TotalRevenue,"3,751,000,000","938,000,000","965,000,000","945,000,000","903,000,000","832,000,000","842,000,000","807,000,000","821,000,000","1,215,000,000","985,000,000","1,314,000,000","1,309,000,000","1,346,000,000","1,429,000,000","1,444,000,000","1,448,000,000","1,423,000,000","1,490,000,000","1,460,000,000","1,363,000,000","1,386,000,000","1,406,000,000","1,356,000,000","1,402,000,000","1,585,000,000","2,012,000,000","2,237,000,000","2,390,000,000","2,794,000,000","3,727,000,000","3,877,000,000","3,711,000,000","3,596,000,000","3,738,000,000","3,820,000,000","3,868,000,000","3,837,000,000","4,058,000,000","3,819,000,000","3,747,000,000","3,599,000,000","3,709,350,000","3,372,650,000","3,051,814,000","2,856,186,000","2,910,121,000","2,529,752,000","2,438,271,000","2,338,248,000","2,426,081,000","2,149,879,000","1,994,832,000","2,256,141,000","2,634,626,000","2,540,796,000","2,229,250,000","2,195,892,000","2,191,841,000","1,971,991,000","1,815,945,000","1,852,285,000","1,807,588,000","1,696,753,000","1,538,576,000","1,536,011,000","1,461,410,000","1,076,816,000","937,295,000","857,706,000","882,605,000","794,341,000","742,188,000","726,806,000","723,887,000","660,480,000","617,703,000","589,338,000","581,885,000","584,930,000","593,866,000","568,249,000","620,936,000","608,621,000","573,000,000","526,158,000","534,861,000","462,170,000","421,848,000","395,382,000","372,600,000","323,600,000","343,100,000","353,800,000","424,000,000","482,500,000","530,800,000","316,800,000","279,400,000","236,800,000","211,500,000","164,600,000","87,400,000","160,600,000","119,900,000","110,000,000","105,400,000","93,800,000","79,700,000","72,700,000","74,700,000","68,100,000","50,600,000","55,100,000","70,800,000","70,200,000","52,200,000","52,700,000","56,500,000","47,500,000","44,600,000","43,800,000","42,800,000","47,800,000","44,200,000","43,200,000","45,600,000","38,700,000","37,800,000","31,000,000","33,700,000","25,300,000","24,100,000","14,500,000","15,800,000","14,800,000","13,600,000","9,900,000","8,900,000","4,900,000","1,500,000","100,000","400,000","600,000","600,000","900,000","1,700,000","3,300,000"
	OperatingRevenue,"3,751,000,000","938,000,000","965,000,000","945,000,000","903,000,000","832,000,000","842,000,000","807,000,000","821,000,000","1,215,000,000","985,000,000","1,314,000,000","1,309,000,000","1,346,000,000","1,429,000,000","1,444,000,000","1,448,000,000","1,423,000,000","1,490,000,000","1,460,000,000","1,363,000,000","1,386,000,000","1,406,000,000","1,356,000,000","1,402,000,000","1,585,000,000","2,012,000,000","2,237,000,000","2,390,000,000","2,794,000,000","3,727,000,000","3,877,000,000","3,711,000,000","3,596,000,000","3,738,000,000","3,820,000,000","3,868,000,000","3,837,000,000","4,058,000,000","3,819,000,000","3,747,000,000","3,599,000,000","3,709,350,000","3,372,650,000","3,051,814,000","2,856,186,000","2,910,121,000","2,529,752,000","2,438,271,000","2,338,248,000","2,426,081,000","2,149,879,000","1,994,832,000","2,256,141,000","2,634,626,000","2,540,796,000","2,229,250,000","2,195,892,000","2,191,841,000","1,971,991,000","1,815,945,000","1,852,285,000","1,807,588,000","1,696,753,000","1,538,576,000","1,536,011,000","1,461,410,000","1,076,816,000","937,295,000","857,706,000","882,605,000","794,341,000","742,188,000","726,806,000","723,887,000","660,480,000","617,703,000","589,338,000","581,885,000","584,930,000","593,866,000","568,249,000","620,936,000","608,621,000","573,000,000","526,158,000","534,861,000","462,170,000","421,848,000","395,382,000","372,600,000","323,600,000","343,100,000","353,800,000","424,000,000","482,500,000","530,800,000","316,800,000","279,400,000","236,800,000","211,500,000","164,600,000","87,400,000","160,600,000","119,900,000","110,000,000","105,400,000","93,800,000","79,700,000","72,700,000","74,700,000","68,100,000","50,600,000","55,100,000","70,800,000","70,200,000","52,200,000","52,700,000","56,500,000","47,500,000","44,600,000","43,800,000","42,800,000","47,800,000","44,200,000","43,200,000","45,600,000","38,700,000","37,800,000","31,000,000","33,700,000","25,300,000","24,100,000","14,500,000","15,800,000","14,800,000","13,600,000","9,900,000","8,900,000","4,900,000","1,500,000","100,000","400,000","600,000","600,000","900,000","1,700,000","3,300,000"
CostOfRevenue,"2,762,000,000","682,000,000","717,000,000","686,000,000","677,000,000","636,000,000","520,000,000","631,000,000","743,000,000","913,000,000","745,000,000","1,007,000,000","1,019,000,000","1,082,000,000","1,121,000,000","1,105,000,000","1,143,000,000","1,145,000,000","1,299,000,000","1,196,000,000","1,189,000,000","1,206,000,000","1,247,000,000","1,230,000,000","1,238,000,000","1,474,000,000","1,934,000,000","1,869,000,000","2,016,000,000","2,202,000,000","2,908,000,000","2,885,000,000","2,829,000,000","2,839,000,000","3,134,000,000","3,036,000,000","3,126,000,000","3,006,000,000","3,217,000,000","2,967,000,000","2,971,000,000","2,685,000,000","2,797,023,000","2,477,095,000","2,265,213,000","2,125,669,000","2,125,084,000","1,895,856,000","1,808,878,000","1,749,320,000","1,876,733,000","1,609,241,000","1,442,842,000","1,534,520,000","1,697,705,000","1,640,923,000","1,454,154,000","1,449,678,000","1,427,539,000","1,273,247,000","1,192,468,000","1,164,841,000","1,153,607,000","1,078,286,000","998,272,000","987,641,000","985,694,000","747,973,000","634,219,000","582,736,000","604,554,000","539,279,000","517,429,000","511,891,000","514,766,000","467,357,000","438,502,000","401,895,000","406,541,000","402,680,000","397,244,000","391,024,000","414,004,000","394,509,000","368,698,000","351,501,000","302,795,000","272,113,000","246,827,000","232,578,000","222,400,000","211,800,000","211,700,000","213,000,000","303,300,000","296,000,000","287,800,000","201,500,000","173,200,000","164,100,000","151,300,000","117,500,000","79,400,000","116,100,000","83,800,000","77,300,000","73,600,000","63,800,000","55,500,000","48,700,000","51,500,000","46,100,000","32,500,000","37,100,000","49,000,000","48,200,000","35,800,000","36,400,000","43,300,000","33,100,000","32,500,000","31,300,000","29,400,000","32,600,000","32,000,000","31,200,000","34,200,000","27,700,000","25,800,000","19,600,000","20,300,000","17,200,000","17,800,000",,,,,,,,,,,,,,,
GrossProfit,"989,000,000","256,000,000","248,000,000","259,000,000","226,000,000","196,000,000","322,000,000","176,000,000","78,000,000","302,000,000","240,000,000","307,000,000","290,000,000","264,000,000","308,000,000","339,000,000","305,000,000","278,000,000","191,000,000","264,000,000","174,000,000","180,000,000","159,000,000","126,000,000","164,000,000","111,000,000","78,000,000","368,000,000","374,000,000","592,000,000","819,000,000","992,000,000","882,000,000","757,000,000","604,000,000","784,000,000","742,000,000","831,000,000","841,000,000","852,000,000","776,000,000","914,000,000","912,327,000","895,555,000","786,601,000","730,517,000","785,037,000","633,896,000","629,393,000","588,928,000","549,348,000","540,638,000","551,990,000","721,621,000","936,921,000","899,873,000","775,096,000","746,214,000","764,302,000","698,744,000","623,477,000","687,444,000","653,981,000","618,467,000","540,304,000","548,370,000","475,716,000","328,843,000","303,076,000","274,970,000","278,051,000","255,062,000","224,759,000","214,915,000","209,121,000","193,123,000","179,201,000","187,443,000","175,344,000","182,250,000","196,622,000","177,225,000","206,932,000","214,112,000","204,302,000","174,657,000","232,066,000","190,057,000","175,021,000","162,804,000","150,200,000","111,800,000","131,400,000","140,800,000","120,700,000","186,500,000","243,000,000","115,300,000","106,200,000","72,700,000","60,200,000","47,100,000","8,000,000","44,500,000","36,100,000","32,700,000","31,800,000","30,000,000","24,200,000","24,000,000","23,200,000","22,000,000","18,100,000","18,000,000","21,800,000","22,000,000","16,400,000","16,300,000","13,200,000","14,400,000","12,100,000","12,500,000","13,400,000","15,200,000","12,200,000","12,000,000","11,400,000","11,000,000","12,000,000","11,400,000","13,400,000","8,100,000","6,300,000",,,,,,,,,,,,,,,
OperatingExpense,"832,000,000","218,000,000","209,000,000","196,000,000","209,000,000","209,000,000","158,000,000","217,000,000","268,000,000","281,000,000","214,000,000","267,000,000","283,000,000","267,000,000","235,000,000","254,000,000","270,000,000","274,000,000","311,000,000","300,000,000","282,000,000","304,000,000","307,000,000","300,000,000","305,000,000","364,000,000","466,000,000","400,000,000","451,000,000","504,000,000","658,000,000","562,000,000","530,000,000","557,000,000","670,000,000","545,000,000","536,000,000","558,000,000","524,000,000","537,000,000","615,000,000","518,000,000","513,136,000","479,849,000","489,386,000","518,629,000","501,974,000","358,472,000","526,529,000","472,017,000","459,505,000","390,716,000","398,625,000","410,896,000","405,570,000","365,133,000","359,516,000","330,680,000","302,710,000","279,155,000","296,036,000","274,793,000","280,547,000","257,559,000","241,796,000","241,011,000","322,498,000","174,619,000","164,107,000","151,952,000","152,965,000","144,033,000","132,737,000","128,314,000","130,971,000","114,218,000","124,327,000","117,718,000","145,396,000","116,990,000","303,169,000","86,989,000","103,726,000","97,952,000","96,740,000","94,869,000","163,929,000","145,725,000","141,085,000","135,965,000","127,800,000","94,900,000","124,500,000","124,300,000","124,900,000","107,700,000","137,000,000","60,000,000","56,400,000","32,700,000","30,600,000","24,500,000","4,500,000","25,400,000","23,100,000","21,900,000","22,100,000","20,800,000","17,400,000","17,400,000","16,800,000","15,800,000","14,600,000","14,600,000","14,100,000","16,800,000","13,200,000","13,600,000","12,700,000","13,000,000","10,800,000","11,400,000","11,400,000","11,600,000","10,400,000","9,700,000","10,300,000","8,200,000","9,900,000","9,300,000","9,400,000","8,000,000","6,300,000",,,,,,,,,,,,,,,
	SellingGeneralAndAdministration,"728,000,000","178,000,000","187,000,000","175,000,000","188,000,000","188,000,000","186,000,000","180,000,000","223,000,000","248,000,000","185,000,000","232,000,000","247,000,000","231,000,000","202,000,000","223,000,000","233,000,000","236,000,000","270,000,000","258,000,000","246,000,000","265,000,000","267,000,000","267,000,000","264,000,000","319,000,000","414,000,000","344,000,000","392,000,000","440,000,000","584,000,000","490,000,000","455,000,000","488,000,000","608,000,000","480,000,000","465,000,000","491,000,000","533,000,000","469,000,000","479,000,000","456,000,000","453,802,000","420,961,000","427,155,000","454,082,000","444,337,000","304,015,000","472,999,000","423,160,000","409,289,000","341,416,000","352,512,000","361,875,000","352,006,000","313,107,000","315,086,000","288,041,000","251,878,000","240,105,000","256,325,000","235,069,000","243,256,000","219,128,000","207,728,000","207,202,000","199,929,000","154,336,000","146,782,000","131,109,000","134,980,000","128,867,000","118,741,000","114,124,000","115,074,000","99,864,000","102,033,000","102,281,000","99,747,000","97,366,000","104,307,000","93,842,000","110,546,000","104,899,000","101,743,000","94,869,000","103,634,000","95,443,000","93,442,000","87,551,000","81,100,000","68,700,000","77,000,000","78,000,000","80,100,000","65,300,000","66,600,000","46,900,000","42,800,000","25,100,000","23,600,000","19,000,000","8,100,000","17,800,000","16,500,000","15,700,000","15,700,000","15,100,000","13,200,000","12,900,000","12,500,000","12,500,000","11,400,000","11,500,000","10,900,000","13,200,000","10,400,000","10,900,000","10,000,000","10,300,000","8,000,000","9,000,000","9,200,000","9,400,000","8,500,000","7,900,000","8,400,000","6,800,000","8,700,000","8,200,000","8,000,000","6,600,000","5,700,000",,,,,,,,,,,,,,,
		GeneralAndAdministrativeExpense,,,"-20,000,000",,,,,"180,000,000","223,000,000","248,000,000",,"232,000,000","247,000,000","231,000,000","202,000,000","223,000,000","233,000,000","236,000,000","270,000,000","258,000,000","246,000,000","265,000,000","267,000,000","267,000,000","264,000,000","319,000,000","414,000,000","344,000,000","392,000,000","440,000,000","584,000,000","490,000,000","455,000,000","488,000,000","608,000,000","480,000,000","465,000,000","491,000,000","49,000,000","37,000,000","53,000,000","96,000,000",,"41,981,000","43,030,000","55,829,000","49,831,000","41,969,000","70,041,000","91,152,000","60,191,000","53,963,000","55,887,000","53,131,000",,,,,,,,,,,,,,,,,,,,,,,,,,,,,,,,,,,,,,,,,,,,,,,,,,,,,,,,,,,,,,,,,,,,,,,,,,,,,,,,,,,,,,,,,,,,,,
			OtherGandA,,,"-20,000,000",,,,,"180,000,000","223,000,000","248,000,000",,"232,000,000","247,000,000","231,000,000","202,000,000","223,000,000","233,000,000","236,000,000","270,000,000","258,000,000","246,000,000","265,000,000","267,000,000","267,000,000","264,000,000","319,000,000","414,000,000","344,000,000","392,000,000","440,000,000","584,000,000","490,000,000","455,000,000","488,000,000","608,000,000","480,000,000","465,000,000","491,000,000","49,000,000",,,,,,,,,,,,,,,,,,,,,,,,,,,,,,,,,,,,,,,,,,,,,,,,,,,,,,,,,,,,,,,,,,,,,,,,,,,,,,,,,,,,,,,,,,,,,,,,,,,,,,,,,,,,,
		SellingAndMarketingExpense,,,,,,,,,,,,,,"199,000,000","173,000,000","192,000,000","199,000,000","200,000,000","234,000,000","230,000,000","214,000,000","232,000,000","234,000,000","237,000,000","230,000,000","273,000,000","360,000,000","291,000,000","339,000,000","363,000,000","499,000,000",,"396,000,000","414,000,000","517,000,000","404,000,000","392,000,000","415,000,000",,,,,,,,,,,,,,,,,,,,,,,,,,,,,,,,,,,,,,,,,,,,,,,,,,,,,,,,,,,,,,,,,,,,,,,,,,,,,,,,,,,,,,,,,,,,,,,,,,,,,,,,,,,,,,
	ResearchAndDevelopment,"85,000,000","21,000,000","22,000,000","21,000,000","21,000,000","21,000,000","20,000,000","21,000,000","23,000,000","33,000,000","29,000,000","35,000,000","36,000,000","36,000,000","33,000,000","31,000,000","37,000,000","38,000,000","41,000,000","42,000,000","36,000,000","39,000,000","40,000,000","33,000,000","41,000,000","45,000,000","52,000,000","56,000,000","59,000,000","64,000,000","74,000,000","72,000,000","75,000,000","69,000,000","62,000,000","65,000,000","71,000,000","67,000,000","63,000,000","68,000,000","64,000,000","62,000,000","59,334,000","58,888,000","62,231,000","64,547,000","57,637,000","54,457,000","53,530,000","48,857,000","50,216,000","49,300,000","46,113,000","49,021,000","53,564,000","52,026,000","44,430,000","42,639,000","44,904,000","43,199,000","40,700,000","40,514,000","37,384,000","38,241,000","37,361,000","36,443,000","35,300,000","27,140,000","23,903,000","21,019,000","23,833,000","20,445,000","20,021,000","19,443,000","20,341,000","19,993,000","22,596,000","19,999,000","24,439,000","19,624,000","18,539,000",,,,,,,,,,,,,,,,,,,,,,,,,,,,,,,,,,,,,,,,,,,,,,,,,,,,,,,,,,,,,,,,,,,
	DepreciationAmortizationDepletionIncomeStatement,,,,,,,,,,,,,,,,,,,,,,,,,,,,,,,,,,,,,,,,,,,,,,,,,,,,,,,,,,,,,,,,,,,,,,,,,,,,,,,,,,,,,,,"60,295,000","50,282,000","47,643,000","48,414,000","46,700,000","26,200,000","47,500,000","46,300,000","44,800,000","42,400,000","70,400,000","13,100,000","13,600,000","7,600,000","7,000,000","5,500,000","-3,600,000","7,600,000","6,600,000","6,200,000","6,400,000","5,700,000","4,200,000","4,500,000","4,300,000","3,300,000","3,200,000","3,100,000","3,200,000","3,600,000","2,800,000","2,700,000","2,700,000","2,700,000","2,800,000","2,400,000","2,200,000","2,200,000","1,900,000","1,800,000","1,900,000","1,400,000","1,200,000","1,100,000","1,400,000","1,400,000","600,000",,,,,,,,,,,,,,,
		DepreciationAndAmortizationInIncomeStatement,,"87,000,000","103,000,000",,,,,,,,,,,,,,,,,,,,,,,,,,,,,,,,,,,,,,,,,,,,,,,,,,,,,,,,,,,,,,,,,,,,,,,,,,,,,,,,,,,,"60,295,000","50,282,000","47,643,000","48,414,000","46,700,000","26,200,000","47,500,000","46,300,000","44,800,000","42,400,000","70,400,000","13,100,000","13,600,000","7,600,000","7,000,000","5,500,000","-3,600,000","7,600,000","6,600,000","6,200,000","6,400,000","5,700,000","4,200,000","4,500,000","4,300,000","3,300,000","3,200,000","3,100,000","3,200,000","3,600,000","2,800,000","2,700,000","2,700,000","2,700,000","2,800,000","2,400,000","2,200,000","2,200,000","1,900,000","1,800,000","1,900,000","1,400,000","1,200,000","1,100,000","1,400,000","1,400,000","600,000",,,,,,,,,,,,,,,
	OtherOperatingExpenses,,"19,000,000","-78,000,000",,,,,"16,000,000","22,000,000",,,,,,"79,000,000","-45,000,000",,"18,000,000","1,706,000,000",,"19,000,000",,"327,000,000","882,000,000","385,000,000",,"931,000,000","-3,000,000","354,000,000","71,000,000","716,000,000","-568,000,000","-472,000,000","-316,000,000",,"-349,000,000","-328,000,000","-394,000,000","-357,000,000","73,000,000","72,000,000",,"92,462,000","8,402,000","18,693,000","20,832,000",,"-2,891,000","81,753,000","256,920,000",,,,,"0",,,,,"-4,149,000","-989,000","-790,000","-93,000","190,000","-3,293,000","-2,634,000","87,269,000","-6,857,000","-6,578,000","-176,000","-5,848,000","-5,279,000","-6,025,000","-5,253,000","-4,444,000","-5,639,000","-302,000","-4,562,000","21,210,000",,"180,323,000","-6,853,000","-6,820,000","-6,947,000","-5,003,000",,,,,,,,,,,,,,,,,,,,,,,,,,,,,,,,,,,,,,,,,,,,,,,,,,,,,,,,,,,,,,,
OperatingIncome,"157,000,000","38,000,000","39,000,000","63,000,000","17,000,000","-13,000,000","164,000,000","-41,000,000","-190,000,000","21,000,000","26,000,000","40,000,000","7,000,000","-3,000,000","73,000,000","85,000,000","35,000,000","4,000,000","-120,000,000","-36,000,000","-108,000,000","-124,000,000","-148,000,000","-174,000,000","-141,000,000","-253,000,000","-388,000,000","-32,000,000","-77,000,000","88,000,000","161,000,000","430,000,000","352,000,000","200,000,000","-66,000,000","239,000,000","206,000,000","273,000,000","317,000,000","315,000,000","161,000,000","396,000,000","399,191,000","415,706,000","297,215,000","211,888,000","283,063,000","275,424,000","102,864,000","116,911,000","89,843,000","149,922,000","153,365,000","310,725,000","531,351,000","534,740,000","415,580,000","415,534,000","461,592,000","419,589,000","327,441,000","412,651,000","373,434,000","360,908,000","298,508,000","307,359,000","153,218,000","154,224,000","138,969,000","123,018,000","125,086,000","111,029,000","92,022,000","86,601,000","78,150,000","78,905,000","54,874,000","69,725,000","29,948,000","65,260,000","-106,547,000","90,236,000","103,206,000","116,160,000","107,562,000","79,788,000","68,137,000","44,332,000","33,936,000","26,839,000","22,400,000","16,900,000","6,900,000","16,500,000","-4,200,000","78,800,000","106,000,000","55,300,000","49,800,000","40,000,000","29,600,000","22,600,000","3,500,000","19,100,000","13,000,000","10,800,000","9,700,000","9,200,000","6,800,000","6,600,000","6,400,000","6,200,000","3,500,000","3,400,000","7,700,000","5,200,000","3,200,000","2,700,000","500,000","1,400,000","1,300,000","1,100,000","2,000,000","3,600,000","1,800,000","2,300,000","1,100,000","2,800,000","2,100,000","2,100,000","4,000,000","100,000","0","14,500,000","-37,800,000","14,800,000","13,600,000","9,900,000","-6,400,000","4,900,000","1,500,000","100,000","-3,400,000","600,000","600,000","900,000","-20,200,000","3,300,000"
NetNonOperatingInterestIncomeExpense,"-238,000,000","-48,000,000","-49,000,000","-69,000,000","-72,000,000","-70,000,000","-70,000,000","-79,000,000","-59,000,000","-58,000,000","-21,000,000","-26,000,000","-160,000,000","-155,000,000","-157,000,000","-156,000,000","-152,000,000","-183,000,000","-152,000,000","-148,000,000","-138,000,000","-141,000,000","-136,000,000","-129,000,000","-197,000,000","-115,000,000","-117,000,000","-114,000,000","-117,000,000","-120,000,000","-122,000,000","-122,000,000","-128,000,000","-126,000,000","-128,000,000","-129,000,000","-128,000,000","-131,000,000","-126,000,000","-127,000,000","-121,000,000","-112,000,000","-112,362,000","-114,448,000","-113,684,000","-112,506,000","-115,409,000","-99,318,000","-95,719,000","-95,339,000","-91,902,000","-90,285,000","-93,498,000","-91,063,000",,,,,,,,,,,,,,,,,,,,,,,,,,,,,,,,,,,,,,,,,,,,,,,,,,,,,,,,,,,,,,,,,,,,,,,,,,,,,,,,,,,,,,,,,,,,,,
	InterestExpenseNonOperating,"238,000,000","48,000,000","49,000,000","69,000,000","72,000,000","70,000,000","70,000,000","79,000,000","59,000,000","58,000,000","21,000,000","26,000,000","160,000,000","155,000,000","157,000,000","156,000,000","152,000,000","149,000,000","152,000,000","148,000,000","138,000,000","141,000,000","136,000,000","129,000,000","119,000,000","115,000,000","117,000,000","114,000,000","117,000,000","120,000,000","122,000,000","122,000,000","128,000,000","126,000,000","128,000,000","129,000,000","128,000,000","131,000,000","126,000,000","127,000,000","121,000,000","112,000,000","112,362,000","114,448,000","113,684,000","112,506,000","115,409,000","99,318,000","95,719,000","95,339,000","91,902,000","90,285,000","93,498,000","91,063,000",,,,,,,,,,,,,,,,,,,,,,,,,,,,,,,,,,,,,,,,,,,,,,,,,,,,,,,,,,,,,,,,,,,,,,,,,,,,,,,,,,,,,,,,,,,,,,
	TotalOtherFinanceCost,,,,,,,,,,,,,,,"0",,,"34,000,000",,,,,"0",,"78,000,000",,,,,,,,,,,,,,,"127,000,000",,,,,,,,,"95,719,000",,,,,,,,,,,,,,,,,,,,,,,,,,,,,,,,,,,,,,,,,,,,,,,,,,,,,,,,,,,,,,,,,,,,,,,,,,,,,,,,,,,,,,,,,,,,,,,,,,,
OtherIncomeExpense,"-221,000,000","-36,000,000","-127,000,000","-55,000,000","-3,000,000","-4,000,000","-268,000,000","-39,000,000","-318,000,000","-877,000,000","5,342,000,000","-798,000,000","-126,000,000","-307,000,000","-2,058,000,000","-101,000,000","-116,000,000","-31,000,000","-1,600,000,000","-42,000,000","98,000,000","-145,000,000","-253,000,000","-781,000,000","-326,000,000","-224,000,000","-643,000,000","-80,000,000","-421,000,000","-75,000,000","-354,000,000","-121,000,000","-346,000,000","-79,000,000","0","-30,000,000","-169,000,000","-107,000,000","-102,000,000","-25,000,000","-820,000,000","-17,000,000","-39,806,000","-26,261,000","-22,367,000","-18,566,000","-60,808,000","-23,008,000","-14,186,000","-73,077,000","-9,177,000","-11,046,000","-3,871,000","-13,539,000","-113,274,000","-8,243,000","76,062,000","499,000","-7,473,000","5,431,000","-4,945,000","-1,582,000","6,679,000","-6,351,000","-8,078,000","515,000","111,815,000","-70,622,000","9,850,000","-403,000","56,812,000","4,374,000","30,054,000","5,873,000","6,824,000","-11,987,000","5,904,000","1,991,000","-21,964,000","-3,346,000","-181,538,000","5,890,000","8,066,000","5,900,000","5,453,000","2,611,000","-56,625,000","309,000","540,000","1,804,000","2,800,000",,"3,700,000","1,100,000","-23,100,000","1,700,000","-115,300,000","800,000","1,700,000","500,000","4,300,000","3,300,000","1,300,000","200,000","300,000","-100,000","500,000","200,000","100,000","100,000","-100,000","400,000","200,000","300,000","800,000","400,000","100,000","200,000","200,000","300,000","300,000","200,000","300,000","400,000","700,000","600,000","49,400,000","200,000","300,000","1,900,000","-800,000","1,100,000","1,500,000",,,,,,,,,,,,,,,
	GainOnSaleOfSecurity,,,,,,,,,,,,,,,"-1,000,000","3,000,000","-1,000,000","20,000,000","28,000,000","-7,000,000","127,000,000","-62,000,000","-10,000,000",,,"-31,000,000","-17,000,000","-26,000,000","-16,000,000","-26,000,000","-245,000,000",,,,"0",,,"-100,000,000",,,,,,,,,,,,,,,,,,,,,,,,,,,,,,,,,,,,,,,,,,,,,,,,,,,,,,,,,,,,,,,,,,,,,,,,,,,,,,,,,,,,,,,,,,,,,,,,,,,,,,,,,,,,,,
	EarningsFromEquityInterest,,,,,,,,,,,,,,,,,,,,,,,,,,,,,,,,,,,,,,,,,,,,,,,,,,,,,,,,,,,,"4,149,000","989,000","790,000","93,000","-190,000","3,293,000","2,634,000","6,312,000","6,857,000","6,578,000","176,000","5,848,000","5,279,000","6,025,000","5,253,000","4,444,000","5,639,000","302,000","4,562,000","-207,670,000","1,927,000","6,137,000","6,853,000","6,820,000","6,947,000","5,003,000","2,758,000",,,,,,,,,,,,,,,,,,,,,,,,,,,,,,,,,,,,,,,,,,,,,,,,,,,,,,,,,,,,,,
	SpecialIncomeCharges,"-197,000,000","-20,000,000","-111,000,000","-59,000,000","-6,000,000","0","-271,000,000","-19,000,000","-307,000,000","-852,000,000","5,440,000,000","-790,000,000","-125,000,000","-298,000,000","-2,032,000,000","-98,000,000","-108,000,000","-43,000,000","-1,622,000,000","-28,000,000","-19,000,000","-72,000,000","-251,000,000","-771,000,000","-319,000,000","-194,000,000","-646,000,000","-66,000,000","-387,000,000","-38,000,000","-129,000,000","-112,000,000","-327,000,000","-70,000,000","16,000,000","0","-151,000,000","6,000,000","-2,000,000","-25,000,000","-820,000,000","-17,000,000","-39,806,000","-26,261,000","-22,367,000","-18,566,000","-60,808,000","-23,008,000","-14,186,000","-73,077,000","-9,177,000","-11,046,000","-3,871,000","-13,539,000","-113,274,000","-8,243,000","76,062,000","499,000","-1,545,000","1,282,000","-5,934,000","-2,372,000","6,586,000","-6,161,000","-11,371,000","-2,119,000","105,503,000","-77,479,000","3,272,000","-579,000","50,964,000","-905,000","24,029,000","620,000","2,380,000","-17,626,000","5,602,000","-2,571,000","185,706,000","-5,273,000","-187,675,000","-963,000","1,246,000","-1,047,000","450,000","-147,000","-56,625,000","309,000","540,000","1,804,000","2,800,000",,"3,700,000","1,100,000","-23,100,000","1,700,000","-115,300,000","800,000","1,700,000","500,000","4,300,000","3,300,000","1,300,000","200,000","300,000","-100,000","500,000","200,000","100,000","100,000","-100,000","400,000","200,000","300,000","800,000","400,000","100,000","200,000","200,000","300,000","300,000","200,000","300,000","400,000","700,000","600,000","49,400,000","200,000","300,000","1,900,000","-800,000","1,100,000","1,500,000",,,,,,,,,,,,,,,
		RestructuringAndMergernAcquisition,"20,000,000","20,000,000","0","0","0","0","92,000,000","31,000,000","57,000,000","45,000,000","-5,596,000,000","356,000,000","96,000,000","20,000,000","36,000,000","27,000,000","38,000,000","25,000,000","43,000,000","34,000,000","31,000,000","75,000,000","130,000,000","22,000,000","51,000,000","77,000,000","73,000,000","49,000,000","69,000,000","41,000,000","48,000,000","154,000,000","59,000,000","70,000,000",,,,,,,,,,,,,,,,,,,,,,,"-81,344,000",,,,,,,,,,,"80,018,000",,,,,,,,,,,,,,,,,,,,,,,,,,,,,,,,,,,,,,,,,,,,,,,,,,,,,,,,,,,,,,,,,,,,,,,,,,,,,,,,
		ImpairmentOfCapitalAssets,,,"0","0","0","0","179,000,000","0","250,000,000","807,000,000","20,000,000","399,000,000","102,000,000","229,000,000","1,996,000,000","71,000,000","70,000,000",,"1,681,000,000","-2,000,000",,,"92,000,000","740,000,000","0",,"565,000,000","17,000,000","201,000,000",,"392,000,000","-4,000,000","268,000,000",,"0","0","0",,"0","0","793,000,000",,,,,,,,,,,,,,,,,,,,,,,,,,,,,,,,,,,,,,,,,,,,,,,,,,,,,,,,,,,,,,,,,,,,,,,,,,,,,,,,,,,,,,,,,,,,,,,,,,,,,,,,,,,
		WriteOff,,,"0","0","6,000,000",,"3,000,000",,,,"129,000,000","42,000,000","41,000,000","49,000,000",,,,"18,000,000",,,"-12,000,000","-3,000,000",,,"154,000,000","49,000,000",,,,,,,,,,,,,,,,,,,,,,,,,,,,,,,,,,,,,,,,,,,,,,,,,,,,,,,,,,,,,,,,,,,,,,,,,,,,,,,,,,,,,,,,,,,,,,,,,,,,,,,,,,,,,,,,,,,,,,,,,,
		OtherSpecialCharges,,,"111,000,000","59,000,000",,,,,,,,,,,,,,,"-6,000,000","-4,000,000","-24,000,000","-6,000,000","30,000,000","9,000,000","114,000,000","67,000,000","4,000,000","-16,000,000","112,000,000","0","0",,"0","0","0",,"153,000,000",,"30,000,000","25,000,000","27,000,000",,,,,,,,,,,,,,,,"5,282,000",,,,,,,,,,,"-2,539,000",,,,,,,,,,,,,,,,,,,,,,,,,,,,,,,,,,,,,,,,,,,,,,,,,,,,,,,,,,,,,,,,,,,,,,,,,,,,,,,,
		GainOnSaleOfBusiness,,,,,,,"0","0","0",,"8,000,000","-8,000,000","114,000,000",,,,,,,,,,"1,000,000",,"0","-1,000,000","-4,000,000","0","-5,000,000","3,000,000","311,000,000","38,000,000",,"0","16,000,000","0","2,000,000","6,000,000",,,,,,,,,,,,,,,,,,,,,,,,,,,,,,,,,,,,,,,,,,,,,,,,,,,,,,,,,,,,,,,,,,,,,,,,,,,,,,,,,,,,,,,,,,,,,,,,,,,,,,,,,,,,,,
		GainOnSaleOfPPE,,,,,,,"0","12,000,000",,,"0","15,000,000",,,,,,,,,,,,,,,,,,,,,,,,,,,,,,,,,,,,,,,,,,,,,,,,,,,,,,,,,,,,,,,,,,,,,,,,,,,,,,,,,,,,,,,,,,,,,,,,,,,,,,,,,,,,,,,,,,,,,,,,,,,,,,,,,,,,,,,,
	OtherNonOperatingIncomeExpenses,"-24,000,000","-16,000,000","-16,000,000","4,000,000","3,000,000","-4,000,000","3,000,000","-20,000,000","-11,000,000","-25,000,000","-98,000,000","-8,000,000","-1,000,000","-9,000,000","-25,000,000","-6,000,000","-7,000,000","-8,000,000","-6,000,000","-7,000,000","-10,000,000","-11,000,000","8,000,000","-10,000,000","-7,000,000","1,000,000","20,000,000","12,000,000","-18,000,000","-11,000,000","20,000,000","-9,000,000","-19,000,000","-9,000,000","-16,000,000","-30,000,000","-18,000,000","-13,000,000","-30,000,000",,,,,,,,,,,,,,,,,,,,,,,,,,,,,,,,,,,,,,,,,,,,,,,,,,,,,,,,,,,,,,,,,,,,,,,,,,,,,,,,,,,,,,,,,,,,,,,,,,,,,,,,,,,,,
PretaxIncome,"-302,000,000","-46,000,000","-137,000,000","-61,000,000","-58,000,000","-87,000,000","-174,000,000","-159,000,000","-567,000,000","-914,000,000","5,347,000,000","-784,000,000","-279,000,000","-465,000,000","-2,142,000,000","-172,000,000","-233,000,000","-210,000,000","-1,872,000,000","-226,000,000","-148,000,000","-410,000,000","-537,000,000","-1,084,000,000","-664,000,000","-592,000,000","-1,148,000,000","-226,000,000","-615,000,000","-107,000,000","-315,000,000","187,000,000","-122,000,000","-5,000,000","-194,000,000","80,000,000","-91,000,000","35,000,000","89,000,000","163,000,000","-780,000,000","267,000,000","247,023,000","274,997,000","161,164,000","80,816,000","106,846,000","153,098,000","-7,041,000","-51,505,000","-11,236,000","48,591,000","55,996,000","206,123,000","431,465,000","465,976,000","371,368,000","363,230,000","408,024,000","370,677,000","286,214,000","376,245,000","347,393,000","327,156,000","263,422,000","286,252,000","327,744,000","59,548,000","128,862,000","108,781,000","162,122,000","95,064,000","100,997,000","71,440,000","64,653,000","44,074,000","39,544,000","46,346,000","7,162,000","41,510,000","-127,579,000","68,317,000","84,082,000","95,311,000","90,288,000","67,996,000","212,000","33,965,000","20,706,000","15,675,000","12,100,000","4,800,000","-3,000,000","4,300,000","-41,400,000","65,800,000","-22,900,000","48,100,000","41,600,000","35,500,000","29,400,000","22,200,000","900,000","15,100,000","8,900,000","6,600,000","6,400,000","4,700,000","2,800,000","2,600,000","2,100,000","2,700,000","200,000","1,400,000","6,500,000","3,500,000","1,600,000","1,300,000",,,,"700,000","1,400,000","3,300,000","1,800,000","2,200,000","45,800,000","2,100,000","1,300,000","2,800,000","2,300,000","800,000","1,100,000",,,,,,,,,,,,,,,
TaxProvision,"91,000,000","28,000,000","20,000,000","28,000,000","15,000,000","23,000,000","21,000,000","8,000,000","12,000,000","44,000,000","59,000,000","31,000,000","33,000,000","12,000,000","-46,000,000","22,000,000","26,000,000","32,000,000","62,000,000","25,000,000","17,000,000","33,000,000","7,000,000","692,000,000","-102,000,000","-101,000,000","52,000,000","-65,000,000","-132,000,000","0","148,000,000","98,000,000","11,000,000","27,000,000","70,000,000","49,000,000","20,000,000","5,000,000","203,000,000","86,000,000","63,000,000","137,000,000","338,739,000","81,856,000","46,128,000","19,277,000","289,888,000","54,159,000","16,207,000","-15,531,000","16,014,000","-34,369,000","5,441,000","32,463,000","74,321,000","82,990,000","57,875,000","73,625,000","65,682,000","70,429,000","105,271,000","90,299,000","64,061,000","92,953,000","76,575,000","82,935,000","84,434,000","12,249,000","34,137,000","28,346,000","28,417,000","25,226,000","19,965,000","18,835,000","17,108,000","10,032,000","10,716,000","12,745,000","4,045,000","-51,719,000","20,016,000","23,098,000","30,365,000","34,789,000","33,408,000","24,486,000","83,824,000","12,442,000","7,502,000","5,682,000","4,600,000","1,800,000","-1,000,000","1,800,000","-17,200,000","23,000,000","-8,000,000","16,800,000","14,400,000","12,400,000","10,300,000","7,900,000","-3,700,000","5,300,000","3,100,000","2,300,000","2,000,000","1,100,000","1,000,000","1,000,000","200,000","1,000,000","100,000","500,000","2,600,000","1,300,000","600,000","500,000",,,,"100,000","0","1,300,000","700,000","800,000","18,000,000","700,000","500,000","1,100,000","1,000,000","400,000","400,000",,,,,,,,,,,,,,,
NetIncomeCommonStockholders,"-414,000,000","-80,000,000","-161,000,000","-95,000,000","-78,000,000","-116,000,000","-200,000,000","-174,000,000","-581,000,000","-966,000,000","5,279,000,000","-821,000,000","-316,000,000","-481,000,000","-2,103,000,000","-199,000,000","-264,000,000","-245,000,000","-1,938,000,000","-256,000,000","-171,000,000","-448,000,000","-549,000,000","-1,780,000,000","-565,000,000","-498,000,000","-1,208,000,000","-170,000,000","-489,000,000","-118,000,000","-475,000,000","77,000,000","-145,000,000","-41,000,000","-271,000,000","22,000,000","-118,000,000","22,000,000","-122,000,000","70,000,000","-849,000,000","123,000,000","-97,659,000","190,360,000","110,098,000","59,201,000","-186,198,000","94,653,000","-26,564,000","-40,009,000","-30,391,000","77,374,000","41,981,000","164,802,000","348,118,000","370,600,000","370,984,000","264,201,000","331,011,000","292,713,000","165,310,000","281,572,000","272,002,000","234,203,000","186,847,000","203,317,000","243,750,000","47,886,000","95,188,000","80,596,000","133,555,000","70,097,000","73,889,000","52,605,000","46,881,000","34,042,000","28,828,000","33,601,000","3,117,000","93,229,000","-147,595,000","45,219,000","54,524,000","60,181,000","56,436,000","43,510,000","-83,612,000","21,523,000","13,204,000","6,535,000","-10,300,000","-11,100,000","-2,000,000","2,500,000","-24,200,000","42,800,000","-14,900,000","31,300,000","18,200,000","23,100,000","19,100,000","14,300,000","79,000,000","9,800,000","5,100,000","4,300,000","4,400,000","3,600,000","1,800,000","1,600,000","1,900,000","1,700,000","100,000","-2,900,000","1,800,000","2,200,000","1,000,000","800,000","-500,000","100,000",,"600,000","1,400,000","2,000,000","1,100,000","1,400,000","27,800,000","1,400,000","800,000","1,700,000","1,300,000","400,000","700,000",,,,,,,,,,,,,,,
	NetIncome,"-414,000,000","-80,000,000","-161,000,000","-95,000,000","-78,000,000","-116,000,000","-200,000,000","-174,000,000","-581,000,000","-966,000,000","5,279,000,000","-821,000,000","-316,000,000","-481,000,000","-2,103,000,000","-199,000,000","-264,000,000","-245,000,000","-1,938,000,000","-256,000,000","-171,000,000","-448,000,000","-549,000,000","-1,780,000,000","-565,000,000","-498,000,000","-1,208,000,000","-170,000,000","-489,000,000","-118,000,000","-475,000,000","77,000,000","-145,000,000","-41,000,000","-271,000,000","22,000,000","-118,000,000","22,000,000","-122,000,000","70,000,000","-849,000,000","123,000,000","-97,659,000","190,360,000","110,098,000","59,201,000","-186,198,000","94,653,000","-26,564,000","-40,009,000","-30,391,000","77,374,000","41,981,000","164,802,000","348,118,000","370,600,000","370,984,000","264,201,000","331,011,000","292,713,000","165,310,000","281,572,000","272,002,000","234,203,000","186,847,000","203,317,000","243,750,000","47,886,000","95,188,000","80,596,000","133,555,000","70,097,000","73,889,000","52,605,000","46,881,000","34,042,000","28,828,000","33,601,000","3,117,000","93,229,000","-147,595,000","45,219,000","54,524,000","60,181,000","56,436,000","43,510,000","-83,612,000","21,523,000","13,204,000","6,535,000","-10,300,000","-11,100,000","-2,000,000","2,500,000","-24,200,000","42,800,000","-14,900,000","31,300,000","18,200,000","23,100,000","19,100,000","14,300,000","79,000,000","9,800,000","5,100,000","4,300,000","4,400,000","3,600,000","1,800,000","1,600,000","1,900,000","1,700,000","100,000","-2,900,000","1,800,000","2,200,000","1,000,000","800,000","-500,000","100,000",,"600,000","1,400,000","2,000,000","1,100,000","1,400,000","27,800,000","1,400,000","800,000","1,700,000","1,300,000","400,000","700,000",,,,,,,,,,,,,,,
		NetIncomeIncludingNoncontrollingInterests,"-393,000,000","-74,000,000","-157,000,000","-89,000,000","-73,000,000","-110,000,000","-195,000,000","-167,000,000","-579,000,000","-958,000,000","5,288,000,000","-815,000,000","-312,000,000","-477,000,000","-2,096,000,000","-194,000,000","-259,000,000","-242,000,000","-1,934,000,000","-251,000,000","-165,000,000","-443,000,000","-544,000,000","-1,776,000,000","-562,000,000","-491,000,000","-1,200,000,000","-161,000,000","-483,000,000","-107,000,000","-463,000,000","89,000,000","-133,000,000","-32,000,000","-264,000,000","31,000,000","-111,000,000","30,000,000","-114,000,000","77,000,000","-843,000,000","130,000,000","-91,716,000","193,141,000","115,036,000","61,539,000","-183,042,000","98,939,000","-23,248,000","-35,974,000","-27,250,000","82,960,000","50,555,000","173,660,000","357,144,000","382,986,000","378,308,000","269,737,000","336,601,000","298,037,000","169,773,000","285,946,000","283,332,000","234,203,000","186,847,000","203,317,000","244,567,000","47,886,000","95,188,000","80,596,000","134,331,000","70,097,000","73,889,000","52,605,000","47,545,000","34,042,000","28,828,000","33,601,000","3,668,000","93,229,000","-147,595,000","45,219,000","54,605,000","60,522,000","56,880,000","43,532,000","-83,730,000","21,650,000","13,349,000","7,098,000","-9,400,000","-9,600,000","-1,400,000","3,200,000","-24,200,000","42,800,000","-14,900,000","31,300,000","18,200,000","23,100,000","19,100,000","14,300,000","79,000,000","9,800,000","5,100,000","4,300,000","4,400,000","3,600,000","1,800,000","1,600,000","1,900,000","1,700,000","100,000","-2,900,000","1,800,000","2,200,000","1,000,000","800,000","-500,000","100,000",,"600,000","1,400,000","2,000,000","1,100,000","1,400,000","31,500,000","1,500,000","1,200,000","2,300,000","1,700,000","200,000","500,000","500,000","100,000","300,000","200,000","300,000","400,000","200,000",,"100,000","100,000","100,000","100,000","100,000","-5,700,000","500,000"
			NetIncomeContinuousOperations,"-393,000,000","-74,000,000","-157,000,000","-89,000,000","-73,000,000","-110,000,000","-195,000,000","-167,000,000","-579,000,000","-958,000,000","5,288,000,000","-815,000,000","-312,000,000","-477,000,000","-2,096,000,000","-194,000,000","-259,000,000","-242,000,000","-1,934,000,000","-251,000,000","-165,000,000","-443,000,000","-544,000,000","-1,776,000,000","-562,000,000","-491,000,000","-1,200,000,000","-161,000,000","-483,000,000","-107,000,000","-463,000,000","89,000,000","-133,000,000","-32,000,000","-264,000,000","31,000,000","-111,000,000","30,000,000","-114,000,000","77,000,000","-843,000,000","130,000,000","-91,716,000","193,141,000","115,036,000","61,539,000","-183,042,000","98,939,000","-23,248,000","-35,974,000","-27,250,000","82,960,000","50,555,000","173,660,000","348,118,000","370,600,000","364,044,000","284,069,000","336,752,000","294,924,000","176,480,000","281,572,000","272,002,000","234,203,000","186,847,000","203,317,000","243,750,000","47,299,000","94,725,000","80,435,000","132,929,000","69,838,000","81,032,000","52,605,000","46,881,000","34,042,000","28,828,000","33,601,000","3,117,000","93,229,000","-147,595,000","45,219,000","54,524,000","60,181,000","56,436,000","43,510,000","-83,612,000","21,523,000","13,204,000","9,993,000","7,500,000","3,000,000","-2,000,000","2,500,000","-24,200,000","42,800,000","-14,900,000","31,300,000","27,200,000","23,100,000","19,100,000","14,300,000","4,600,000","9,800,000","5,800,000","4,300,000","4,400,000","3,600,000","1,800,000","1,600,000","1,900,000","1,700,000","100,000","900,000","3,900,000","2,200,000","1,000,000","800,000","-500,000","100,000",,"600,000","1,400,000","2,000,000","1,100,000","1,400,000","27,800,000","1,400,000","800,000","1,700,000","1,300,000","400,000","700,000","500,000","100,000","300,000","200,000","300,000","400,000","200,000",,"100,000","100,000","100,000","100,000","100,000","-5,700,000","500,000"
			NetIncomeDiscontinuousOperations,,,,,,,,,,,,,,,,,,,,,,,,,,,,,,,,,,,,,,,,,,,,,,,,,,,"0","0","0","0","0",,"6,940,000","-19,868,000","-5,741,000","-2,211,000","-11,170,000",,,,,,"0","587,000","463,000","161,000","626,000","259,000","-7,143,000",,,,,,,,,,,,,,"0",,,"-3,458,000","-17,800,000","-14,100,000",,,,,,,,,,,,,,,,,,,,,,,,,,,,,,,,,,,,,,,,,,,,,,,,,,,,,,,,
			NetIncomeFromTaxLossCarryforward,,,,,,,,,,,,,,,,,,,,,,,,,,,,,,,,,,,,,,,,,,,,,,,,,,,,,,,,,,,,,,,,,,,,,,,,,,,,,,,,,,,,,,,,,,,,,,,,,,,,,,,"66,900,000",,"-700,000",,,,,,"0",,,"-3,800,000",,,,,,,,,,,,,,,,,,,,,,,,,,,,,,,,,,
		MinorityInterests,"-21,000,000","-6,000,000","-4,000,000","-6,000,000","-5,000,000","-6,000,000","-5,000,000","-7,000,000","-2,000,000","-8,000,000","-9,000,000","-6,000,000","-4,000,000","-4,000,000","-7,000,000","-5,000,000","-5,000,000","-3,000,000","-4,000,000","-5,000,000","-6,000,000","-5,000,000","-5,000,000","-4,000,000","-3,000,000","-7,000,000","-8,000,000","-9,000,000","-6,000,000","-11,000,000","-12,000,000","-12,000,000","-12,000,000","-9,000,000","-7,000,000","-9,000,000","-7,000,000","-8,000,000","-8,000,000","-7,000,000","-6,000,000","-7,000,000","-5,943,000","-2,781,000","-4,938,000","-2,338,000","-3,156,000","-4,286,000","-3,316,000","-4,035,000","-3,141,000","-5,586,000","-8,574,000","-8,858,000","-9,026,000","-12,386,000","-7,324,000","-5,536,000","-5,590,000","-5,324,000","-4,463,000","-4,374,000",,,,,,,,,,,,,,,,,,,,,"-81,000","-341,000","-444,000","-22,000","118,000","-127,000","-145,000","-563,000","-900,000","-1,500,000","-600,000","-700,000",,,,,,,,,,,,,,,,,,,,,,,,,,,,,,,,,"-3,700,000","-100,000","-400,000","-600,000","-400,000","200,000","200,000",,,,,,,,,,,,,,,
DilutedNIAvailtoComStockholders,"-414,000,000","-80,000,000","-161,000,000","-95,000,000","-78,000,000","-116,000,000","-200,000,000","-174,000,000","-581,000,000","-966,000,000","5,279,000,000","-821,000,000","-316,000,000","-481,000,000","-2,103,000,000","-199,000,000","-264,000,000","-245,000,000","-1,938,000,000","-256,000,000","-171,000,000","-448,000,000","-549,000,000","-1,780,000,000","-565,000,000","-498,000,000","-1,208,000,000","-170,000,000","-489,000,000","-118,000,000","-475,000,000","77,000,000","-145,000,000","-41,000,000","-271,000,000","22,000,000","-118,000,000","22,000,000","-122,000,000","70,000,000","-849,000,000","123,000,000","-97,659,000","190,360,000","110,098,000","59,201,000","-186,198,000","94,653,000","-26,564,000","-40,009,000","-30,391,000","77,374,000","41,981,000","164,802,000","348,118,000","370,600,000","370,984,000","264,201,000","331,011,000","292,713,000","165,310,000","281,572,000","272,002,000","234,203,000","186,847,000","203,317,000","243,750,000","47,886,000","95,188,000","80,596,000","133,555,000","70,097,000","73,889,000","52,605,000","46,881,000","34,042,000","28,828,000","33,601,000","3,117,000","93,229,000","-147,595,000","45,219,000","54,524,000","60,181,000","56,436,000","43,510,000","-83,612,000","21,523,000","13,204,000","6,535,000","-10,300,000","-11,100,000","-2,000,000","2,500,000","-24,200,000","42,800,000","-14,900,000","31,300,000","18,200,000","23,100,000","19,100,000","14,300,000","79,000,000","9,800,000","5,100,000","4,300,000","4,400,000","3,600,000","1,800,000","1,600,000","1,900,000","1,700,000","100,000","-2,900,000","1,800,000","2,200,000","1,000,000","800,000","-500,000","100,000",,"600,000","1,400,000","2,000,000","1,100,000","1,400,000","27,800,000","1,400,000","800,000","1,700,000","1,300,000","400,000","700,000",,,,,,,,,,,,,,,
BasicEPS,,"-1.14","-2.3","-1.36","-1.11","-1.66","-2.87","-2.48","-8.3","-13.8",,"-0.82","-0.31","-0.48","-2.1","-0.2","-0.26","-0.25","-1.95","-0.26","-0.17","-0.45","-0.59","-1.98","-0.63","-0.61","-1.54","-0.22","-0.63","-0.15","-0.61","0.1","-0.19","-0.05",,"0.03","-0.15","0.03","-0.16","0.25","0.27","0.16","0.335","0.25","0.15","0.08",,"0.19","-0.04","-0.05",,"0.11","0.06","0.24",,"0.54","0.54","0.78",,"0.87","0.49","0.83",,"0.68","0.54","0.58",,"0.32","0.69","0.58",,"0.52","0.56","0.4",,"0.26","0.24","0.28",,"-1.01","0.32","0.095",,"0.13","0.125","0.098",,"0.05","0.03","0.015",,"-0.028","-0.005","0.008",,"0.11","-0.038","0.165",,"0.125","0.105","0.078",,"0.058","0.035","0.03",,"0.03","0.018","0.018",,"0.018","0.003","-0.028",,"0.023","0.01","0.01",,"0.003",,"0.008",,"0.023","0.013","0.018",,"0.018","0.01","0.023",,"0.008","0.01","0.008",,"0.005","0.003","0.005",,"0.005",,"0.003",,"0.003","0.003","0.003",,"0.008"
DilutedEPS,,"-1.14","-2.3","-1.36","-1.11","-1.66","-2.87","-2.48","-8.3","-13.8",,"-0.82","-0.31","-0.48","-2.1","-0.2","-0.26","-0.25","-1.95","-0.26","-0.17","-0.45","-0.59","-1.98","-0.63","-0.61","-1.54","-0.22","-0.63","-0.15","-0.61","0.1","-0.19","-0.05",,"0.03","-0.15","0.03","-0.16","0.25","0.27","0.16","0.333","0.25","0.15","0.08",,"0.19","-0.04","-0.05",,"0.11","0.06","0.23",,"0.53","0.53","0.76",,"0.84","0.48","0.81",,"0.66","0.52","0.57",,"0.31","0.64","0.55",,"0.49","0.52","0.38",,"0.25","0.23","0.27",,"-1.01","0.31","0.09",,"0.123","0.115","0.093",,"0.048","0.03","0.015",,"-0.028","-0.005","0.008",,"0.11","-0.038","0.163",,"0.123","0.103","0.078",,"0.055","0.033","0.03",,"0.03","0.018","0.018",,"0.018","0.003","-0.028",,"0.023","0.01","0.01",,"0.003",,"0.008",,"0.023","0.013","0.018",,"0.018","0.01","0.023",,"0.008","0.01","0.008",,"0.005","0.003","0.005",,"0.005",,"0.003",,"0.003","0.003","0.003",,"0.008"
BasicAverageShares,,"70,000,000","70,000,000","70,000,000","70,000,000","70,000,000","70,000,000","70,000,000","70,000,000","70,000,000",,"1,004,000,000","1,004,000,000","1,003,000,000","1,001,000,000","998,000,000","997,000,000","994,000,000","993,000,000","990,000,000","990,000,000","988,000,000","937,000,000","899,000,000","899,000,000","813,000,000","782,000,000","779,000,000","778,000,000","778,000,000","777,000,000","777,000,000","777,000,000","776,000,000",,"773,000,000","770,000,000","769,000,000","768,000,000","767,000,000","765,000,000","760,000,000","758,206,000","753,896,000","750,539,000","747,468,000",,"745,502,000","743,209,000","737,865,000",,"724,114,000","700,424,000","698,327,000",,"682,532,000","681,870,000","340,095,000",,"338,176,000","338,331,000","339,010,000",,"345,733,000","348,853,000","349,160,000",,"150,486,000","138,936,000","137,813,000",,"134,147,000","133,107,000","132,312,000",,"131,596,000","121,471,000","121,185,000",,"120,193,000","120,033,000","476,644,000",,"460,272,000","454,680,000","442,164,000",,"439,168,000","435,584,000","435,008,000",,"403,636,364","400,000,000","333,333,333",,"389,090,909","397,333,333","189,696,970",,"184,800,000","181,904,762","184,516,129",,"170,434,783","145,714,286","143,333,333",,"120,000,000","102,857,143","91,428,571",,"97,142,857","105,454,545","105,454,545",,"97,777,778","100,000,000","80,000,000",,"80,000,000","80,000,000","80,000,000",,"88,888,889","88,000,000","80,000,000",,"80,000,000","80,000,000","75,555,556",,"53,333,333","70,000,000","74,144,000",,"89,344,000","89,344,000","89,344,000",,"75,584,000","89,344,000","89,344,000",,"89,344,000","89,344,000","89,344,000",,"89,344,000"
DilutedAverageShares,,"70,000,000","70,000,000","70,000,000","70,000,000","70,000,000","70,000,000","70,000,000","70,000,000","70,000,000",,"1,004,000,000","1,004,000,000","1,003,000,000","1,001,000,000","998,000,000","997,000,000","994,000,000","993,000,000","990,000,000","990,000,000","988,000,000","937,000,000","899,000,000","899,000,000","813,000,000","782,000,000","779,000,000","778,000,000","778,000,000","777,000,000","784,000,000","777,000,000","776,000,000",,"779,000,000","770,000,000","773,000,000","768,000,000","771,000,000","769,000,000","766,000,000","762,789,000","759,946,000","757,910,000","757,617,000",,"751,394,000","743,209,000","737,865,000",,"735,109,000","709,412,000","702,636,000",,"701,284,000","701,927,000","348,543,000",,"348,248,000","347,817,000","346,308,000",,"354,471,000","358,433,000","358,326,000",,"155,894,000","153,513,000","152,366,000",,"149,089,000","147,597,000","146,950,000",,"136,542,000","127,489,000","126,554,000",,"120,193,000","135,759,000","535,228,000",,"540,324,000","542,188,000","499,400,000",,"458,000,000","451,620,000","445,272,000",,"403,636,364","400,000,000","333,333,333",,"389,090,909","397,333,333","192,615,385",,"188,571,429","186,341,463","184,516,129",,"178,181,818","156,923,077","143,333,333",,"120,000,000","102,857,143","91,428,571",,"97,142,857","105,454,545","105,454,545",,"97,777,778","100,000,000","80,000,000",,"80,000,000","80,000,000","80,000,000",,"88,888,889","88,000,000","80,000,000",,"80,000,000","80,000,000","75,555,556",,"53,333,333","70,000,000","74,144,000",,"89,344,000","89,344,000","89,344,000",,"75,584,000","89,344,000","89,344,000",,"89,344,000","89,344,000","89,344,000",,"89,344,000"
TotalOperatingIncomeAsReported,"147,000,000","18,000,000","33,000,000","71,000,000","25,000,000","-13,000,000","-107,000,000","-60,000,000","-497,000,000","-822,000,000","-316,000,000","-447,000,000","-118,000,000","-301,000,000","-1,959,000,000","-13,000,000","-73,000,000","-39,000,000","-1,742,000,000","-64,000,000","-127,000,000","-196,000,000","-399,000,000","-945,000,000","-460,000,000","-447,000,000","-1,034,000,000","-98,000,000","-464,000,000","50,000,000","32,000,000","318,000,000","25,000,000","130,000,000","-50,000,000","239,000,000","55,000,000","279,000,000","245,000,000","315,000,000","-632,000,000","396,000,000","399,191,000","415,706,000","297,215,000","211,888,000","283,063,000","275,424,000","102,864,000","116,911,000","89,843,000","149,922,000","153,365,000","310,725,000","531,351,000","534,740,000","496,924,000","415,534,000","461,592,000","419,589,000","327,441,000","412,651,000","373,434,000","360,908,000","298,508,000","307,359,000","233,236,000","74,206,000","138,969,000","123,018,000","125,086,000","111,029,000","92,022,000","86,601,000","78,150,000","78,905,000","54,874,000","69,725,000","29,948,000","65,260,000","-106,547,000","90,236,000","103,206,000","116,160,000","107,562,000","79,788,000","68,137,000","44,332,000","33,936,000","26,839,000","22,400,000","16,900,000","6,900,000","16,500,000","-4,200,000","78,800,000","106,000,000","55,300,000","49,800,000","40,000,000","29,600,000","22,600,000","3,500,000","19,100,000","13,000,000","10,800,000","9,700,000","9,200,000","6,800,000","6,600,000","6,400,000","6,200,000","3,500,000","3,400,000","7,700,000","5,200,000","3,200,000","2,700,000","500,000","1,400,000","1,300,000","1,100,000","2,000,000","3,600,000","1,800,000","2,300,000","1,100,000","2,800,000","2,100,000","2,100,000","4,000,000","100,000",,,,,,,,,,,,,,,,
TotalExpenses,"3,594,000,000","900,000,000","926,000,000","882,000,000","886,000,000","845,000,000","678,000,000","848,000,000","1,011,000,000","1,194,000,000","959,000,000","1,274,000,000","1,302,000,000","1,349,000,000","1,356,000,000","1,359,000,000","1,413,000,000","1,419,000,000","1,610,000,000","1,496,000,000","1,471,000,000","1,510,000,000","1,554,000,000","1,530,000,000","1,543,000,000","1,838,000,000","2,400,000,000","2,269,000,000","2,467,000,000","2,706,000,000","3,566,000,000","3,447,000,000","3,359,000,000","3,396,000,000","3,804,000,000","3,581,000,000","3,662,000,000","3,564,000,000","3,741,000,000","3,504,000,000","3,586,000,000","3,203,000,000","3,310,159,000","2,956,944,000","2,754,599,000","2,644,298,000","2,627,058,000","2,254,328,000","2,335,407,000","2,221,337,000","2,336,238,000","1,999,957,000","1,841,467,000","1,945,416,000","2,103,275,000","2,006,056,000","1,813,670,000","1,780,358,000","1,730,249,000","1,552,402,000","1,488,504,000","1,439,634,000","1,434,154,000","1,335,845,000","1,240,068,000","1,228,652,000","1,308,192,000","922,592,000","798,326,000","734,688,000","757,519,000","683,312,000","650,166,000","640,205,000","645,737,000","581,575,000","562,829,000","519,613,000","551,937,000","519,670,000","700,413,000","478,013,000","517,730,000","492,461,000","465,438,000","446,370,000","466,724,000","417,838,000","387,912,000","368,543,000","350,200,000","306,700,000","336,200,000","337,300,000","428,200,000","403,700,000","424,800,000","261,500,000","229,600,000","196,800,000","181,900,000","142,000,000","83,900,000","141,500,000","106,900,000","99,200,000","95,700,000","84,600,000","72,900,000","66,100,000","68,300,000","61,900,000","47,100,000","51,700,000","63,100,000","65,000,000","49,000,000","50,000,000","56,000,000","46,100,000","43,300,000","42,700,000","40,800,000","44,200,000","42,400,000","40,900,000","44,500,000","35,900,000","35,700,000","28,900,000","29,700,000","25,200,000","24,100,000",,,,,,,,,,,,,,,
NetIncomeFromContinuingAndDiscontinuedOperation,"-414,000,000","-80,000,000","-161,000,000","-95,000,000","-78,000,000","-116,000,000","-200,000,000","-174,000,000","-581,000,000","-966,000,000","5,279,000,000","-821,000,000","-316,000,000","-481,000,000","-2,103,000,000","-199,000,000","-264,000,000","-245,000,000","-1,938,000,000","-256,000,000","-171,000,000","-448,000,000","-549,000,000","-1,780,000,000","-565,000,000","-498,000,000","-1,208,000,000","-170,000,000","-489,000,000","-118,000,000","-475,000,000","77,000,000","-145,000,000","-41,000,000","-271,000,000","22,000,000","-118,000,000","22,000,000","-122,000,000","70,000,000","-849,000,000","123,000,000","-97,659,000","190,360,000","110,098,000","59,201,000","-186,198,000","94,653,000","-26,564,000","-40,009,000","-30,391,000","77,374,000","41,981,000","164,802,000","348,118,000","370,600,000","370,984,000","264,201,000","331,011,000","292,713,000","165,310,000","281,572,000","272,002,000","234,203,000","186,847,000","203,317,000","243,750,000","47,886,000","95,188,000","80,596,000","133,555,000","70,097,000","73,889,000","52,605,000","46,881,000","34,042,000","28,828,000","33,601,000","3,117,000","93,229,000","-147,595,000","45,219,000","54,524,000","60,181,000","56,436,000","43,510,000","-83,612,000","21,523,000","13,204,000","6,535,000","-10,300,000","-11,100,000","-2,000,000","2,500,000","-24,200,000","42,800,000","-14,900,000","31,300,000","27,200,000","23,100,000","19,100,000","14,300,000","12,100,000","9,800,000","5,800,000","4,300,000","4,400,000","3,600,000","1,800,000","1,600,000","1,900,000","1,700,000","100,000","900,000","1,800,000","2,200,000","1,000,000","800,000","-500,000","100,000",,"600,000","1,400,000","2,000,000","1,100,000","1,400,000","27,800,000","1,400,000","800,000","1,700,000","1,300,000","400,000","700,000",,,,,,,,,,,,,,,
NormalizedIncome,"-295,800,000","-68,000,000","-79,970,000","-51,930,000","-73,620,000","-116,000,000","-2,170,000","-160,130,000","-356,890,000","-344,040,000","-100,973,817.094","-244,300,000","-224,750,000","-263,460,000","-113,659,197.012","-129,650,000","-184,430,000","-228,210,000","-981,600,000","-235,000,000","-235,800,000","-367,600,000","-392,400,000","-1,317,400,000","-295,003,012.048","-311,386,824.324","-810,200,000","-104,460,176.991","-172,497,560.976","-54,000,000","-231,900,000","149,800,000","67,550,000","4,500,000","-281,400,000","22,000,000","-19,850,000","102,840,000","-120,700,000","86,250,000","-316,000,000","134,050,000","-71,785,100","208,804,113.212","126,063,167.233","73,338,461.32","-146,672,800","109,521,832.46","-17,343,100","11,032,102.767","-24,425,950","84,553,900","45,475,864.008","176,208,697.651","441,880,250.602","377,374,927.46","299,835,709.124","283,671,144.936","338,048,292.35","293,885,581.28","180,231,443.892","283,374,718.739","266,630,491.213","238,613,509.613","194,912,526.938","204,822,067.993","165,426,873.017","108,840,600.406","92,319,789.775","80,863,124.994","90,898,050.345","70,502,850.943","61,753,032.031","52,148,461.646","45,130,778.046","47,656,019.422","24,744,081.934","35,464,983.321","-108,306,600","96,392,800","-34,990,000","45,856,409.386","53,727,974.905","60,845,839.672","56,152,507.177","43,604,063.916","-49,637,000","21,327,192.345","12,859,647.638","8,842,928.421","5,764,462.81","3,000,000","-4,466,666.667","1,840,000","-10,340,000","41,694,224.924","60,120,524.017","30,779,417.879","26,088,461.538","22,774,647.887","16,306,462.585","12,174,324.324","3,820,000","9,670,198.675","5,604,494.382","4,365,151.515","4,056,250","3,446,808.511","1,735,714.286","1,538,461.538","1,990,476.19","1,448,148.148","-20,000","707,142.857","3,420,000","1,948,571.429","937,500","676,923.077","-620,000","-80,000",,"428,571.429","1,100,000","1,757,575.758","672,222.222","1,018,181.818","-2,185,152.838","1,266,666.667","615,384.615","546,428.571","1,780,000","-260,000","-254,545.455",,,,,,,,,,,,,,,
InterestIncome,,,,,,,,,,,,,,,,,,,,,,,,,,,,,,,,,,,,,,,,,,,,,,,,,,,,,,,,,,,,,,,,,,,,,,,,,,,,,,,,,"224,000",,"922,000","156,000","629,000","910,000","2,484,000","5,269,000",,"617,000",,"400,000",,,,,,,,,,,,,,,,,,,,,,,,,,,,,,,,,,,,,,,,,,,,,,,,,,,,,,,,
InterestExpense,"238,000,000","48,000,000","49,000,000","69,000,000","72,000,000","70,000,000","70,000,000","79,000,000","59,000,000","58,000,000","21,000,000","26,000,000","160,000,000","155,000,000","157,000,000","156,000,000","152,000,000","149,000,000","152,000,000","148,000,000","138,000,000","141,000,000","136,000,000","129,000,000","119,000,000","115,000,000","117,000,000","114,000,000","117,000,000","120,000,000","122,000,000","122,000,000","128,000,000","126,000,000","128,000,000","129,000,000","128,000,000","131,000,000","126,000,000","127,000,000","121,000,000","112,000,000","112,362,000","114,448,000","113,684,000","112,506,000","115,409,000","99,318,000","95,719,000","95,339,000","91,902,000","90,285,000","93,498,000","91,063,000","67,956,000","60,521,000","62,399,000","52,803,000","63,870,000","50,194,000","35,293,000",,"39,283,000","27,591,000","23,715,000","18,988,000","34,509,000",,"13,379,000","13,658,000","17,774,000",,"15,054,000","15,781,000","17,786,000","17,205,000",,,"24,122,000","20,404,000","20,041,000","20,956,000","20,404,000","19,958,000","18,353,000","15,291,000","13,902,000","15,818,000",,"13,022,000",,"11,000,000",,"12,700,000","14,000,000","14,700,000",,,,,"4,500,000","3,700,000","3,800,000","4,300,000","4,400,000","4,000,000","3,800,000","4,700,000","4,200,000","4,000,000","4,000,000","3,800,000","3,500,000","2,400,000","2,100,000","2,100,000","1,700,000","1,600,000","1,500,000","1,600,000","1,600,000",,"1,000,000","800,000","700,000","800,000","900,000","800,000","700,000","600,000","500,000","500,000","500,000",,,,,,,,,,,,,,,
NetInterestIncome,"-238,000,000","-48,000,000","-49,000,000","-69,000,000","-72,000,000","-70,000,000","-70,000,000","-79,000,000","-59,000,000","-58,000,000","-21,000,000","-26,000,000","-160,000,000","-155,000,000","-157,000,000","-156,000,000","-152,000,000","-183,000,000","-152,000,000","-148,000,000","-138,000,000","-141,000,000","-136,000,000","-129,000,000","-197,000,000","-115,000,000","-117,000,000","-114,000,000","-117,000,000","-120,000,000","-122,000,000","-122,000,000","-128,000,000","-126,000,000","-128,000,000","-129,000,000","-128,000,000","-131,000,000","-126,000,000","-127,000,000","-121,000,000","-112,000,000","-112,362,000","-114,448,000","-113,684,000","-112,506,000","-115,409,000","-99,318,000","-95,719,000","-95,339,000","-91,902,000","-90,285,000","-93,498,000","-91,063,000","-67,956,000","-60,521,000","-62,399,000","-52,803,000","-52,023,000","-50,194,000","-35,293,000",,"-32,627,000","-27,591,000","-23,715,000","-18,988,000","-23,301,000",,"-13,379,000","-13,658,000","-13,928,000",,"-15,054,000","-15,781,000","-15,877,000","-17,205,000",,,"-21,481,000","-20,404,000","-19,817,000","-20,956,000","-19,482,000","-19,802,000","-17,724,000","-14,381,000","-11,418,000","-10,549,000",,"-12,405,000",,"-10,600,000",,"-12,700,000","-14,000,000","-14,700,000",,,,,"-4,500,000","-3,700,000","-3,800,000","-4,300,000","-4,400,000","-4,000,000","-3,800,000","-4,700,000","-4,200,000","-4,000,000","-4,000,000","-3,800,000","-3,500,000","-2,400,000","-2,100,000","-2,100,000","-1,700,000","-1,600,000","-1,500,000","-1,600,000","-1,600,000",,"-1,000,000","-800,000","-700,000","-800,000","-900,000","-800,000","-700,000","-600,000","-500,000","-500,000","-500,000",,,,,,,,,,,,,,,
EBIT,"-64,000,000","2,000,000","-88,000,000","8,000,000","14,000,000","-17,000,000","-104,000,000","-80,000,000","-508,000,000","-856,000,000","5,368,000,000","-758,000,000","-119,000,000","-310,000,000","-1,985,000,000","-16,000,000","-81,000,000","-61,000,000","-1,720,000,000","-78,000,000","-10,000,000","-269,000,000","-401,000,000","-955,000,000","-545,000,000","-477,000,000","-1,031,000,000","-112,000,000","-498,000,000","13,000,000","-193,000,000","309,000,000","6,000,000","121,000,000","-66,000,000","209,000,000","37,000,000","166,000,000","215,000,000","290,000,000","-659,000,000","379,000,000","359,385,000","389,445,000","274,848,000","193,322,000","222,255,000","252,416,000","88,678,000","43,834,000","80,666,000","138,876,000","149,494,000","297,186,000","486,395,000","534,740,000","415,580,000","415,534,000","461,592,000","419,589,000","327,441,000","412,651,000","373,434,000","360,908,000","298,508,000","307,359,000","153,218,000","154,224,000","138,969,000","123,018,000","125,086,000","111,029,000","92,022,000","86,601,000","78,150,000","78,905,000","54,874,000","69,725,000","29,948,000","65,260,000","-106,547,000","90,236,000","103,206,000","116,160,000","107,562,000","79,788,000","68,137,000","44,332,000","33,936,000","26,839,000","22,400,000","16,900,000","6,900,000","16,500,000","-4,200,000","78,800,000","106,000,000","55,300,000","49,800,000","40,000,000","29,600,000","22,600,000","3,500,000","19,100,000","13,000,000","10,800,000","9,700,000","9,200,000","6,800,000","6,600,000","6,400,000","6,200,000","3,500,000","3,400,000","7,700,000","5,200,000","3,200,000","2,700,000","500,000","1,400,000","1,300,000","1,100,000","2,000,000","3,600,000","1,800,000","2,300,000","1,100,000","2,800,000","2,100,000","2,100,000","4,000,000","100,000","0","14,500,000","-37,800,000","14,800,000","13,600,000","9,900,000","-6,400,000","4,900,000","1,500,000","100,000","-3,400,000","600,000","600,000","900,000","-20,200,000","3,300,000"
EBITDA,"352,000,000"
ReconciledCostOfRevenue,"2,762,000,000","682,000,000","717,000,000","686,000,000","677,000,000","636,000,000","520,000,000","631,000,000","743,000,000","913,000,000","745,000,000","1,007,000,000","1,019,000,000","1,082,000,000","1,121,000,000","1,105,000,000","1,143,000,000","1,145,000,000","1,299,000,000","1,196,000,000","1,189,000,000","1,206,000,000","1,247,000,000","1,230,000,000","1,238,000,000","1,474,000,000","1,934,000,000","1,869,000,000","2,016,000,000","2,202,000,000","2,908,000,000","2,885,000,000","2,829,000,000","2,839,000,000","3,134,000,000","3,036,000,000","3,126,000,000","3,006,000,000","3,217,000,000","2,967,000,000","2,971,000,000","2,685,000,000","2,797,023,000","2,477,095,000","2,265,213,000","2,125,669,000","2,125,084,000","1,895,856,000","1,808,878,000","1,749,320,000","1,876,733,000","1,609,241,000","1,442,842,000","1,534,520,000","1,697,705,000","1,640,923,000","1,454,154,000","1,449,678,000","1,427,539,000","1,273,247,000","1,192,468,000","1,164,841,000","1,153,607,000","1,078,286,000","998,272,000","987,641,000","985,694,000","747,973,000","634,219,000","582,736,000","604,554,000","539,279,000","517,429,000","511,891,000","514,766,000","467,357,000","438,502,000","401,895,000","406,541,000","402,680,000","397,244,000","391,024,000","414,004,000","394,509,000","368,698,000","351,501,000","302,795,000","272,113,000","246,827,000","232,578,000","222,400,000","211,800,000","211,700,000","213,000,000","303,300,000","296,000,000","287,800,000","201,500,000","173,200,000","164,100,000","151,300,000","117,500,000","79,400,000","116,100,000","83,800,000","77,300,000","73,600,000","63,800,000","55,500,000","48,700,000","51,500,000","45,800,000","32,400,000","37,100,000","49,000,000","48,200,000","35,800,000","36,400,000","43,300,000","33,100,000","32,600,000","31,300,000","29,400,000","32,600,000","32,100,000","31,200,000","34,200,000","27,800,000","25,600,000","19,600,000","20,300,000","17,200,000","17,800,000",,,,,,,,,,,,,,,
ReconciledDepreciation,"416,000,000","87,000,000","103,000,000","112,000,000","114,000,000","111,000,000","116,000,000","117,000,000","113,000,000","157,000,000","90,000,000","118,000,000","116,000,000","123,000,000","137,000,000","128,000,000","144,000,000","147,000,000","190,000,000","199,000,000","204,000,000","208,000,000","215,000,000","242,000,000","249,000,000","250,000,000","275,000,000","298,000,000","311,000,000","316,000,000","338,000,000","327,000,000","355,000,000","351,000,000","363,000,000","352,000,000","341,000,000","346,000,000","343,000,000","329,000,000","309,000,000","301,000,000","287,327,000","288,450,000","282,168,000","277,055,000","270,589,000","269,096,000","258,257,000","249,392,000","253,701,000","237,909,000","213,693,000","201,394,000","203,679,000","187,131,000","171,710,000","169,288,000","167,192,000","158,977,000","144,481,000","135,576,000","129,031,000","123,508,000","115,019,000","115,503,000","111,949,000","84,778,000","74,619,000","74,424,000","71,335,000","67,499,000","67,188,000","66,690,000","64,130,000","62,665,000","61,879,000","60,339,000","60,593,000","58,972,000","57,240,000","53,968,000","59,161,000","59,334,000","54,571,000","50,453,000","60,295,000","50,282,000","47,643,000","48,414,000","46,700,000","26,200,000","47,500,000","46,300,000","44,800,000","42,400,000","70,400,000","13,100,000","13,600,000","7,600,000","7,000,000","5,500,000","-3,600,000","7,600,000","6,600,000","6,200,000","6,400,000","5,700,000","4,200,000","4,500,000","4,300,000","3,600,000","3,300,000","3,100,000","3,200,000","3,600,000","2,800,000","2,700,000","2,700,000","2,700,000","2,700,000","2,400,000","2,200,000","2,200,000","1,800,000","1,800,000","1,900,000","1,300,000","1,400,000","1,100,000","1,400,000","1,400,000","600,000",,,,,,,,,,,,,,,
NetIncomeFromContinuingOperationNetMinorityInterest,"-414,000,000","-80,000,000","-161,000,000","-95,000,000","-78,000,000","-116,000,000","-200,000,000","-174,000,000","-581,000,000","-966,000,000","5,279,000,000","-821,000,000","-316,000,000","-481,000,000","-2,103,000,000","-199,000,000","-264,000,000","-245,000,000","-1,938,000,000","-256,000,000","-171,000,000","-448,000,000","-549,000,000","-1,780,000,000","-565,000,000","-498,000,000","-1,208,000,000","-170,000,000","-489,000,000","-118,000,000","-475,000,000","77,000,000","-145,000,000","-41,000,000","-271,000,000","22,000,000","-118,000,000","22,000,000","-122,000,000","70,000,000","-849,000,000","123,000,000","-97,659,000","190,360,000","110,098,000","59,201,000","-186,198,000","94,653,000","-26,564,000","-40,009,000","-30,391,000","77,374,000","41,981,000","164,802,000","348,118,000","370,600,000","364,044,000","284,069,000","336,752,000","294,924,000","176,480,000","281,572,000","272,002,000","234,203,000","186,847,000","203,317,000","243,750,000","47,299,000","94,725,000","80,435,000","132,929,000","69,838,000","81,032,000","52,605,000","46,881,000","34,042,000","28,828,000","33,601,000","3,117,000","93,229,000","-147,595,000","45,219,000","54,524,000","60,181,000","56,436,000","43,510,000","-83,612,000","21,523,000","13,204,000","9,993,000","7,500,000","3,000,000","-2,000,000","2,500,000","-24,200,000","42,800,000","-14,900,000","31,300,000","27,200,000","23,100,000","19,100,000","14,300,000","4,600,000","9,800,000","5,800,000","4,300,000","4,400,000","3,600,000","1,800,000","1,600,000","1,900,000","1,700,000","100,000","900,000","3,900,000","2,200,000","1,000,000","800,000","-500,000","100,000",,"600,000","1,400,000","2,000,000","1,100,000","1,400,000","27,800,000","1,400,000","800,000","1,700,000","1,300,000","400,000","700,000",,,,,,,,,,,,,,,
TotalUnusualItemsExcludingGoodwill,"-197,000,000","-20,000,000","-111,000,000","-59,000,000","-6,000,000","0","-271,000,000","-19,000,000","-307,000,000","-852,000,000","5,440,000,000","-790,000,000","-125,000,000","-298,000,000","-2,033,000,000","-95,000,000","-109,000,000","-23,000,000","-1,594,000,000","-35,000,000","108,000,000","-134,000,000","-261,000,000","-771,000,000","-319,000,000","-225,000,000","-663,000,000","-92,000,000","-403,000,000","-64,000,000","-374,000,000","-112,000,000","-327,000,000","-70,000,000","16,000,000","0","-151,000,000","-94,000,000","-2,000,000","-25,000,000","-820,000,000","-17,000,000","-39,806,000","-26,261,000","-22,367,000","-18,566,000","-60,808,000","-23,008,000","-14,186,000","-73,077,000","-9,177,000","-11,046,000","-3,871,000","-13,539,000","-113,274,000","-8,243,000","76,062,000","499,000","-1,545,000","1,282,000","-5,934,000","-2,372,000","6,586,000","-6,161,000","-11,371,000","-2,119,000","105,503,000","-77,479,000","3,272,000","-579,000","50,964,000","-905,000","24,029,000","620,000","2,380,000","-17,626,000","5,602,000","-2,571,000","185,706,000","-5,273,000","-187,675,000","-963,000","1,246,000","-1,047,000","450,000","-147,000","-56,625,000","309,000","540,000","1,804,000","2,800,000",,"3,700,000","1,100,000","-23,100,000","1,700,000","-115,300,000","800,000","1,700,000","500,000","4,300,000","3,300,000","1,300,000","200,000","300,000","-100,000","500,000","200,000","100,000","100,000","-100,000","400,000","200,000","300,000","800,000","400,000","100,000","200,000","200,000","300,000",,"200,000","300,000","400,000","700,000","600,000","49,400,000","200,000","300,000","1,900,000","-800,000","1,100,000","1,500,000",,,,,,,,,,,,,,,
TotalUnusualItems,"-197,000,000","-20,000,000","-111,000,000","-59,000,000","-6,000,000","0","-271,000,000","-19,000,000","-307,000,000","-852,000,000","5,440,000,000","-790,000,000","-125,000,000","-298,000,000","-2,033,000,000","-95,000,000","-109,000,000","-23,000,000","-1,594,000,000","-35,000,000","108,000,000","-134,000,000","-261,000,000","-771,000,000","-319,000,000","-225,000,000","-663,000,000","-92,000,000","-403,000,000","-64,000,000","-374,000,000","-112,000,000","-327,000,000","-70,000,000","16,000,000","0","-151,000,000","-94,000,000","-2,000,000","-25,000,000","-820,000,000","-17,000,000","-39,806,000","-26,261,000","-22,367,000","-18,566,000","-60,808,000","-23,008,000","-14,186,000","-73,077,000","-9,177,000","-11,046,000","-3,871,000","-13,539,000","-113,274,000","-8,243,000","76,062,000","499,000","-1,545,000","1,282,000","-5,934,000","-2,372,000","6,586,000","-6,161,000","-11,371,000","-2,119,000","105,503,000","-77,479,000","3,272,000","-579,000","50,964,000","-905,000","24,029,000","620,000","2,380,000","-17,626,000","5,602,000","-2,571,000","185,706,000","-5,273,000","-187,675,000","-963,000","1,246,000","-1,047,000","450,000","-147,000","-56,625,000","309,000","540,000","1,804,000","2,800,000",,"3,700,000","1,100,000","-23,100,000","1,700,000","-115,300,000","800,000","1,700,000","500,000","4,300,000","3,300,000","1,300,000","200,000","300,000","-100,000","500,000","200,000","100,000","100,000","-100,000","400,000","200,000","300,000","800,000","400,000","100,000","200,000","200,000","300,000",,"200,000","300,000","400,000","700,000","600,000","49,400,000","200,000","300,000","1,900,000","-800,000","1,100,000","1,500,000",,,,,,,,,,,,,,,
NormalizedEBITDA,"549,000,000","109,000,000","126,000,000","179,000,000","134,000,000","94,000,000","283,000,000","56,000,000","-88,000,000","153,000,000","18,000,000","150,000,000","122,000,000","111,000,000","185,000,000","207,000,000","172,000,000","109,000,000","64,000,000","156,000,000","86,000,000","73,000,000","75,000,000","58,000,000","23,000,000","-2,000,000","-93,000,000","278,000,000","216,000,000","393,000,000","519,000,000","748,000,000","688,000,000","542,000,000","281,000,000","561,000,000","529,000,000","606,000,000","560,000,000","644,000,000","470,000,000","697,000,000","686,518,000","704,156,000","579,383,000","488,943,000","553,652,000","544,520,000","361,121,000","366,303,000","343,544,000","387,831,000","367,058,000","512,119,000","803,348,000","730,114,000","511,228,000","584,323,000","630,329,000","577,284,000","477,856,000","550,599,000","495,879,000","490,577,000","424,898,000","424,981,000","159,664,000","316,481,000","210,316,000","198,021,000","145,457,000","179,433,000","135,181,000","152,671,000","139,900,000","159,196,000","111,151,000","132,635,000","-95,165,000","129,505,000","138,368,000","145,167,000","161,121,000","176,541,000","161,683,000","130,388,000","185,057,000","94,305,000","81,039,000","73,449,000","66,300,000","43,100,000","50,700,000","61,700,000","63,700,000","119,500,000","291,700,000","67,600,000","61,700,000","47,100,000","32,300,000","24,800,000","-1,400,000","26,500,000","19,300,000","17,100,000","15,600,000","14,700,000","10,900,000","11,000,000","10,800,000","9,400,000","6,600,000","6,200,000","10,100,000","8,400,000","5,900,000","5,200,000","3,000,000","3,800,000","4,100,000","3,300,000","3,900,000","5,400,000","3,000,000","3,500,000","-46,400,000","4,000,000","3,200,000","1,300,000","6,200,000","400,000","-900,000","14,500,000","-37,800,000","14,800,000","13,600,000","9,900,000","-6,400,000","4,900,000","1,500,000","100,000","-3,400,000","600,000","600,000","900,000","-20,200,000","3,300,000"
TaxRateForCalcs,"0.4","0.4","0.27","0.27","0.27","0.27","0.27","0.27","0.27","0.27","0.011","0.27","0.27","0.27","0.021","0.27","0.27","0.27","0.4","0.4","0.4","0.4","0.4","0.4","0.154","0.171","0.4","0.288","0.215","0","0.35","0.35","0.35","0.35","0.35","0.35","0.35","0.14","0.35","0.35","0.35","0.35","0.35","0.298","0.286","0.239","0.35","0.354","0.35","0.302","0.35","0.35","0.097","0.157","0.172","0.178","0.156","0.203","0.161","0.19","0.368","0.24","0.184","0.284","0.291","0.29","0.258","0.206","0.265","0.261","0.175","0.265","0.198","0.264","0.265","0.228","0.271","0.275","0.4","0.4","0.4","0.338","0.361","0.365","0.37","0.36","0.4","0.366","0.362","0.362","0.38","0.375","0.333","0.4","0.4","0.35","0.349","0.349","0.346","0.349","0.35","0.356","0.4","0.351","0.348","0.348","0.313","0.234","0.357","0.385","0.095","0.37","0.4","0.357","0.4","0.371","0.375","0.385","0.4","0.4",,"0.143","0","0.394","0.389","0.364","0.393","0.333","0.385","0.393","0.4","0.4","0.364",,,,,,,,,,,,,,,
TaxEffectOfUnusualItems,"-78,800,000","-8,000,000","-29,970,000","-15,930,000","-1,620,000","0","-73,170,000","-5,130,000","-82,890,000","-230,040,000","60,026,182.906","-213,300,000","-33,750,000","-80,460,000","-43,659,197.012","-25,650,000","-29,430,000","-6,210,000","-637,600,000","-14,000,000","43,200,000","-53,600,000","-104,400,000","-308,400,000","-49,003,012.048","-38,386,824.324","-265,200,000","-26,460,176.991","-86,497,560.976","0","-130,900,000","-39,200,000","-114,450,000","-24,500,000","5,600,000","0","-52,850,000","-13,160,000","-700,000","-8,750,000","-287,000,000","-5,950,000","-13,932,100","-7,816,886.788","-6,401,832.767","-4,428,538.68","-21,282,800","-8,139,167.54","-4,965,100","-22,035,897.233","-3,211,950","-3,866,100","-376,135.992","-2,132,302.349","-19,511,749.398","-1,468,072.54","11,853,709.124","101,144.936","-248,707.65","243,581.28","-2,182,556.108","-569,281.261","1,214,491.213","-1,750,490.387","-3,305,473.062","-613,932.007","27,179,873.017","-15,937,399.594","866,789.775","-150,875.006","8,933,050.345","-240,149.057","4,750,032.031","163,461.646","629,778.046","-4,011,980.578","1,518,081.934","-707,016.679","74,282,400","-2,109,200","-75,070,000","-325,590.614","449,974.905","-382,160.328","166,507.177","-52,936.084","-22,650,000","113,192.345","195,647.638","653,928.421","1,064,462.81","0","1,233,333.333","440,000","-9,240,000","594,224.924","-40,279,475.983","279,417.879","588,461.538","174,647.887","1,506,462.585","1,174,324.324","520,000","70,198.675","104,494.382","-34,848.485","156,250","46,808.511","35,714.286","38,461.538","-9,523.81","148,148.148","80,000","107,142.857","320,000","148,571.429","37,500","76,923.077","80,000","120,000",,"28,571.429","0","157,575.758","272,222.222","218,181.818","19,414,847.162","66,666.667","115,384.615","746,428.571","-320,000","440,000","545,454.545",,,,,,,,,,,,,,,