name,ttm,05/31/2022,02/28/2022,11/30/2021,08/31/2021,05/31/2021,02/28/2021,11/30/2020,08/31/2020,05/31/2020,02/29/2020,11/30/2019,08/31/2019,05/31/2019,02/28/2019,11/30/2018,08/31/2018,05/31/2018,02/28/2018,11/30/2017,08/31/2017,05/31/2017,02/28/2017,11/30/2016,08/31/2016,05/31/2016,02/29/2016,11/30/2015,08/31/2015,05/31/2015,02/28/2015,11/30/2014,08/31/2014,05/31/2014,02/28/2014,11/30/2013,08/31/2013,05/31/2013,02/28/2013,11/30/2012,08/31/2012,05/31/2012,02/29/2012,11/30/2011,08/31/2011,05/31/2011,02/28/2011,11/30/2010,08/31/2010,05/31/2010,02/28/2010,11/30/2009,08/31/2009,05/31/2009,02/28/2009,11/30/2008,08/31/2008,05/31/2008,02/29/2008,11/30/2007,08/31/2007,05/31/2007,02/28/2007,11/30/2006,08/31/2006,05/31/2006,02/28/2006,11/30/2005,08/31/2005,05/31/2005,02/28/2005,11/30/2004,08/31/2004,05/31/2004,02/29/2004,11/30/2003,08/31/2003,05/31/2003,02/28/2003,11/30/2002,08/31/2002,05/31/2002,02/28/2002,11/30/2001,08/31/2001,05/31/2001,02/28/2001,11/30/2000,08/31/2000,05/31/2000,02/29/2000,11/30/1999,08/31/1999,05/31/1999,02/28/1999,11/30/1998,08/31/1998,05/31/1998,02/28/1998,11/30/1997,08/31/1997,05/31/1997,02/28/1997,11/30/1996,08/31/1996,05/31/1996,02/29/1996,11/30/1995,08/31/1995,05/31/1995,02/28/1995,11/30/1994,08/31/1994,05/31/1994,02/28/1994,11/30/1993,08/31/1993,05/31/1993,02/28/1993,11/30/1992,08/31/1992,05/31/1992,02/29/1992,11/30/1991,08/31/1991,05/31/1991,02/28/1991,11/30/1990,08/31/1990,05/31/1990,02/28/1990,11/30/1989,08/31/1989,05/31/1989,02/28/1989,11/30/1988,08/31/1988,05/31/1988,02/29/1988,11/30/1987,08/31/1987,05/31/1987,02/28/1987,11/30/1986,08/31/1986,05/31/1986,02/28/1986,11/30/1985,08/31/1985
TotalRevenue,"4,814,702,000","1,458,138,000","1,164,731,000","1,155,740,000","1,036,093,000","960,737,000","839,886,000","793,131,000","737,807,000","402,458,000","626,810,000","588,458,000","530,396,000","528,940,000","432,690,000","493,648,000","536,188,000","562,261,000","468,359,000","450,021,000","454,936,000","476,364,000","370,510,000","245,308,000","263,254,000","272,077,000","225,672,000","214,223,000","251,049,000","266,510,000","234,543,000","224,403,000","245,935,000","247,747,000","228,811,000","222,670,000","214,246,000","218,199,000","177,166,000","193,554,000","162,533,000","155,709,000","131,600,000","131,837,000","130,546,000","135,568,000","106,593,000","123,711,000","123,125,000","134,813,000","110,529,000","81,017,000","59,465,000","50,848,000","31,808,000","69,398,000","85,271,000","139,736,000","164,203,000","215,142,000","237,681,000","231,692,000","199,014,000","201,765,000","205,411,000","220,312,000","206,425,000","232,255,000","231,461,000","255,022,000","239,359,000","266,133,000","283,002,000","310,186,000","266,033,000","254,933,000","225,694,000","200,211,000","186,728,000","234,089,000","220,910,000","246,636,000","184,169,000","179,113,000","178,131,000","197,005,000","142,531,000","164,167,000","162,491,000","211,137,000","187,144,000","182,600,000","164,400,000","191,500,000","154,100,000","157,700,000","130,000,000","150,500,000","118,700,000","125,900,000","99,900,000","117,200,000","105,700,000","113,900,000","97,700,000","151,500,000","113,600,000","122,000,000","113,300,000","125,100,000","115,400,000","130,800,000","118,900,000","129,700,000","99,000,000","104,600,000","107,300,000","115,900,000","77,500,000","83,400,000","86,000,000","88,900,000","60,000,000","60,200,000","71,700,000","70,200,000","40,000,000","40,700,000","85,900,000","89,700,000","80,600,000","78,900,000","89,500,000","112,900,000","107,100,000","128,000,000","94,100,000","132,800,000","94,000,000","104,200,000","106,800,000","106,400,000","97,000,000","96,200,000","94,400,000","110,700,000","87,000,000","81,600,000","91,500,000"
	OperatingRevenue,"4,814,702,000","1,458,138,000","1,164,731,000","1,155,740,000","1,036,093,000","960,737,000","839,886,000","793,131,000","737,807,000","402,458,000","626,810,000","588,458,000","530,396,000","528,940,000","432,690,000","493,648,000","536,188,000","562,261,000","468,359,000","450,021,000","454,936,000","476,364,000","370,510,000","245,308,000","263,254,000","272,077,000","225,672,000","214,223,000","251,049,000","266,510,000","234,543,000","224,403,000","245,935,000","247,747,000","228,811,000","222,670,000","214,246,000","218,199,000","177,166,000","193,554,000","162,533,000","155,709,000","131,600,000","131,837,000","130,546,000","135,568,000","106,593,000","123,711,000","123,125,000","134,813,000","110,529,000","81,017,000","59,465,000","50,848,000","31,808,000","69,398,000","85,271,000","139,736,000","164,203,000","215,142,000","237,681,000","231,692,000","199,014,000","201,765,000","205,411,000","220,312,000","206,425,000","232,255,000","231,461,000","255,022,000","239,359,000","266,133,000","283,002,000","310,186,000","266,033,000","254,933,000","225,694,000","200,211,000","186,728,000","234,089,000","220,910,000","246,636,000","184,169,000","179,113,000","178,131,000","197,005,000","142,531,000","164,167,000","162,491,000","211,137,000","187,144,000","182,600,000","164,400,000","191,500,000","154,100,000","157,700,000","130,000,000","150,500,000","118,700,000","125,900,000","99,900,000","117,200,000","105,700,000","113,900,000","97,700,000","151,500,000","113,600,000","122,000,000","113,300,000","125,100,000","115,400,000","130,800,000","118,900,000","129,700,000","99,000,000","104,600,000","107,300,000","115,900,000","77,500,000","83,400,000","86,000,000","88,900,000","60,000,000","60,200,000","71,700,000","70,200,000","40,000,000","40,700,000","85,900,000","89,700,000","80,600,000","78,900,000","89,500,000","112,900,000","107,100,000","128,000,000","94,100,000","132,800,000","94,000,000","104,200,000","106,800,000","106,400,000","97,000,000","96,200,000","94,400,000","110,700,000","87,000,000","81,600,000","91,500,000"
CostOfRevenue,"3,908,584,000","1,185,174,000","948,154,000","926,328,000","848,928,000","791,125,000","683,304,000","656,127,000","615,298,000","370,434,000","547,028,000","509,845,000","447,208,000","442,356,000","366,261,000","422,652,000","452,358,000","476,747,000","400,698,000","387,190,000","381,354,000","405,560,000","321,194,000","216,433,000","231,386,000","241,820,000","200,396,000","188,974,000","222,996,000","238,327,000","210,285,000","200,017,000","217,226,000","221,266,000","205,966,000","196,708,000","188,750,000","197,002,000","159,975,000","172,807,000","146,266,000","143,638,000","124,754,000","123,341,000","122,018,000","126,865,000","95,269,000","112,512,000","111,921,000","125,058,000","105,745,000","80,493,000","61,240,000","59,133,000","43,600,000","78,292,000","90,932,000","137,112,000","152,034,000","189,502,000","205,089,000","205,436,000","180,049,000","180,381,000","180,070,000","192,236,000","186,105,000","201,091,000","199,002,000","219,828,000","207,305,000","226,069,000","241,346,000","264,167,000","231,004,000","215,468,000","196,902,000","177,065,000","159,590,000","198,275,000","185,797,000","209,381,000","160,117,000","153,570,000","156,770,000","167,147,000","123,520,000","139,893,000","146,540,000","172,681,000","154,708,000","150,200,000","136,100,000","156,400,000","128,400,000","131,400,000","108,000,000","128,300,000","103,000,000","106,100,000","89,100,000","99,400,000","93,400,000","97,100,000","86,200,000","126,100,000","94,900,000","100,300,000","96,800,000","103,100,000","96,000,000","108,500,000","99,500,000","106,700,000","83,100,000","86,500,000","88,300,000","98,700,000","65,800,000","70,100,000","72,700,000","75,200,000","54,100,000","52,300,000","59,000,000","60,900,000","39,100,000","39,000,000","74,200,000","81,300,000","74,400,000","70,000,000","88,200,000","97,300,000",,,,,,,,,,,,,,,
GrossProfit,"906,118,000","272,964,000","216,577,000","229,412,000","187,165,000","169,612,000","156,582,000","137,004,000","122,509,000","32,024,000","79,782,000","78,613,000","83,188,000","86,584,000","66,429,000","70,996,000","83,830,000","85,514,000","67,661,000","62,831,000","73,582,000","70,804,000","49,316,000","28,875,000","31,868,000","30,257,000","25,276,000","25,249,000","28,053,000","28,183,000","24,258,000","24,386,000","28,709,000","26,481,000","22,845,000","25,962,000","25,496,000","21,197,000","17,191,000","20,747,000","16,267,000","12,071,000","6,846,000","8,496,000","8,528,000","8,703,000","11,324,000","11,199,000","11,204,000","9,755,000","4,784,000","524,000","-1,775,000","-8,285,000","-11,792,000","-8,894,000","-5,661,000","2,624,000","12,169,000","25,640,000","32,592,000","26,256,000","18,965,000","21,384,000","25,341,000","28,076,000","20,320,000","31,164,000","32,459,000","35,194,000","32,054,000","40,064,000","41,656,000","46,019,000","35,029,000","39,465,000","28,792,000","23,146,000","27,138,000","35,814,000","35,113,000","37,255,000","24,052,000","25,543,000","21,361,000","29,858,000","19,011,000","24,274,000","15,951,000","38,456,000","32,436,000","32,400,000","28,300,000","35,100,000","25,700,000","26,300,000","22,000,000","22,200,000","15,700,000","19,800,000","10,800,000","17,800,000","12,300,000","16,800,000","11,500,000","25,400,000","18,700,000","21,700,000","16,500,000","22,000,000","19,400,000","22,300,000","19,400,000","23,000,000","15,900,000","18,100,000","19,000,000","17,200,000","11,700,000","13,300,000","13,300,000","13,700,000","5,900,000","7,900,000","12,700,000","9,300,000","900,000","1,700,000","11,700,000","8,400,000","6,200,000","8,900,000","1,300,000","15,600,000",,,,,,,,,,,,,,,
OperatingExpense,"326,269,000","96,247,000","79,810,000","83,042,000","67,170,000","67,176,000","56,607,000","51,989,000","54,111,000","40,197,000","50,138,000","54,719,000","38,423,000","37,610,000","37,526,000","38,371,000","36,815,000","36,437,000","32,410,000","31,605,000","29,893,000","35,494,000","32,460,000","17,827,000","12,982,000","9,664,000","11,773,000","12,490,000","11,142,000","11,603,000","12,310,000","9,944,000","10,431,000","10,892,000","9,438,000","9,956,000","10,164,000","10,949,000","8,319,000","10,773,000","9,681,000","8,544,000","8,010,000","7,869,000","6,762,000","8,165,000","7,274,000","6,274,000","6,253,000","6,351,000","6,642,000","6,501,000","6,602,000","6,497,000","6,819,000","7,996,000","13,229,000","9,527,000","9,715,000","12,056,000","11,865,000","11,597,000","9,605,000","11,244,000","12,596,000","9,696,000","9,789,000","9,722,000","9,411,000","8,839,000","10,362,000","10,111,000","12,629,000","17,943,000","10,500,000","10,299,000","10,390,000","8,903,000","7,018,000","9,824,000","9,930,000","9,966,000","10,638,000","10,232,000","57,635,000","11,760,000","8,616,000","10,894,000","4,073,000","14,743,000","15,433,000","14,300,000","14,500,000","13,500,000","11,200,000","12,200,000","12,400,000","12,000,000","10,000,000","12,400,000","13,100,000","12,300,000","15,600,000","12,900,000","6,600,000","17,700,000","15,400,000","17,000,000","16,700,000","15,900,000","14,300,000","14,400,000","15,500,000","14,700,000","14,500,000","14,300,000","15,600,000","12,700,000","12,400,000","12,400,000","12,100,000","11,000,000","10,100,000","10,500,000","8,900,000","12,300,000","12,000,000","13,300,000","14,600,000","14,800,000","17,100,000","14,400,000","17,400,000","15,100,000",,,,,,,,,,,,,,,
	SellingGeneralAndAdministration,"298,476,000","88,231,000","71,795,000","74,870,000","63,580,000","63,586,000","53,016,000","48,399,000","50,521,000","33,271,000","42,164,000","51,105,000","35,992,000","35,332,000","35,259,000","35,712,000","33,408,000","34,504,000","30,477,000","29,550,000","27,811,000","25,335,000","22,093,000","15,776,000","12,982,000","9,664,000","11,773,000","12,490,000","11,142,000","11,603,000","12,310,000","9,944,000","10,431,000","10,892,000","9,438,000","9,956,000","10,164,000","10,949,000","8,319,000","10,773,000","9,681,000","8,544,000","8,010,000","7,869,000","6,762,000","7,560,000","7,274,000","6,918,000","6,253,000","6,351,000","6,642,000","6,501,000","6,602,000","6,497,000","6,819,000","7,996,000","8,543,000","9,527,000","9,715,000","12,056,000","11,865,000","11,597,000","9,605,000","11,244,000","12,596,000","9,696,000","9,789,000","9,722,000","9,411,000","8,839,000","10,362,000","10,111,000","12,629,000","17,943,000","10,500,000","10,299,000","10,390,000","8,903,000","7,018,000","9,824,000","9,930,000","9,966,000","10,638,000","10,232,000","11,423,000","9,888,000","8,616,000","9,103,000","2,277,000","13,061,000","13,789,000","12,800,000","13,000,000","12,100,000","9,800,000","10,800,000","10,900,000","10,700,000","8,600,000","11,000,000","12,000,000","10,700,000","13,500,000","11,200,000","4,100,000","15,300,000","13,100,000","14,500,000","14,000,000","13,700,000","12,300,000","12,400,000","13,500,000","12,800,000","12,600,000","12,400,000","13,400,000","10,800,000","10,500,000","10,500,000","10,100,000","8,900,000","8,100,000","8,400,000","6,000,000","9,600,000","9,200,000","10,400,000","11,300,000","11,500,000","13,700,000","11,500,000","14,400,000","12,200,000",,,,,,,,,,,,,,,
		GeneralAndAdministrativeExpense,,,,,,,,,,,,,,,,,"21,001,000","21,404,000","18,268,000","17,416,000","17,707,000","15,194,000","12,540,000","9,906,000","7,873,000","4,894,000","6,844,000","7,475,000","6,684,000","6,453,000","7,464,000","5,237,000","5,847,000","6,005,000","4,949,000","5,623,000","5,495,000","6,092,000","4,488,000","5,812,000","5,329,000","4,213,000","4,018,000","3,707,000","2,640,000","3,952,000","4,020,000","3,651,000","2,967,000","3,244,000","3,540,000","3,272,000","3,550,000","3,414,000","4,003,000",,,,,,,,,,,,,,,,,,,,,,,,,,,,,,,,"3,146,000",,,,,,,,,,,,,,,,,,,,,,,,,,,,,,,,,,,,,,,,,,,,,,,,,,,,,,,,,,,,,,
			OtherGandA,,,,,,,,,,,,,,,,,"21,001,000","21,404,000","18,268,000","17,416,000","17,707,000","15,194,000","12,540,000","9,906,000","7,873,000","4,894,000","6,844,000","7,475,000","6,684,000","6,453,000","7,464,000","5,237,000","5,847,000","6,005,000","4,949,000","5,623,000","5,495,000","6,092,000","4,488,000","5,812,000","5,329,000","4,213,000","4,018,000","3,707,000","2,640,000","3,952,000","4,020,000","3,651,000","2,967,000","3,244,000","3,540,000","3,272,000","3,550,000","3,414,000","4,003,000",,,,,,,,,,,,,,,,,,,,,,,,,,,,,,,,"3,146,000",,,,,,,,,,,,,,,,,,,,,,,,,,,,,,,,,,,,,,,,,,,,,,,,,,,,,,,,,,,,,,
		SellingAndMarketingExpense,,,,,,,,,,,,,,,,,"12,407,000","13,100,000","12,209,000","12,134,000","10,104,000","10,141,000","9,553,000","5,870,000","5,109,000","4,770,000","4,929,000","5,015,000","4,458,000","5,150,000","4,846,000","4,707,000","4,584,000","4,887,000","4,489,000","4,333,000","4,669,000","4,857,000","3,831,000","4,961,000","4,352,000","4,331,000","3,992,000","4,162,000","4,122,000","3,608,000","3,254,000","3,267,000","3,286,000","3,107,000","3,102,000","3,229,000","3,052,000","3,083,000","2,816,000",,,,,,,,,,,,,,,,,,,,,,,,,,,,,,,,"5,470,000",,,,,,,,,,,,,,,,,,,,,,,,,,,,,,,,,,,,,,,,,,,,,,,,,,,,,,,,,,,,,,
	DepreciationAmortizationDepletionIncomeStatement,"27,793,000","8,016,000","8,015,000","8,172,000","3,590,000","3,590,000","3,591,000","3,590,000","3,590,000","6,926,000","7,974,000","3,614,000","2,431,000","2,278,000","2,267,000","2,659,000","3,407,000","1,933,000","1,933,000","2,055,000","2,082,000","10,159,000","10,367,000","2,051,000",,,,,,,,,,,,,,,,,,,,,,,,,,,,,,,,,,,,,,,,,,,,,,,,,,,,,,,,,,,,,,"1,872,000","1,845,000","1,791,000","1,796,000","1,682,000","1,644,000","1,500,000","1,500,000","1,400,000","1,400,000","1,400,000","1,500,000","1,300,000","1,400,000","1,400,000","1,100,000","1,600,000","2,100,000","1,700,000","2,500,000","2,400,000","2,300,000","2,500,000","2,700,000","2,200,000","2,000,000","2,000,000","2,000,000","1,900,000","1,900,000","1,900,000","2,200,000","1,900,000","1,900,000","1,900,000","2,000,000","2,100,000","2,000,000","2,100,000","2,900,000","2,700,000","2,800,000","2,900,000","3,300,000","3,300,000","3,400,000","2,900,000","3,000,000","2,900,000",,,,,,,,,,,,,,,
		DepreciationAndAmortizationInIncomeStatement,"27,793,000","8,016,000","8,015,000","8,172,000","3,590,000","3,590,000","3,591,000","3,590,000","3,590,000","6,926,000","7,974,000","3,614,000","2,431,000","2,278,000","2,267,000","2,659,000","3,407,000","1,933,000","1,933,000","2,055,000","2,082,000","10,159,000","10,367,000","2,051,000",,,,,,,,,,,,,,,,,,,,,,,,,,,,,,,,,,,,,,,,,,,,,,,,,,,,,,,,,,,,,,"1,872,000","1,845,000","1,791,000","1,796,000","1,682,000","1,644,000","1,500,000","1,500,000","1,400,000","1,400,000","1,400,000","1,500,000","1,300,000","1,400,000","1,400,000","1,100,000","1,600,000","2,100,000","1,700,000","2,500,000","2,400,000","2,300,000","2,500,000","2,700,000","2,200,000","2,000,000","2,000,000","2,000,000","1,900,000","1,900,000","1,900,000","2,200,000","1,900,000","1,900,000","1,900,000","2,000,000","2,100,000","2,000,000","2,100,000","2,900,000","2,700,000","2,800,000","2,900,000","3,300,000","3,300,000","3,400,000","2,900,000","3,000,000","2,900,000",,,,,,,,,,,,,,,
			Amortization,"27,793,000","8,016,000","8,015,000","8,172,000","3,590,000","3,590,000","3,591,000","3,590,000","3,590,000","6,926,000","7,974,000","3,614,000","2,431,000","2,278,000","2,267,000","2,659,000","3,407,000","1,933,000","1,933,000","2,055,000","2,082,000","10,159,000","10,367,000","2,051,000",,,,,,,,,,,,,,,,,,,,,,,,,,,,,,,,,,,,,,,,,,,,,,,,,,,,,,,,,,,,,,,,,,,,,,,,,,,,,,,,,,,,,,,,,,,,,,,,,,,,,,,,,,,,,,,,,,,,,,,,,,,,,
				AmortizationOfIntangiblesIncomeStatement,"27,793,000","8,016,000","8,015,000","8,172,000","3,590,000","3,590,000","3,591,000","3,590,000","3,590,000","6,926,000","7,974,000","3,614,000","2,431,000","2,278,000","2,267,000","2,659,000","3,407,000","1,933,000","1,933,000","2,055,000","2,082,000","10,159,000","10,367,000","2,051,000",,,,,,,,,,,,,,,,,,,,,,,,,,,,,,,,,,,,,,,,,,,,,,,,,,,,,,,,,,,,,,,,,,,,,,,,,,,,,,,,,,,,,,,,,,,,,,,,,,,,,,,,,,,,,,,,,,,,,,,,,,,,,
	OtherOperatingExpenses,,,,,,,,,,,,,,,,,,,,,,,,,,,,,,,,,,,,,,,,"28,000",,,,,"0","605,000",,"-644,000",,,,,,,,,,,,,,,,,,,,,,,,,,,,,,,,,,,,,,,"-1,845,000",,,,,,,,,,,,,,,,,,,,,,,,,,,,,,,,,,,,,,,,,,,,,,,,,,,,,,,,,,,,,,
OperatingIncome,"579,849,000","176,717,000","136,767,000","146,370,000","119,995,000","102,436,000","99,975,000","85,015,000","68,398,000","-8,173,000","29,644,000","23,894,000","44,765,000","48,974,000","28,903,000","32,625,000","47,015,000","49,077,000","35,251,000","31,226,000","43,689,000","35,310,000","16,856,000","11,048,000","18,886,000","20,593,000","13,503,000","12,759,000","16,911,000","16,580,000","11,948,000","14,442,000","18,278,000","15,589,000","13,407,000","16,006,000","15,332,000","10,248,000","8,872,000","9,974,000","6,586,000","3,527,000","-1,164,000","627,000","1,766,000","538,000","4,050,000","4,925,000","4,951,000","3,404,000","-1,858,000","-5,977,000","-8,377,000","-14,782,000","-18,611,000","-16,890,000","-18,890,000","-6,903,000","2,454,000","13,584,000","20,727,000","14,659,000","9,360,000","10,140,000","12,745,000","18,380,000","10,531,000","21,442,000","23,048,000","26,355,000","21,692,000","29,953,000","29,027,000","28,076,000","24,529,000","29,166,000","18,402,000","14,243,000","20,120,000","25,990,000","25,183,000","27,289,000","13,414,000","15,311,000","-36,274,000","18,098,000","10,395,000","13,380,000","11,878,000","23,713,000","17,003,000","18,100,000","13,800,000","21,600,000","14,500,000","14,100,000","9,600,000","10,200,000","5,700,000","7,400,000","-2,300,000","5,500,000","-3,300,000","3,900,000","4,900,000","7,700,000","3,300,000","4,700,000","-200,000","6,100,000","5,100,000","7,900,000","3,900,000","8,300,000","1,400,000","3,800,000","3,400,000","4,500,000","-700,000","900,000","1,200,000","2,700,000","-4,200,000","-2,600,000","3,800,000","-3,000,000","-11,100,000","-11,600,000","-2,900,000","-6,400,000","-10,900,000","-5,500,000","-16,100,000","500,000","107,100,000","128,000,000","-325,500,000","132,800,000","94,000,000","104,200,000","-279,400,000","106,400,000","97,000,000","96,200,000","-269,800,000","110,700,000","87,000,000","81,600,000","-306,100,000"
NetNonOperatingInterestIncomeExpense,"-41,221,000","-10,511,000","-10,325,000","-10,242,000","-10,143,000","-10,229,000","-10,052,000","-9,941,000","-14,321,000","-8,440,000","-8,651,000","-6,049,000","-4,646,000","-4,446,000","-4,346,000","-4,501,000","-4,375,000","-4,172,000","-4,918,000","-4,781,000","-5,266,000","-5,265,000","-5,178,000","-1,128,000",,,,,,,,,,,,,,,,,,,,"257,000",,,,"-476,000","-1,826,000","158,000","364,000","-233,000","86,000","209,000","633,000",,,,,,,,,,,,,,,,,,,,,,,,,,,,,,,,,,,,,,,,,,,,,,,,,,,,,,,,,,,,,,,,,,,,,,,,,,,,,,,,,,,,,,,,,,,,,,
	InterestIncomeNonOperating,,,,,,,,,,,,,,,,,,,,,,,,,,,,,,,,,,,,,,,,,,,,"257,000",,,,,"131,000","158,000","364,000",,"86,000","209,000","633,000",,,,,,,,,,,,,,,,,,,,,,,,,,,,,,,,,,,,,,,,,,,,,,,,,,,,,,,,,,,,,,,,,,,,,,,,,,,,,,,,,,,,,,,,,,,,,,
	InterestExpenseNonOperating,"41,221,000","10,511,000","10,325,000","10,242,000","10,143,000","10,229,000","10,052,000","9,941,000","14,321,000","8,440,000","8,651,000","6,049,000","4,646,000","4,446,000","4,346,000","4,501,000","4,375,000","4,172,000","4,918,000","4,781,000","5,266,000","5,265,000","5,178,000","1,128,000",,,,,,,,,,,,,,,,,,,,,,,,"476,000",,,,,,,,,,,,,,,,,,,,,,,,,,,,,,,,,,,,,,,,,,,,,,,,,,,,,,,,,,,,,,,,,,,,,,,,,,,,,,,,,,,,,,,,,,,,,,,,,,,,,
	TotalOtherFinanceCost,,,,,,,,,,,,,,,,,,,,,,,,,,,,,,,,,,,,,,,,,,,,,,,,,,,,"233,000",,,,,,,,,,,,,,,,,,,,,,,,,,,,,,,,,,,,,,,,,,,,,,,,,,,,,,,,,,,,,,,,,,,,,,,,,,,,,,,,,,,,,,,,,,,,,,,,,
OtherIncomeExpense,"-24,438,000","-11,658,000","-6,507,000","-6,357,000","84,000","93,000","311,000","-94,000","514,000","74,000","270,000","116,000","251,000","360,000","207,000","763,000","-1,045,000","-700,000","-11,000","73,000","-25,000","-396,000","11,516,000","7,438,000","263,000","77,000","-18,000","135,000","2,067,000","-462,000","28,000","7,000","1,918,000","735,000","555,000","91,000","1,871,000","144,000","-19,000","586,000","1,634,000","402,000","-110,000","257,000","108,000","76,000","322,000","152,000",,,,,,,,,,,,,,,,,"-2,064,000","1,418,000","1,314,000","922,000",,"761,000","639,000","494,000","-381,000","366,000","283,000","303,000","398,000","306,000","312,000","181,000","508,000","547,000","912,000","892,000","960,000","922,000","901,000","971,000","949,000","831,000","905,000","700,000","800,000","700,000","600,000","600,000","800,000","900,000","800,000","600,000","1,700,000","400,000","700,000","400,000",,,"100,000",,"-400,000","600,000","900,000",,"600,000","-900,000","-100,000","-100,000",,,"-100,000","100,000","300,000","300,000","-100,000","500,000","600,000","1,000,000","-1,400,000","-900,000","-4,200,000","-700,000","-200,000","-2,800,000","-1,900,000","-100,000",,,,,,,,,,,,,,,
	SpecialIncomeCharges,,,,,,,,,,,,,,,,,"-1,327,000","-800,000",,"-50,000","-218,000","-450,000","11,520,000","7,351,000","0","0",,,"0","-462,000","0",,"0","0","629,000","0","0","0","0","586,000","-599,000","402,000","-110,000","257,000","108,000","76,000","322,000","152,000",,,,,,,,,,,,,,,,,"-2,064,000","1,418,000","1,314,000","922,000",,"761,000","639,000","494,000","-381,000","366,000","283,000","303,000","398,000","306,000","312,000","181,000","508,000","547,000","912,000","892,000","960,000","922,000","901,000","971,000","949,000","831,000","905,000","700,000","800,000","700,000","600,000","600,000","800,000","900,000","800,000","600,000","1,700,000","400,000","700,000","400,000",,,"100,000",,"-400,000","600,000","900,000",,"600,000","-900,000","-100,000","-100,000",,,"-100,000","100,000","300,000","300,000","-100,000","500,000","600,000","1,000,000","-1,400,000","-900,000","-4,200,000","-700,000","-200,000","-2,800,000","-1,900,000","-100,000",,,,,,,,,,,,,,,
		RestructuringAndMergernAcquisition,,,,,,,,,,,,,,,,,"1,327,000","800,000",,"50,000","218,000","450,000","-11,520,000","-7,351,000",,,,,,,,,,,,,,,,,,,,,,,,,,,,,,,,,,,,,,,,,,,,,,,,,,,,,,,,,,,,,,,,,,,,,,,,,,,,,,,,,,,,,,,,,,,,,,,,,,,,,,,,,,,,,,,,,,,,,,,,,,,,,
		ImpairmentOfCapitalAssets,,,,,,,,,,,,,,,,,,,,,,,,,"0","0",,,"0","462,000",,,,,,,,,,,,,,,,,,,,,,,,,,,,,,,,,,,,,,,,,,,,,,,,,,,,,,,,,,,,,,,,,,,,,,,,,,,,,,,,,,,,,,,,,,,,,,,,,,,,,,,,,,,,,,,,,,,,,,,
		WriteOff,,,,,,,,,,,,,,,,,,,,,,,,,,,,,,,,,,,,,"50,000",,,,,,,,,,,,,,,,,,,,,,,,,,,,,,,,,,,,,,,,,,,,,,,,,,,,,,,,,,,,,,,,,,,,,,,,,,,,,,,,,,,,,,,,,,,,,,,,,,,,,,,,,,,,,,,,
		GainOnSaleOfPPE,,,,,,,,,,,,,,,,,,,,,,,,,,,,,,,"0",,"0","0","629,000","0",,"0","0",,,,,,,,,,,,,,,,,,,,,,,,,,,,,,,,,,,,,,,,,,,,,,,,,,,,,,,,,,,,,,,,,,,,,,,,,,,,,,,,,,,,,,,,,,,,,,,,,,,,,,,,,,,,,,
	OtherNonOperatingIncomeExpenses,"-24,438,000","-11,658,000","-6,507,000","-6,357,000","84,000","93,000","311,000","-94,000","514,000","74,000","270,000","116,000","251,000","360,000","207,000","763,000","282,000","100,000","-11,000","123,000","193,000","54,000","-4,000","87,000","263,000","77,000","-18,000","135,000","2,065,000",,"28,000","7,000","1,908,000","735,000","-74,000","91,000","1,927,000","144,000","-19,000",,,,,,,,,,,,,,,,,,,,,,,,,,,,,,,,,,,,,,,,,,,,,,,,,,,,,,,,,,,,,,,,,,,,,,,,,,,,,,,,,,,,,,,,,,,,,,,,,,,,,,,,,,,,,,
PretaxIncome,"514,190,000","154,548,000","119,935,000","129,771,000","109,936,000","92,300,000","90,234,000","74,980,000","54,591,000","-16,539,000","21,263,000","17,961,000","40,370,000","44,888,000","24,764,000","28,887,000","41,595,000","44,205,000","30,322,000","26,518,000","38,398,000","29,649,000","23,194,000","17,358,000","19,149,000","20,670,000","13,485,000","12,894,000","16,991,000","16,118,000","11,976,000","14,449,000","18,294,000","16,324,000","13,962,000","16,097,000","15,289,000","10,392,000","8,853,000","10,560,000","6,568,000","3,929,000","-1,274,000","884,000","1,874,000","614,000","4,372,000","5,077,000","4,884,000","3,562,000","-1,494,000","-6,210,000","-9,146,000","-14,573,000","-17,978,000","-16,366,000","-18,105,000","-5,850,000","3,690,000","14,824,000","22,286,000","16,458,000","10,962,000","11,703,000","14,188,000","19,798,000","11,845,000","22,364,000","23,789,000","27,116,000","22,331,000","30,447,000","29,511,000","28,442,000","24,812,000","29,469,000","18,800,000","14,549,000","20,432,000","26,171,000","25,691,000","27,836,000","14,326,000","16,203,000","16,406,000","19,020,000","9,451,000","14,351,000","12,827,000","24,544,000","17,908,000","18,700,000","14,500,000","22,300,000","15,200,000","14,600,000","10,300,000","11,100,000","6,500,000","8,000,000","-600,000","5,800,000","-2,600,000","4,200,000","5,200,000","7,700,000","3,300,000","4,800,000","-500,000",,"6,100,000",,,,,,"3,200,000",,"-700,000",,"1,300,000",,,"-1,700,000","4,500,000","-1,600,000","-12,300,000","-12,200,000","-5,500,000","-6,800,000","-10,900,000","-8,200,000","-18,000,000","400,000",,,,,,,,,,,,,,,
TaxProvision,"122,078,000","37,326,000","28,760,000","30,141,000","25,851,000","21,005,000","21,166,000","17,557,000","12,132,000","-4,186,000","3,995,000","3,893,000","8,502,000","8,717,000","3,166,000","6,726,000","11,805,000","11,684,000","8,234,000","8,560,000","13,475,000","10,258,000","7,916,000","5,620,000","6,003,000","6,232,000","4,131,000","4,336,000","5,274,000","4,616,000","3,880,000","4,554,000","5,365,000","4,939,000","4,369,000","4,951,000","4,673,000","2,731,000","2,568,000","3,169,000","-34,340,000","-12,000","-362,000","-151,000","-1,673,000","-581,000","1,057,000","1,291,000","-9,000","-2,430,000","-2,200,000","-4,866,000","41,090,000","-6,020,000","-7,597,000","-6,770,000","-5,410,000","-8,850,000","1,173,000","4,862,000","7,443,000","5,205,000","3,430,000","3,767,000","4,871,000","6,641,000","4,145,000","7,794,000","8,411,000","9,536,000","7,965,000","10,903,000","10,521,000","10,738,000","8,932,000","11,402,000","6,832,000","5,554,000","8,123,000","9,893,000","9,272,000","9,742,000","4,878,000","5,493,000","876,000","6,576,000","3,267,000","4,755,000","4,917,000","8,287,000","6,057,000","6,300,000","4,400,000","7,700,000","5,200,000","5,000,000","2,900,000","3,800,000","2,100,000","2,700,000","-4,400,000","2,100,000","1,100,000","1,500,000","1,400,000","2,300,000","1,100,000","1,800,000","-2,000,000",,"-6,000,000",,,,,,"0",,"-1,100,000",,"0",,,"100,000","1,600,000","600,000","-3,400,000","-4,200,000","-1,700,000","-2,800,000","-5,600,000","-3,600,000","-6,700,000","100,000",,,,,,,,,,,,,,,
NetIncomeCommonStockholders,"392,112,000","117,222,000","91,175,000","99,630,000","84,085,000","71,295,000","69,068,000","57,423,000","42,459,000","-12,353,000","17,268,000","14,068,000","31,868,000","36,171,000","21,598,000","22,161,000","29,790,000","32,521,000","22,088,000","17,958,000","24,923,000","19,391,000","15,278,000","11,738,000","13,146,000","14,438,000","9,354,000","8,558,000","11,717,000","11,502,000","8,096,000","9,895,000","12,929,000","11,385,000","9,593,000","11,146,000","10,616,000","7,661,000","6,285,000","7,391,000","40,908,000","3,941,000","-912,000","1,035,000","3,547,000","1,195,000","3,315,000","3,786,000","4,893,000","5,992,000","706,000","-1,344,000","-50,236,000","-8,553,000","-10,381,000","-9,596,000","-12,695,000","3,000,000","2,517,000","9,962,000","14,843,000","11,253,000","7,532,000","7,936,000","9,317,000","13,157,000","7,700,000","14,570,000","15,378,000","17,580,000","14,366,000","19,544,000","18,990,000","17,704,000","15,880,000","18,067,000","11,968,000","9,329,000","12,309,000","16,278,000","16,419,000","18,094,000","9,448,000","10,710,000","15,530,000","12,444,000","6,184,000","8,546,000","7,910,000","16,257,000","11,851,000","12,400,000","10,100,000","14,600,000","10,000,000","9,600,000","7,400,000","7,300,000","4,400,000","5,300,000","3,800,000","3,700,000","-3,700,000","19,200,000","1,800,000","5,400,000","2,200,000","3,000,000","1,500,000","6,600,000","12,100,000","7,600,000","5,000,000","7,300,000","1,300,000","-16,700,000","3,200,000","4,600,000","400,000","1,100,000","-6,900,000","2,200,000","-4,100,000","-1,800,000","-10,200,000","-2,200,000","-8,900,000","-8,000,000","-3,800,000","-4,000,000","-5,300,000","-4,600,000","-11,300,000","300,000",,,,,,,,,,,,,,,
	NetIncome,"392,112,000","117,222,000","91,175,000","99,630,000","84,085,000","71,295,000","69,068,000","57,423,000","42,459,000","-12,353,000","17,268,000","14,068,000","31,868,000","36,171,000","21,598,000","22,161,000","29,790,000","32,521,000","22,088,000","17,958,000","24,923,000","19,391,000","15,278,000","11,738,000","13,146,000","14,438,000","9,354,000","8,558,000","11,717,000","11,502,000","8,096,000","9,895,000","12,929,000","11,385,000","9,593,000","11,146,000","10,616,000","7,661,000","6,285,000","7,391,000","40,908,000","3,941,000","-912,000","1,035,000","3,547,000","1,195,000","3,315,000","3,786,000","4,893,000","5,992,000","706,000","-1,344,000","-50,236,000","-8,553,000","-10,381,000","-9,596,000","-12,695,000","3,000,000","2,517,000","9,962,000","14,843,000","11,253,000","7,532,000","7,936,000","9,317,000","13,157,000","7,700,000","14,570,000","15,378,000","17,580,000","14,366,000","19,544,000","18,990,000","17,704,000","15,880,000","18,067,000","11,968,000","9,329,000","12,309,000","16,278,000","16,419,000","18,094,000","9,448,000","10,710,000","15,530,000","12,444,000","6,184,000","8,546,000","7,910,000","16,257,000","11,851,000","12,400,000","10,100,000","14,600,000","10,000,000","9,600,000","7,400,000","7,300,000","4,400,000","5,300,000","3,800,000","3,700,000","-3,700,000","19,200,000","1,800,000","5,400,000","2,200,000","3,000,000","1,500,000","6,600,000","12,100,000","7,600,000","5,000,000","7,300,000","1,300,000","-16,700,000","3,200,000","4,600,000","400,000","1,100,000","-6,900,000","2,200,000","-4,100,000","-1,800,000","-10,200,000","-2,200,000","-8,900,000","-8,000,000","-3,800,000","-4,000,000","-5,300,000","-4,600,000","-11,300,000","300,000",,,,,,,,,,,,,,,
		NetIncomeIncludingNoncontrollingInterests,"392,112,000","117,222,000","91,175,000","99,630,000","84,085,000","71,295,000","69,068,000","57,423,000","42,459,000","-12,353,000","17,268,000","14,068,000","31,868,000","36,171,000","21,598,000","22,161,000","29,790,000","32,521,000","22,088,000","17,958,000","24,923,000","19,391,000","15,278,000","11,738,000","13,146,000","14,438,000","9,354,000","8,558,000","11,717,000","11,502,000","8,096,000","9,895,000","12,929,000","11,385,000","9,593,000","11,146,000","10,616,000","7,661,000","6,285,000","7,391,000","40,908,000","3,941,000","-912,000","1,035,000","3,547,000","1,195,000","3,315,000","3,786,000","4,893,000","5,992,000","706,000","-1,344,000","-50,236,000","-8,553,000","-10,381,000","-9,596,000","-12,695,000","3,000,000","2,517,000","9,962,000","14,843,000","11,253,000","7,532,000","7,936,000","9,317,000","13,157,000","7,700,000","14,570,000","15,378,000","17,580,000","14,366,000","19,544,000","18,990,000","17,704,000","15,880,000","18,067,000","11,968,000","9,329,000","12,309,000","16,278,000","16,419,000","18,094,000","9,448,000","10,710,000","15,530,000","12,444,000","6,184,000","8,546,000","7,910,000","16,257,000","11,851,000","12,400,000","10,100,000","14,600,000","10,000,000","9,600,000","7,400,000","7,300,000","4,400,000","5,300,000","3,800,000","3,700,000","-3,700,000","19,200,000","1,800,000","5,400,000","2,200,000","3,000,000","1,600,000","6,600,000","12,000,000","7,700,000","5,100,000","7,300,000","1,300,000","-16,700,000","3,100,000","4,500,000","200,000","1,000,000","-7,200,000","2,000,000","-4,400,000","-2,200,000","-10,300,000","-2,500,000","-9,100,000","-8,200,000","-5,500,000","-4,200,000","-5,500,000","-4,600,000","-11,300,000","300,000","2,600,000","3,700,000","-1,500,000","4,900,000","1,300,000","-1,900,000","4,900,000","5,900,000","6,300,000","2,800,000","5,800,000","6,900,000","6,300,000","700,000","-900,000"
			NetIncomeContinuousOperations,"392,112,000","117,222,000","91,175,000","99,630,000","84,085,000","71,295,000","69,068,000","57,423,000","42,459,000","-12,353,000","17,268,000","14,068,000","31,868,000","36,171,000","21,598,000","22,161,000","29,790,000","32,521,000","22,088,000","17,958,000","24,923,000","19,391,000","15,278,000","11,738,000","13,146,000","14,438,000","9,354,000","8,558,000","11,717,000","11,502,000","8,096,000","9,895,000","12,929,000","11,385,000","9,593,000","11,146,000","10,616,000","7,661,000","6,285,000","7,391,000","40,908,000","3,941,000","-912,000","1,035,000","3,547,000","1,195,000","3,315,000","3,786,000","4,893,000","5,992,000","706,000","-1,344,000","-50,236,000","-8,553,000","-10,381,000","-9,596,000","-12,695,000","3,000,000","2,517,000","9,962,000","14,843,000","11,253,000","7,532,000","7,936,000","9,317,000","13,157,000","7,700,000","14,570,000","15,378,000","17,580,000","14,366,000","19,544,000","18,990,000","17,704,000","15,880,000","18,067,000","11,968,000","8,995,000","12,309,000","16,278,000","16,419,000","18,094,000","9,448,000","10,710,000","15,530,000","12,444,000","6,184,000","9,596,000","7,910,000","16,257,000","11,851,000","12,400,000","10,100,000","14,600,000","10,000,000","9,600,000","7,400,000","7,300,000","4,400,000","5,300,000","3,800,000","3,700,000","-3,700,000","2,700,000","3,800,000","5,400,000","2,200,000","3,000,000","1,500,000","6,600,000","12,100,000","7,600,000","5,000,000","7,300,000","1,300,000","3,700,000","3,200,000","4,600,000","400,000","1,100,000","1,300,000","2,800,000","-4,100,000","-1,800,000","2,900,000","-2,200,000","-8,900,000","-8,000,000","-3,800,000","-4,000,000","-5,300,000","-4,600,000","-11,300,000","300,000","2,600,000","3,700,000","-1,500,000","4,900,000","1,300,000","-1,900,000","4,900,000","5,900,000","6,300,000","2,800,000","5,800,000","6,900,000","6,300,000","700,000","-900,000"
			NetIncomeDiscontinuousOperations,,,,,,,,,,,,,,,,,,,,,,,,,,,,,,,,,,,,,,,,,,,,,,,,,,,,,,,,,,,,,,,,,,,,,,,,,,,,,"0","334,000",,,,,,,,,,,,,,,,,,,,,,,"0",,,"16,500,000",,,,,,,,,,,,,,,,,"-400,000","-600,000",,,,,,,,,,,,,,,,,,,,,,,,,,,
			NetIncomeExtraordinary,,,,,,,,,,,,,,,,,,,,,,,,,,,,,,,,,,,,,,,,,,,,,,,,,,,,,,,,,,,,,,,,,,,,,,,,,,,,,,,,,,,,,"0",,,"-1,050,000",,,,,,,,,,,,,,,,,,,,,,,,,"0",,,"-20,400,000",,,,,,,,,,,,,,,,,,,,,,,,,,,,,,,,,
		MinorityInterests,,,,,,,,,,,,,,,,,,,,,,,,,,,,,,,,,,,,,,,,,,,,,,,,,,,,,,,,,,,,,,,,,,,,,,,,,,,,,,,,,,,,,,,,,,,,,,,,,,,,,,,,,,,,,,,"100,000","-100,000","-100,000",,,,"100,000","100,000","200,000","100,000","300,000","200,000","300,000","400,000","100,000","300,000","200,000","200,000","1,700,000","200,000","200,000",,,,,,,,,,,,,,,,,,
DilutedNIAvailtoComStockholders,"392,112,000","117,222,000","91,175,000","99,630,000","84,085,000","71,295,000","69,068,000","57,423,000","42,459,000","-12,353,000","17,268,000","14,068,000","31,868,000","36,171,000","21,598,000","22,161,000","29,790,000","32,521,000","22,088,000","17,958,000","24,923,000","19,391,000","15,278,000","11,738,000","13,146,000","14,438,000","9,354,000","8,558,000","11,717,000","11,502,000","8,096,000","9,895,000","12,929,000","11,385,000","9,593,000","11,146,000","10,616,000","7,661,000","6,285,000","7,391,000","40,908,000","3,941,000","-912,000","1,035,000","3,547,000","1,195,000","3,315,000","3,786,000","4,893,000","5,992,000","706,000","-1,344,000","-50,236,000","-8,553,000","-10,381,000","-9,596,000","-12,695,000","3,000,000","2,517,000","9,962,000","14,843,000","11,253,000","7,532,000","7,936,000","9,317,000","13,157,000","7,700,000","14,570,000","15,378,000","17,580,000","14,366,000","19,544,000","18,990,000","17,704,000","15,880,000","18,067,000","11,968,000","9,329,000","12,309,000","16,278,000","16,419,000","18,094,000","9,448,000","10,710,000","15,530,000","12,444,000","6,184,000","8,546,000","7,910,000","16,257,000","11,851,000","12,400,000","10,100,000","14,600,000","10,000,000","9,600,000","7,400,000","7,300,000","4,400,000","5,300,000","3,800,000","3,700,000","-3,700,000","19,200,000","1,800,000","5,400,000","2,200,000","3,000,000","1,500,000","6,600,000","12,100,000","7,600,000","5,000,000","7,300,000","1,300,000","-16,700,000","3,200,000","4,600,000","400,000","1,100,000","-6,900,000","2,200,000","-4,100,000","-1,800,000","-10,200,000","-2,200,000","-8,900,000","-8,000,000","-3,800,000","-4,000,000","-5,300,000","-4,600,000","-11,300,000","300,000",,,,,,,,,,,,,,,
BasicEPS,,"3.62","2.75","2.99","2.52","2.12","2.06","1.71","1.26","-0.37","0.51","0.44","1.01","1.15","0.68","0.7","0.94","1.03","0.7","0.57","0.79","0.61","0.48","0.42","0.49","0.54","0.35","0.32","0.43","0.43","0.3","0.37",,"0.42","0.35","0.4","1.41","0.27","0.22","0.26",,"0.13","-0.03","0.04",,"0.04","0.11","0.13",,"0.21","0.02","-0.05",,"-0.29","-0.36","-0.33",,"0.1","0.09","0.34",,"0.36","0.24","0.25",,"0.41","0.23","0.44",,"0.53","0.43","0.58",,"0.52","0.47","0.51",,"0.255","0.33","0.435",,"0.465","0.23","0.26",,"0.305","0.15","0.2",,"0.38","0.27","0.28",,"0.33","0.225","0.215",,"0.155","0.09","0.105",,"0.075","-0.075","0.38",,"0.105","0.045","0.06",,"0.13","0.24","0.15",,"0.145","0.025","-0.33",,"0.09","0.01","0.02",,"0.045","-0.085","-0.035",,"-0.045","-0.18","-0.16",,"-0.085","-0.105","-0.095",,"0.01","0.05","0.075",,"0.1","0.025","-0.04",,"0.115","0.125","0.055",,"0.13","0.125","0.015",
DilutedEPS,,"3.57","2.69","2.9","2.45","2.05","2.04","1.7","1.25","-0.37","0.51","0.44","1.01","1.14","0.68","0.7","0.94","1.02","0.69","0.57","0.79","0.61","0.48","0.42","0.49","0.53","0.35","0.32","0.43","0.43","0.3","0.37",,"0.42","0.35","0.4","1.41","0.27","0.22","0.26",,"0.13","-0.03","0.04",,"0.04","0.11","0.13",,"0.21","0.02","-0.05",,"-0.29","-0.36","-0.33",,"0.1","0.09","0.34",,"0.35","0.24","0.25",,"0.4","0.23","0.44",,"0.52","0.42","0.57",,"0.51","0.46","0.505",,"0.25","0.32","0.425",,"0.45","0.225","0.255",,"0.3","0.15","0.2",,"0.37","0.27","0.275",,"0.325","0.225","0.215",,"0.155","0.09","0.105",,"0.075","-0.075","0.38",,"0.105","0.045","0.06",,"0.13","0.24","0.15",,"0.145","0.025","-0.33",,"0.09","0.01","0.02",,"0.045","-0.085","-0.035",,"-0.045","-0.18","-0.16",,"-0.085","-0.105","-0.095",,"0.01","0.05","0.075",,"0.1","0.025","-0.04",,"0.115","0.125","0.055",,"0.13","0.125","0.015",
BasicAverageShares,,"32,389,000","33,098,000","33,322,000","33,418,000","33,552,000","33,533,000","33,609,000","33,641,000","33,625,000","33,614,000","32,067,000","31,507,000","31,493,000","31,577,000","31,567,000","31,532,000","31,582,000","31,654,000","31,614,000","31,591,000","31,587,000","31,577,000","27,836,000","26,896,000","26,892,000","26,936,000","26,976,000","26,937,000","26,932,000","26,924,000","26,969,000",,"27,209,000","27,595,000","27,851,000","29,065,000","27,987,000","28,084,000","28,301,000",,"29,225,000","29,151,000","29,138,000",,"29,124,000","29,118,000","29,112,000",,"29,098,000","29,080,000","29,073,000",,"29,045,000","29,037,000","29,027,000",,"29,013,000","28,964,000","29,352,000",,"31,524,000","31,459,000","31,249,000",,"32,195,000","32,806,000","32,934,000",,"33,289,000","33,672,000","33,606,000",,"33,963,000","33,928,000","35,298,000",,"36,514,000","37,550,000","37,438,000",,"39,104,000","41,520,000","41,348,000",,"41,132,000","41,152,000","42,202,000",,"43,062,000","43,530,000","44,228,000",,"44,242,424","44,444,444","44,651,163",,"47,096,774","48,888,889","50,476,190",,"49,333,333","49,333,333","50,526,316",,"51,428,571","48,888,889","50,000,000",,"50,769,231","50,416,667","50,666,667",,"50,344,828","52,000,000","50,606,061",,"51,111,111","40,000,000","55,000,000",,"48,888,889","48,235,294","51,428,571",,"48,888,889","49,444,444","50,000,000",,"47,058,824","50,476,190","48,421,053",,"69,398,000","49,306,000","50,200,000",,"50,200,000","50,200,000","51,344,000",,"51,260,000","51,260,000","51,460,000",,"51,172,000","51,172,000","51,060,000",
DilutedAverageShares,,"32,855,000","33,934,000","34,378,000","34,364,000","34,772,000","33,910,000","33,839,000","33,929,000","33,625,000","33,918,000","32,267,000","31,696,000","31,644,000","31,724,000","31,814,000","31,755,000","31,753,000","31,854,000","31,772,000","31,718,000","31,691,000","31,686,000","27,969,000","27,036,000","27,004,000","27,015,000","27,067,000","27,056,000","27,030,000","27,018,000","27,078,000",,"27,319,000","27,724,000","27,971,000","29,094,000","28,087,000","28,191,000","28,361,000",,"29,263,000","29,248,000","29,212,000",,"29,152,000","29,120,000","29,115,000",,"29,107,000","29,091,000","29,086,000",,"29,056,000","29,046,000","29,039,000",,"29,048,000","29,034,000","29,440,000",,"31,761,000","31,764,000","31,587,000",,"32,496,000","33,147,000","33,221,000",,"33,747,000","34,254,000","34,178,000",,"34,525,000","34,545,000","35,846,000",,"37,098,000","38,224,000","38,214,000",,"39,990,000","42,430,000","42,206,000",,"41,770,000","41,764,000","42,560,000",,"43,696,000","44,268,000","45,062,000",,"44,923,077","44,444,444","44,651,163",,"47,096,774","48,888,889","50,476,190",,"49,333,333","49,333,333","50,526,316",,"51,428,571","48,888,889","50,000,000",,"50,769,231","50,416,667","50,666,667",,"50,344,828","52,000,000","50,606,061",,"51,111,111","40,000,000","55,000,000",,"48,888,889","48,235,294","51,428,571",,"48,888,889","49,444,444","50,000,000",,"47,058,824","50,476,190","48,421,053",,"69,398,000","49,306,000","50,200,000",,"50,200,000","50,200,000","51,344,000",,"51,260,000","51,260,000","51,460,000",,"51,172,000","51,172,000","51,060,000",
TotalOperatingIncomeAsReported,"579,849,000","176,717,000","136,767,000","146,370,000","119,995,000","102,436,000","99,975,000","85,015,000","68,398,000","-8,173,000","29,644,000","23,894,000","44,765,000","48,974,000","28,903,000","32,625,000","45,688,000","48,277,000","35,251,000","31,176,000","43,471,000","34,860,000","28,376,000","18,399,000","18,886,000","20,593,000","13,503,000","12,759,000","16,911,000","16,118,000","11,948,000","14,442,000","18,278,000","15,589,000","14,036,000","16,006,000","15,332,000","10,248,000","8,872,000","9,946,000","6,536,000","3,527,000","-1,164,000","627,000","1,766,000","538,000","4,050,000","4,925,000","4,951,000","3,404,000","-1,858,000","-5,977,000","-9,232,000","-14,782,000","-18,611,000","-16,890,000","-18,890,000","-6,903,000","2,454,000","13,584,000","20,727,000","14,659,000","9,360,000","10,140,000","12,745,000","18,380,000","10,531,000","21,442,000","23,048,000","26,355,000","21,692,000","29,953,000","29,027,000","28,076,000","24,529,000","29,166,000","18,402,000","14,243,000","20,120,000","25,990,000","25,183,000","27,289,000","13,414,000","15,311,000","-30,766,000","16,226,000","8,550,000","13,380,000","11,878,000","23,713,000","17,003,000","18,100,000","13,800,000","21,600,000","14,500,000","14,100,000","9,600,000","10,200,000","5,700,000","7,400,000","-2,300,000","5,500,000","-3,300,000","3,900,000","4,900,000","7,700,000","3,300,000","4,700,000","-200,000","6,100,000","5,100,000","7,900,000","3,900,000","8,300,000","1,400,000","3,800,000","3,400,000","4,500,000","-700,000","900,000","1,200,000","2,700,000","-4,200,000","-2,600,000","3,800,000","-3,000,000","-11,100,000","-11,600,000","-2,900,000","-6,400,000","-10,900,000","-5,500,000","-16,100,000","500,000",,,,,,,,,,,,,,,
TotalExpenses,"4,234,853,000","1,281,421,000","1,027,964,000","1,009,370,000","916,098,000","858,301,000","739,911,000","708,116,000","669,409,000","410,631,000","597,166,000","564,564,000","485,631,000","479,966,000","403,787,000","461,023,000","489,173,000","513,184,000","433,108,000","418,795,000","411,247,000","441,054,000","353,654,000","234,260,000","244,368,000","251,484,000","212,169,000","201,464,000","234,138,000","249,930,000","222,595,000","209,961,000","227,657,000","232,158,000","215,404,000","206,664,000","198,914,000","207,951,000","168,294,000","183,580,000","155,947,000","152,182,000","132,764,000","131,210,000","128,780,000","135,030,000","102,543,000","118,786,000","118,174,000","131,409,000","112,387,000","86,994,000","67,842,000","65,630,000","50,419,000","86,288,000","104,161,000","146,639,000","161,749,000","201,558,000","216,954,000","217,033,000","189,654,000","191,625,000","192,666,000","201,932,000","195,894,000","210,813,000","208,413,000","228,667,000","217,667,000","236,180,000","253,975,000","282,110,000","241,504,000","225,767,000","207,292,000","185,968,000","166,608,000","208,099,000","195,727,000","219,347,000","170,755,000","163,802,000","214,405,000","178,907,000","132,136,000","150,787,000","150,613,000","187,424,000","170,141,000","164,500,000","150,600,000","169,900,000","139,600,000","143,600,000","120,400,000","140,300,000","113,000,000","118,500,000","102,200,000","111,700,000","109,000,000","110,000,000","92,800,000","143,800,000","110,300,000","117,300,000","113,500,000","119,000,000","110,300,000","122,900,000","115,000,000","121,400,000","97,600,000","100,800,000","103,900,000","111,400,000","78,200,000","82,500,000","84,800,000","86,200,000","64,200,000","62,800,000","67,900,000","73,200,000","51,100,000","52,300,000","88,800,000","96,100,000","91,500,000","84,400,000","105,600,000","112,400,000",,,,,,,,,,,,,,,
NetIncomeFromContinuingAndDiscontinuedOperation,"392,112,000","117,222,000","91,175,000","99,630,000","84,085,000","71,295,000","69,068,000","57,423,000","42,459,000","-12,353,000","17,268,000","14,068,000","31,868,000","36,171,000","21,598,000","22,161,000","29,790,000","32,521,000","22,088,000","17,958,000","24,923,000","19,391,000","15,278,000","11,738,000","13,146,000","14,438,000","9,354,000","8,558,000","11,717,000","11,502,000","8,096,000","9,895,000","12,929,000","11,385,000","9,593,000","11,146,000","10,616,000","7,661,000","6,285,000","7,391,000","40,908,000","3,941,000","-912,000","1,035,000","3,547,000","1,195,000","3,315,000","3,786,000","4,893,000","5,992,000","706,000","-1,344,000","-50,236,000","-8,553,000","-10,381,000","-9,596,000","-12,695,000","3,000,000","2,517,000","9,962,000","14,843,000","11,253,000","7,532,000","7,936,000","9,317,000","13,157,000","7,700,000","14,570,000","15,378,000","17,580,000","14,366,000","19,544,000","18,990,000","17,704,000","15,880,000","18,067,000","11,968,000","9,329,000","12,309,000","16,278,000","16,419,000","18,094,000","9,448,000","10,710,000","15,530,000","12,444,000","6,184,000","9,596,000","7,910,000","16,257,000","11,851,000","12,400,000","10,100,000","14,600,000","10,000,000","9,600,000","7,400,000","7,300,000","4,400,000","5,300,000","3,800,000","3,700,000","-3,700,000","19,200,000","1,800,000","5,400,000","2,200,000","3,000,000","1,500,000","6,600,000","12,100,000","7,600,000","5,000,000","7,300,000","1,300,000","3,700,000","3,200,000","4,600,000","400,000","1,100,000","900,000","2,200,000","-4,100,000","-1,800,000","-10,200,000","-2,200,000","-8,900,000","-8,000,000","-3,800,000","-4,000,000","-5,300,000","-4,600,000","-11,300,000","300,000",,,,,,,,,,,,,,,
NormalizedIncome,"392,112,000","117,222,000","91,175,000","99,630,000","84,085,000","71,295,000","69,068,000","57,423,000","42,459,000","-12,353,000","17,268,000","14,068,000","31,868,000","36,171,000","21,598,000","22,161,000","30,740,386.585","33,109,800","22,088,000","17,991,850","25,064,497.318","19,685,300","7,686,320","6,768,724","13,146,000","14,438,000","9,354,000","8,558,000","11,715,620.799","11,831,868","8,096,000","9,895,000","12,921,932.656","11,385,000","9,160,877","11,146,000","10,654,883.903","7,661,000","6,285,000","6,980,855.492","41,296,050","3,679,700","-833,255.887","867,950","3,476,800","1,145,600","3,070,848.582","3,672,651.172","4,893,000","5,992,000","706,000","-1,344,000","-50,236,000","-8,553,000","-10,381,000","-9,596,000","-12,695,000","3,000,000","2,517,000","9,962,000","14,843,000","11,253,000","7,532,000","7,936,000","10,672,391.035","12,214,650.975","6,845,816.8","13,969,323.019","15,378,000","17,086,624.133","13,954,917.917","19,226,900.253","19,235,169.259","17,476,179.734","15,698,876.35","17,881,235.264","11,714,634.894","8,805,813.802","12,121,039.546","16,165,420.504","16,094,339.535","17,738,438.21","8,846,535.809","10,120,398.074","14,621,259.295","11,840,773.502","5,594,455.613","8,946,727.057","7,324,782.1","15,706,577.616","11,252,096.996","11,935,828.877","9,542,758.621","14,141,704.036","9,605,263.158","9,205,479.452","6,825,242.718","6,708,108.108","3,858,461.538","4,902,500","2,780,000","3,444,827.586","-4,120,000","2,442,857.143","3,800,000","5,400,000","2,133,333.333","3,000,000","1,740,000","6,240,000","11,560,000","7,600,000","4,640,000","7,840,000","1,360,000","3,760,000","3,200,000","4,600,000","460,000","1,040,000","1,000,000","2,620,000","-4,040,000","-2,100,000","2,513,333.333","-2,800,000","-7,886,991.87","-7,409,836.066","-898,181.818","-3,580,000","-5,180,000","-2,920,000","-10,107,222.222","375,000",,,,,,,,,,,,,,,
InterestIncome,,,,,,,,,,,,,,,,,,,,,,,,,,,,,,,,,,,,,,,,,,,,"257,000",,,,,"131,000","158,000","364,000",,"86,000","209,000","633,000",,,,,,,,,,,,,,,,,,,,,,,,,,,,,,,,,,,,,,,,,,,,,,,,,,,,,,,,,,,,,,,,,,,,,,,,,,,,,,,,,,,,,,,,,,,,,,
InterestExpense,"41,221,000","10,511,000","10,325,000","10,242,000","10,143,000","10,229,000","10,052,000","9,941,000","14,321,000","8,440,000","8,651,000","6,049,000","4,646,000","4,446,000","4,346,000","4,501,000","4,375,000","4,172,000","4,918,000","4,781,000","5,266,000","5,265,000","5,178,000","1,128,000",,,,,,,,,,,,,,,,,,,,,,,,"476,000",,,,,,,,,,,,,,,,,,,,,,,,,,,,,,,,,,,,,,,,,,,,,,,,,,,,,,,,,,,,,,,,,,,,,,,,,,,,,,,,,,,,,,,,,,,,,,,,,,,,,
NetInterestIncome,"-41,221,000","-10,511,000","-10,325,000","-10,242,000","-10,143,000","-10,229,000","-10,052,000","-9,941,000","-14,321,000","-8,440,000","-8,651,000","-6,049,000","-4,646,000","-4,446,000","-4,346,000","-4,501,000","-4,375,000","-4,172,000","-4,918,000","-4,781,000","-5,266,000","-5,265,000","-5,178,000","-1,128,000",,,,,,,,,,,,,,,,,,,,"257,000",,,,"-476,000","-1,826,000","158,000","364,000","-233,000","86,000","209,000","633,000",,,,,,,,,,,,,,,,,,,,,,,,,,,,,,,,,,,,,,,,,,,,,,,,,,,,,,,,,,,,,,,,,,,,,,,,,,,,,,,,,,,,,,,,,,,,,,
EBIT,"555,411,000","165,059,000","130,260,000","140,013,000","120,079,000","102,529,000","100,286,000","84,921,000","68,912,000","-8,099,000","29,914,000","24,010,000","45,016,000","49,334,000","29,110,000","33,388,000","45,970,000","48,377,000","35,240,000","31,299,000","43,664,000","34,914,000","28,372,000","18,486,000","18,886,000","20,593,000","13,503,000","12,759,000","18,246,000","16,580,000","11,948,000","14,442,000","21,288,000","15,589,000","13,407,000","16,006,000","17,640,000","10,248,000","8,872,000","9,974,000","8,912,000","3,527,000","-1,164,000","627,000","1,766,000","538,000","4,050,000","5,553,000","7,130,000","3,404,000","-1,858,000","-5,977,000","-8,377,000","-14,782,000","-18,611,000","-16,890,000","-18,890,000","-6,903,000","2,454,000","13,584,000","20,727,000","14,659,000","9,360,000","10,140,000","12,745,000","18,380,000","10,531,000","21,442,000","23,048,000","26,355,000","21,692,000","29,953,000","29,027,000","28,076,000","24,529,000","29,166,000","18,402,000","14,243,000","20,120,000","25,990,000","25,183,000","27,289,000","13,414,000","15,311,000","-36,274,000","18,098,000","10,395,000","13,380,000","11,878,000","23,713,000","17,003,000","18,100,000","13,800,000","21,600,000","14,500,000","14,100,000","9,600,000","10,200,000","5,700,000","7,400,000","-2,300,000","5,500,000","-3,300,000","3,900,000","4,900,000","7,700,000","3,300,000","4,700,000","-200,000","6,100,000","5,100,000","7,900,000","3,900,000","8,300,000","1,400,000","3,800,000","3,400,000","4,500,000","-700,000","900,000","1,200,000","2,700,000","-4,200,000","-2,600,000","3,800,000","-3,000,000","-11,100,000","-11,600,000","-2,900,000","-6,400,000","-10,900,000","-5,500,000","-16,100,000","500,000","107,100,000","128,000,000","-325,500,000","132,800,000","94,000,000","104,200,000","-279,400,000","106,400,000","97,000,000","96,200,000","-269,800,000","110,700,000","87,000,000","81,600,000","-306,100,000"
EBITDA,"604,960,000"
ReconciledCostOfRevenue,"3,886,828,000","1,178,910,000","942,693,000","921,022,000","844,203,000","786,208,000","678,905,000","651,967,000","611,155,000","366,300,000","542,894,000","506,259,000","443,314,000","438,836,000","363,162,000","419,483,000","449,188,000","474,396,000","398,500,000","385,060,000","379,326,000","403,700,000","319,346,000","214,853,000","231,386,000","241,820,000","200,396,000","188,974,000","222,996,000","238,327,000","210,285,000","200,017,000","217,226,000","221,266,000","205,966,000","196,708,000","188,750,000","197,002,000","159,975,000","172,807,000","146,266,000","143,638,000","124,754,000","123,341,000","122,018,000","126,865,000","95,269,000","112,512,000","111,921,000","125,058,000","105,745,000","80,493,000","61,240,000","59,133,000","43,600,000","78,292,000","90,932,000","137,112,000","152,034,000","189,502,000","205,089,000","205,436,000","180,049,000","180,381,000","180,070,000","192,236,000","186,105,000","201,091,000","199,002,000","219,828,000","207,305,000","226,069,000","241,346,000","264,167,000","231,004,000","215,468,000","196,902,000","177,065,000","159,590,000","198,275,000","185,797,000","209,381,000","160,117,000","153,570,000","156,770,000","167,147,000","123,520,000","139,893,000","146,540,000","172,681,000","154,708,000","150,200,000","136,100,000","156,400,000","128,400,000","131,400,000","108,000,000","128,300,000","103,000,000","106,100,000","89,100,000","99,400,000","93,400,000","97,100,000","86,200,000","126,100,000","94,900,000","100,300,000","96,800,000","103,100,000","96,000,000","108,500,000","99,500,000","106,600,000","83,100,000","86,500,000","88,300,000","98,700,000","65,700,000","70,100,000","72,700,000","75,200,000","54,100,000","52,300,000","59,000,000","61,000,000","39,200,000","39,000,000","74,200,000","81,500,000","73,800,000","70,000,000","88,200,000","97,300,000",,,,,,,,,,,,,,,
ReconciledDepreciation,"49,549,000","14,280,000","13,476,000","13,478,000","8,315,000","8,507,000","7,990,000","7,750,000","7,733,000","11,060,000","12,108,000","7,200,000","6,325,000","5,798,000","5,366,000","5,828,000","6,577,000","4,284,000","4,131,000","4,185,000","4,110,000","12,019,000","12,215,000","3,631,000","1,502,000","1,480,000","1,393,000","1,370,000","1,229,000","1,159,000","1,064,000","1,061,000","1,035,000","996,000","982,000","984,000","1,574,000","1,012,000","1,031,000","1,147,000","1,086,000","1,196,000","1,279,000","1,311,000","1,299,000","1,348,000","1,415,000","1,430,000","1,490,000","1,554,000","1,612,000","1,684,000","1,819,000","1,869,000","2,009,000","2,137,000","2,324,000","2,404,000","2,466,000","2,713,000","2,553,000","2,611,000","2,677,000","2,654,000","2,646,000","2,661,000","2,666,000","2,662,000","2,565,000","2,503,000","2,487,000","2,444,000","2,455,000","2,414,000","2,389,000","2,370,000","2,391,000","2,378,000","2,056,000","1,961,000","1,973,000","1,945,000","1,913,000","2,048,000","1,872,000","1,872,000","1,845,000","1,791,000","1,796,000","1,682,000","1,644,000","1,500,000","1,500,000","1,400,000","1,400,000","1,400,000","1,500,000","1,300,000","1,400,000","1,400,000","1,100,000","1,600,000","2,100,000","1,700,000","2,500,000","2,400,000","2,300,000","2,500,000","2,700,000","2,200,000","2,000,000","2,000,000","2,000,000","2,000,000","1,900,000","1,900,000","2,200,000","1,900,000","2,000,000","1,900,000","2,000,000","2,100,000","2,000,000","2,100,000","2,900,000","2,600,000","2,700,000","2,900,000","3,300,000","3,100,000","4,000,000","2,900,000","3,000,000","2,900,000",,,,,,,,,,,,,,,
NetIncomeFromContinuingOperationNetMinorityInterest,"392,112,000","117,222,000","91,175,000","99,630,000","84,085,000","71,295,000","69,068,000","57,423,000","42,459,000","-12,353,000","17,268,000","14,068,000","31,868,000","36,171,000","21,598,000","22,161,000","29,790,000","32,521,000","22,088,000","17,958,000","24,923,000","19,391,000","15,278,000","11,738,000","13,146,000","14,438,000","9,354,000","8,558,000","11,717,000","11,502,000","8,096,000","9,895,000","12,929,000","11,385,000","9,593,000","11,146,000","10,616,000","7,661,000","6,285,000","7,391,000","40,908,000","3,941,000","-912,000","1,035,000","3,547,000","1,195,000","3,315,000","3,786,000","4,893,000","5,992,000","706,000","-1,344,000","-50,236,000","-8,553,000","-10,381,000","-9,596,000","-12,695,000","3,000,000","2,517,000","9,962,000","14,843,000","11,253,000","7,532,000","7,936,000","9,317,000","13,157,000","7,700,000","14,570,000","15,378,000","17,580,000","14,366,000","19,544,000","18,990,000","17,704,000","15,880,000","18,067,000","11,968,000","8,995,000","12,309,000","16,278,000","16,419,000","18,094,000","9,448,000","10,710,000","15,530,000","12,444,000","6,184,000","9,596,000","7,910,000","16,257,000","11,851,000","12,400,000","10,100,000","14,600,000","10,000,000","9,600,000","7,400,000","7,300,000","4,400,000","5,300,000","3,800,000","3,700,000","-3,700,000","2,700,000","3,800,000","5,400,000","2,200,000","3,000,000","1,500,000","6,600,000","12,100,000","7,600,000","5,000,000","7,300,000","1,300,000","3,700,000","3,200,000","4,600,000","400,000","1,100,000","1,300,000","2,800,000","-4,100,000","-1,800,000","2,900,000","-2,200,000","-8,900,000","-8,000,000","-3,800,000","-4,000,000","-5,300,000","-4,600,000","-11,300,000","300,000",,,,,,,,,,,,,,,
TotalUnusualItemsExcludingGoodwill,,,,,,,,,,,,,,,,,"-1,327,000","-800,000",,"-50,000","-218,000","-450,000","11,520,000","7,351,000","0","0",,,"2,000","-462,000","0",,"10,000","0","629,000","0","-56,000","0","0","586,000","-597,000","402,000","-110,000","257,000","108,000","76,000","322,000","152,000",,,,,,,,,,,,,,,,,"-2,064,000","1,418,000","1,314,000","922,000",,"761,000","639,000","494,000","-381,000","366,000","283,000","303,000","398,000","306,000","312,000","181,000","508,000","547,000","912,000","892,000","960,000","922,000","901,000","971,000","949,000","831,000","905,000","700,000","800,000","700,000","600,000","600,000","800,000","900,000","800,000","600,000","1,700,000","400,000","700,000","400,000",,,"100,000",,"-400,000","600,000","900,000",,"600,000","-900,000","-100,000","-100,000",,,"-100,000","100,000","300,000","300,000","-100,000","500,000","600,000","1,000,000","-1,400,000","-900,000","-4,200,000","-700,000","-200,000","-2,800,000","-1,900,000","-100,000",,,,,,,,,,,,,,,
TotalUnusualItems,,,,,,,,,,,,,,,,,"-1,327,000","-800,000",,"-50,000","-218,000","-450,000","11,520,000","7,351,000","0","0",,,"2,000","-462,000","0",,"10,000","0","629,000","0","-56,000","0","0","586,000","-597,000","402,000","-110,000","257,000","108,000","76,000","322,000","152,000",,,,,,,,,,,,,,,,,"-2,064,000","1,418,000","1,314,000","922,000",,"761,000","639,000","494,000","-381,000","366,000","283,000","303,000","398,000","306,000","312,000","181,000","508,000","547,000","912,000","892,000","960,000","922,000","901,000","971,000","949,000","831,000","905,000","700,000","800,000","700,000","600,000","600,000","800,000","900,000","800,000","600,000","1,700,000","400,000","700,000","400,000",,,"100,000",,"-400,000","600,000","900,000",,"600,000","-900,000","-100,000","-100,000",,,"-100,000","100,000","300,000","300,000","-100,000","500,000","600,000","1,000,000","-1,400,000","-900,000","-4,200,000","-700,000","-200,000","-2,800,000","-1,900,000","-100,000",,,,,,,,,,,,,,,
NormalizedEBITDA,"604,960,000","179,339,000","143,736,000","153,491,000","128,394,000","111,036,000","108,276,000","92,671,000","76,645,000","2,961,000","42,022,000","31,210,000","51,341,000","55,132,000","34,476,000","39,216,000","53,874,000","53,461,000","39,371,000","35,534,000","47,992,000","47,383,000","29,067,000","14,766,000","20,388,000","22,073,000","14,896,000","14,129,000","19,473,000","18,201,000","13,012,000","15,503,000","22,313,000","16,585,000","13,760,000","16,990,000","19,270,000","11,260,000","9,903,000","10,535,000","10,595,000","4,321,000","225,000","1,681,000","2,957,000","1,810,000","5,143,000","6,831,000","8,620,000","4,958,000","-246,000","-4,293,000","-6,558,000","-12,913,000","-16,602,000","-14,753,000","-16,566,000","-4,499,000","4,920,000","16,297,000","23,280,000","17,270,000","12,037,000","12,794,000","17,455,000","19,623,000","11,883,000","23,182,000","25,613,000","28,097,000","23,540,000","31,903,000","31,863,000","30,124,000","26,635,000","31,233,000","20,395,000","16,315,000","21,864,000","27,770,000","26,648,000","28,687,000","14,415,000","16,467,000","-35,362,000","19,048,000","11,339,000","14,200,000","12,725,000","24,564,000","17,742,000","18,900,000","14,500,000","22,300,000","15,300,000","14,900,000","10,300,000","10,600,000","6,300,000","8,200,000","-2,900,000","6,700,000","-1,900,000","5,200,000","7,400,000","10,100,000","5,500,000","7,200,000","2,900,000","7,700,000","6,200,000","9,900,000","5,300,000","11,200,000","3,400,000","5,800,000","5,600,000","6,400,000","1,400,000","2,700,000","2,900,000","4,500,000","-2,100,000","-1,000,000","6,100,000","-1,300,000","-6,900,000","-7,800,000","4,600,000","-2,400,000","-6,700,000","200,000","-11,200,000","3,500,000","107,100,000","128,000,000","-325,500,000","132,800,000","94,000,000","104,200,000","-279,400,000","106,400,000","97,000,000","96,200,000","-269,800,000","110,700,000","87,000,000","81,600,000","-306,100,000"
TaxRateForCalcs,"0.237","0.242","0.24","0.232","0.235","0.228","0.235","0.234","0.222","0.253","0.188","0.217","0.211","0.194","0.128","0.233","0.284","0.264","0.272","0.323","0.351","0.346","0.341","0.324","0.313","0.302","0.306","0.336","0.31","0.286","0.324","0.315","0.293","0.303","0.313","0.308","0.306","0.263","0.29","0.3","0.35","0.35","0.284","0.35","0.35","0.35","0.242","0.254","0.35","0.35","0.35","0.35","0.35","0.35","0.35","0.35","0.299","0.35","0.318","0.328","0.334","0.316","0.313","0.322","0.343","0.335","0.35","0.349","0.354","0.352","0.357","0.358","0.357","0.378","0.36","0.387","0.363","0.382","0.398","0.378","0.361","0.35","0.341","0.339","0.053","0.346","0.346","0.331","0.383","0.338","0.338","0.337","0.303","0.345","0.342","0.342","0.282","0.342","0.323","0.338","0.4","0.362","0.4","0.357","0.269","0.299","0.333","0.375","0.4","0.4","0.4","0.4","0.4","0.4","0.4","0.4","0","0.4","0.4","0.4","0","0.4","0.4","0.4","0.356","0.4","0.276","0.344","0.309","0.4","0.4","0.4","0.372","0.25",,,,,,,,,,,,,,,
TaxEffectOfUnusualItems,"0","0","0","0","0","0","0","0","0","0","0","0","0","0","0","0","-376,613.415","-211,200","0","-16,150","-76,502.682","-155,700","3,928,320","2,381,724","0","0","0","0","620.799","-132,132","0","0","2,932.656","0","196,877","0","-17,116.097","0","0","175,855.492","-208,950","140,700","-31,255.887","89,950","37,800","26,600","77,848.582","38,651.172","0","0","0","0","0","0","0","0","0","0","0","0","0","0","0","0","-708,608.965","475,650.975","459,816.8","321,323.019","0","267,624.133","227,917.917","176,900.253","-135,830.741","138,179.734","101,876.35","117,235.264","144,634.894","116,813.802","124,039.546","68,420.504","183,339.535","191,438.21","310,535.809","302,398.074","51,259.295","318,773.502","311,455.613","321,727.057","363,782.1","280,577.616","306,096.996","235,828.877","242,758.621","241,704.036","205,263.158","205,479.452","225,242.718","308,108.108","258,461.538","202,500","680,000","144,827.586","280,000","142,857.143","0","0","33,333.333","0","-160,000","240,000","360,000","0","240,000","-360,000","-40,000","-40,000","0","0","-40,000","40,000","0","120,000","-40,000","200,000","213,333.333","400,000","-386,991.87","-309,836.066","-1,298,181.818","-280,000","-80,000","-1,120,000","-707,222.222","-25,000",,,,,,,,,,,,,,,