name,ttm,03/31/2022,12/31/2021,09/30/2021,06/30/2021,03/31/2021,12/31/2020,09/30/2020,06/30/2020,03/31/2020,12/31/2019,09/30/2019,06/30/2019,03/31/2019,12/31/2018,09/30/2018,06/30/2018,03/31/2018,12/31/2017,09/30/2017,06/30/2017,03/31/2017,12/31/2016,09/30/2016,06/30/2016,03/31/2016,12/31/2015,09/30/2015,06/30/2015,03/31/2015,12/31/2014,09/30/2014,06/30/2014,03/31/2014,12/31/2013,09/30/2013,06/30/2013,03/31/2013,12/31/2012,09/30/2012,06/30/2012,03/31/2012,12/31/2011,09/30/2011,06/30/2011,03/31/2011,12/31/2010,09/30/2010,06/30/2010,03/31/2010,12/31/2009,09/30/2009,06/30/2009,03/31/2009,12/31/2008,09/30/2008,06/30/2008,03/31/2008,12/31/2007,09/30/2007,06/30/2007,03/31/2007,12/31/2006,09/30/2006,06/30/2006,03/31/2006,12/31/2005,09/30/2005,06/30/2005,03/31/2005,12/31/2004,09/30/2004,06/30/2004,06/30/2003
TotalRevenue,"13,477,000,000","4,056,000,000","3,507,000,000","3,055,000,000","2,859,000,000","2,357,000,000","1,965,000,000","1,898,000,000","1,709,000,000","1,932,000,000","1,883,000,000","2,066,000,000","2,144,000,000","2,025,000,000","1,995,000,000","2,255,000,000","2,235,000,000","2,150,000,000","2,010,334,000","2,108,889,000","1,979,161,000","1,942,616,000","1,735,180,000","1,279,028,000","1,086,061,000","975,187,000","986,766,000","1,188,037,000","1,185,002,000","1,103,531,000","1,135,871,000","1,253,227,000","998,576,000","1,027,676,000","951,625,000","1,004,165,000","939,047,000","864,647,000","801,041,000","821,175,000","913,958,000","1,034,867,000","859,175,000","968,372,000","925,049,000","867,252,000","795,387,000","779,677,000","818,389,000","778,334,000","630,036,000","632,571,000","574,865,000","488,251,000","597,108,000","1,073,735,000","1,106,449,000","915,061,000","850,552,000","840,160,000","782,664,000","718,802,000","523,903,000","672,417,000","669,267,000","618,779,000","636,439,000","605,391,000","580,659,000","618,616,000","563,069,000","572,031,000","425,127,000","349,279,000"
	OperatingRevenue,"13,477,000,000","4,056,000,000","3,507,000,000","3,055,000,000","2,859,000,000","2,357,000,000","1,965,000,000","1,898,000,000","1,709,000,000","1,932,000,000","1,883,000,000","2,066,000,000","2,144,000,000","2,025,000,000","1,995,000,000","2,255,000,000","2,235,000,000","2,150,000,000","2,010,334,000","2,108,889,000","1,979,161,000","1,942,616,000","1,735,180,000","1,279,028,000","1,086,061,000","975,187,000","986,766,000","1,188,037,000","1,185,002,000","1,103,531,000","1,135,871,000","1,253,227,000","998,576,000","1,027,676,000","951,625,000","1,004,165,000","939,047,000","864,647,000","801,041,000","821,175,000","913,958,000","1,034,867,000","859,175,000","968,372,000","925,049,000","867,252,000","795,387,000","779,677,000","818,389,000","778,334,000","630,036,000","632,571,000","574,865,000","488,251,000","597,108,000","1,073,735,000","1,106,449,000","915,061,000","850,552,000","840,160,000","782,664,000","718,802,000","523,903,000","672,417,000","669,267,000","618,779,000","636,439,000","605,391,000","580,659,000","618,616,000","563,069,000","572,031,000","425,127,000","349,279,000"
CostOfRevenue,"9,206,000,000","2,771,000,000","2,411,000,000","2,037,000,000","1,987,000,000","1,848,000,000","1,642,000,000","1,650,000,000","1,540,000,000","1,649,000,000","1,633,000,000","1,695,000,000","1,804,000,000","1,726,000,000","1,641,000,000","1,716,000,000","1,683,000,000","1,608,000,000","1,512,363,000","1,610,837,000","1,573,327,000","1,575,473,000","1,453,702,000","1,076,895,000","844,695,000","719,602,000","750,578,000","876,761,000","831,821,000","818,985,000","773,022,000","891,707,000","692,605,000","740,666,000","655,954,000","699,694,000","665,560,000","636,838,000","610,793,000","648,996,000","712,062,000","862,230,000","781,915,000","821,305,000","757,954,000","699,668,000","631,263,000","644,822,000","692,365,000","720,654,000","583,172,000","560,033,000","519,203,000","468,187,000","732,691,000","1,001,948,000","1,009,989,000","878,357,000","807,532,000","754,100,000","698,233,000","660,913,000","492,866,000","563,241,000","544,055,000","487,721,000","501,335,000","516,127,000","481,179,000","498,833,000","464,731,000","487,520,000","364,959,000",
GrossProfit,"4,271,000,000","1,285,000,000","1,096,000,000","1,018,000,000","872,000,000","509,000,000","323,000,000","248,000,000","169,000,000","283,000,000","250,000,000","371,000,000","340,000,000","299,000,000","354,000,000","539,000,000","552,000,000","542,000,000","497,971,000","498,052,000","405,834,000","367,143,000","281,478,000","202,133,000","241,366,000","255,585,000","236,188,000","311,276,000","353,181,000","284,546,000","362,849,000","361,520,000","305,971,000","287,010,000","295,671,000","304,471,000","273,487,000","227,809,000","190,248,000","172,179,000","201,896,000","172,637,000","77,260,000","147,067,000","167,095,000","167,584,000","164,124,000","134,855,000","126,024,000","57,680,000","46,864,000","72,538,000","55,662,000","20,064,000","-135,583,000","71,787,000","96,460,000","36,704,000","43,020,000","86,060,000","84,431,000","57,889,000","31,037,000","109,176,000","125,212,000","131,058,000","135,104,000","89,264,000","99,480,000","119,783,000","98,338,000","84,511,000","60,168,000",
OperatingExpense,"753,000,000","242,000,000","208,000,000","151,000,000","152,000,000","163,000,000","145,000,000","135,000,000","131,000,000","147,000,000","143,000,000","137,000,000","144,000,000","143,000,000","134,000,000","138,000,000","140,000,000","134,000,000","127,081,000","125,642,000","130,626,000","123,651,000","115,679,000","72,729,000","61,428,000","53,309,000","55,043,000","57,248,000","57,807,000","55,266,000","60,462,000","54,759,000","39,183,000","38,955,000","38,979,000","37,869,000","38,260,000","33,754,000","34,681,000","29,662,000","30,918,000","27,012,000","26,801,000","29,736,000","28,726,000","26,947,000","27,072,000","27,509,000","26,487,000","23,251,000","23,902,000","23,515,000","19,487,000","20,967,000","30,180,000","22,999,000","22,884,000","22,845,000","22,999,000","26,335,000","22,152,000","25,223,000","22,529,000","22,165,000","18,359,000","20,179,000","22,604,000","19,202,000","16,717,000","18,075,000","16,938,000","15,571,000","13,755,000",
	SellingGeneralAndAdministration,"615,000,000","200,000,000","168,000,000","122,000,000","125,000,000","136,000,000","117,000,000","108,000,000","104,000,000","120,000,000","115,000,000","110,000,000","117,000,000","116,000,000","108,000,000","114,000,000","115,000,000","108,000,000","19,081,000","125,642,000","130,626,000","123,651,000","115,679,000","72,729,000","61,428,000","53,309,000","55,043,000","57,248,000","57,807,000","55,266,000","60,462,000","54,759,000","39,183,000","38,955,000","38,091,000","37,869,000","38,260,000","33,754,000","34,017,000","29,662,000","30,918,000","27,012,000","26,801,000","29,736,000","28,726,000","26,947,000","27,072,000","27,509,000","26,487,000","23,251,000","23,902,000","23,515,000","19,487,000","20,967,000","30,180,000","22,999,000","22,884,000","22,845,000","22,999,000","26,305,000","22,152,000","25,223,000","22,529,000","22,165,000","18,359,000","20,179,000","22,604,000","19,202,000","16,717,000","18,075,000","18,987,000","15,055,000","13,098,000",
	DepreciationAmortizationDepletionIncomeStatement,"138,000,000","42,000,000","40,000,000","29,000,000","27,000,000","27,000,000","28,000,000","27,000,000","27,000,000","27,000,000","28,000,000","27,000,000","27,000,000","27,000,000","26,000,000","24,000,000","25,000,000","26,000,000","26,000,000",,,,,,,,,,,,,,,,,,,,,,,,,,,,,,,,,,,,,,,,,,,,,,,,,,,,,,,
		DepreciationAndAmortizationInIncomeStatement,"138,000,000","42,000,000","40,000,000","29,000,000","27,000,000","27,000,000","28,000,000","27,000,000","27,000,000","27,000,000","28,000,000","27,000,000","27,000,000","27,000,000","26,000,000","24,000,000","25,000,000","26,000,000","26,000,000",,,,,,,,,,,,,,,,,,,,,,,,,,,,,,,,,,,,,,,,,,,,,,,,,,,,,,,
			Amortization,"138,000,000","42,000,000","40,000,000","29,000,000","27,000,000","27,000,000","28,000,000","27,000,000","27,000,000","27,000,000","28,000,000","27,000,000","27,000,000","27,000,000","26,000,000","24,000,000","25,000,000","26,000,000","26,000,000",,,,,,,,,,,,,,,,,,,,,,,,,,,,,,,,,,,,,,,,,,,,,,,,,,,,,,,
				AmortizationOfIntangiblesIncomeStatement,"138,000,000","42,000,000","40,000,000","29,000,000","27,000,000","27,000,000","28,000,000","27,000,000","27,000,000","27,000,000","28,000,000","27,000,000","27,000,000","27,000,000","26,000,000","24,000,000","25,000,000","26,000,000","26,000,000",,,,,,,,,,,,,,,,,,,,,,,,,,,,,,,,,,,,,,,,,,,,,,,,,,,,,,,
	OtherOperatingExpenses,,,,,,,,,,,,,,,,,,,,,,,,,,,,,,,,,,,,,,,,,,,,,,,,,,,,,,,,,,,,"30,000",,,,,,,,,,,"-2,049,000","516,000","657,000",
OperatingIncome,"3,518,000,000","1,043,000,000","888,000,000","867,000,000","720,000,000","346,000,000","178,000,000","113,000,000","38,000,000","136,000,000","107,000,000","234,000,000","196,000,000","156,000,000","220,000,000","401,000,000","412,000,000","408,000,000","370,890,000","372,410,000","275,208,000","243,492,000","165,799,000","129,404,000","179,938,000","202,276,000","181,145,000","254,028,000","295,374,000","229,280,000","302,387,000","306,761,000","266,788,000","248,055,000","256,692,000","266,602,000","235,227,000","194,055,000","155,567,000","142,517,000","170,978,000","145,625,000","50,459,000","117,331,000","138,369,000","140,637,000","137,052,000","107,346,000","99,537,000","34,429,000","22,962,000","49,023,000","36,175,000","-903,000","-165,763,000","48,788,000","73,576,000","13,859,000","20,021,000","59,725,000","62,279,000","32,666,000","8,508,000","87,011,000","106,853,000","110,879,000","112,500,000","70,062,000","82,763,000","101,708,000","81,400,000","68,940,000","46,413,000","349,279,000"
NetNonOperatingInterestIncomeExpense,"-189,000,000","-46,000,000","-46,000,000","-61,000,000","-36,000,000","-33,000,000","-34,000,000","-37,000,000","-40,000,000","-31,000,000","-51,000,000","-23,000,000","-28,000,000","-30,000,000","-30,000,000","-28,000,000","-31,000,000","-37,000,000","-41,794,000","-39,392,000","-38,972,000","-39,776,000","-40,985,000","-23,829,000","-2,831,000","-6,685,000","-5,245,000","-6,580,000","-8,092,000","-9,591,000","-5,702,000","-9,486,000","-9,539,000","-9,157,000","-75,000","-3,297,000","-5,343,000","-6,281,000","-3,357,000","-11,934,000","-11,571,000","-12,177,000","-9,678,000","-12,727,000","-12,802,000","-12,920,000","-9,791,000","-11,002,000","-8,784,000","-8,788,000","-7,971,000","-8,772,000","-8,795,000","-8,596,000",,,,,,,,,,,,,,,,,,,,
	InterestIncomeNonOperating,,,,,,,,,,,,"8,000,000",,,,,,,,"644,000",,,"1,522,000","537,000","3,084,000",,"2,651,000","1,631,000","866,000",,,,,,,,,,,,,,,,,,,,,,,,,,,,,,,,,,,,,,,,,,,,,
	InterestExpenseNonOperating,"189,000,000","46,000,000","46,000,000","61,000,000","36,000,000","33,000,000","34,000,000","37,000,000","40,000,000","31,000,000","35,000,000","31,000,000","28,000,000","30,000,000","30,000,000","28,000,000","31,000,000","37,000,000","40,216,000","40,036,000","38,972,000","39,776,000","42,507,000","24,366,000","5,915,000","6,685,000","7,896,000","8,211,000","8,958,000","9,591,000","9,170,000","9,486,000","9,539,000","9,157,000","3,161,000","3,297,000","5,343,000","6,281,000","7,367,000","11,934,000","11,571,000","12,177,000","12,543,000","12,727,000","12,802,000","12,920,000","11,301,000","11,002,000","8,784,000","8,788,000","8,794,000","8,772,000","8,795,000","8,596,000",,,,,,,,,,,,,,,,,,,,
OtherIncomeExpense,,,"3,000,000","7,000,000","10,000,000","12,000,000","12,000,000","-22,000,000","7,000,000","11,000,000","17,000,000","5,000,000",,"-13,000,000","-14,000,000","18,000,000",,"15,000,000","-4,064,000","-5,249,000","-8,630,000","-3,123,000","-10,337,000","-42,113,000","5,097,000","2,645,000","1,829,000","1,005,000","21,192,000","9,096,000","-10,629,000","-2,670,000","4,601,000","2,509,000","1,455,000","-287,000","-95,000","3,519,000","-3,502,000","-5,383,000","17,059,000","1,347,000","-1,533,000","1,457,000","1,632,000","1,207,000","1,425,000","622,000","-180,000","1,094,000","394,000","1,456,000","1,303,000","2,477,000","-4,959,000","1,267,000","2,199,000","2,408,000","451,000","305,000","-292,000","991,000","-7,061,000","3,268,000","3,055,000","-23,519,000","2,336,000","888,000","-1,281,000","69,000","3,135,000","-13,400,000","-1,335,000",
	GainOnSaleOfSecurity,,,,,,,,,,,,,,,,,,,,"-3,070,000",,,"2,236,000","2,908,000","5,512,000",,"922,000","-731,000","4,652,000",,,,,,,,,,"0","477,000","15,952,000",,,,,,,,,,,,,,,,,,,,,,,,,,,,,,,,,
	EarningsFromEquityInterest,,,,,,,,,,,,"7,000,000",,,,,,,,"3,855,000",,,"3,613,000","49,080,000","988,000",,"964,000","664,000","-350,000",,,,,,,,,,,,,,,,,,,,,,,,,,,,,,,,,,,,,,,,,,,,,
	SpecialIncomeCharges,"-32,000,000","-11,000,000","-15,000,000","-6,000,000","0",,"0","-34,000,000","-2,000,000","0","-10,000,000","-3,000,000","-2,000,000","-22,000,000","-13,000,000","-5,000,000","-8,000,000","-7,000,000","-6,051,000","-6,663,000","-8,092,000","-8,194,000","-13,355,000","-94,261,000","0",,"0","0","15,505,000",,,,,,"0","0",,,"-3,676,000","-5,860,000","1,107,000","1,347,000","-4,423,000","1,457,000","1,632,000","1,207,000","-787,000","622,000","-180,000","1,094,000","-3,424,000","1,456,000","1,303,000","2,477,000","-5,580,000","1,267,000","2,199,000","2,408,000","-2,345,000","305,000","-292,000","991,000","-8,827,000","3,268,000","3,055,000","-23,519,000","2,336,000","888,000","-1,281,000","69,000","3,135,000","-13,400,000","-1,335,000",
		RestructuringAndMergernAcquisition,"32,000,000","11,000,000","15,000,000","6,000,000","0",,"0","34,000,000","2,000,000","0","5,000,000","8,000,000","2,000,000","22,000,000","13,000,000","5,000,000","8,000,000","7,000,000","6,051,000","6,663,000","8,092,000","8,194,000","13,355,000","94,261,000","0",,"0","0","-20,430,000",,,,,,,,,,,,,,,,,,,,,,,,,,,,,,,,,,,,,,,,,,,,,
		WriteOff,,,,,,,,,,,,,,,,,,,,,,,"0","0","0",,"0","0","4,925,000",,,,,,,,,,,,,,,,,,,,,,,,,,,,,,,,,,,,,,,,,,,,,
		OtherSpecialCharges,,,,,,,,,,,,"-5,000,000",,,,,,,,,,,,,,,,,,,,,,,,,,,,,,,,,,,,,,,,,,,,,,,,,,,,,,,,,,,,,,
	OtherNonOperatingIncomeExpenses,"52,000,000","11,000,000","18,000,000","13,000,000","10,000,000","12,000,000","12,000,000","12,000,000","9,000,000","11,000,000","39,000,000","1,000,000","2,000,000","9,000,000","-1,000,000","23,000,000","8,000,000","22,000,000","3,820,000","629,000","-538,000","5,071,000","-2,831,000","160,000","-1,403,000","2,645,000","-57,000","1,072,000","1,385,000","9,096,000","-2,383,000","-2,670,000","4,601,000","2,509,000","-3,459,000","-287,000","-95,000","3,519,000","-156,000",,,,,,,,,,,,,,,,,,,,,,,,,,,,,,,,,,,
PretaxIncome,"3,349,000,000","997,000,000","845,000,000","813,000,000","694,000,000","325,000,000","156,000,000","54,000,000","5,000,000","116,000,000","73,000,000","216,000,000","168,000,000","113,000,000","176,000,000","391,000,000","381,000,000","386,000,000","325,032,000","327,769,000","227,606,000","200,593,000","114,477,000","63,462,000","182,204,000","198,236,000","177,729,000","248,453,000","308,474,000","228,785,000","286,056,000","294,605,000","261,850,000","241,407,000","258,072,000","263,018,000","229,789,000","191,293,000","148,708,000","125,200,000","176,466,000","134,795,000","39,248,000","106,061,000","127,199,000","128,924,000","128,686,000","96,966,000","90,573,000","26,735,000","15,385,000","41,707,000","28,683,000","-7,022,000","-174,211,000","41,962,000","66,488,000","7,739,000","16,033,000","55,368,000","57,492,000","30,064,000","8,358,000","86,847,000","106,010,000","81,334,000","108,986,000","65,116,000","75,603,000","95,623,000","75,397,000","45,912,000","34,677,000",
TaxProvision,"768,000,000","233,000,000","184,000,000","193,000,000","158,000,000","72,000,000","33,000,000","-15,000,000","-19,000,000","-41,000,000","-12,000,000","50,000,000","39,000,000","31,000,000","45,000,000","73,000,000","93,000,000","89,000,000","-490,690,000","108,619,000","68,188,000","55,883,000","9,188,000","-6,552,000","66,584,000","69,300,000","61,572,000","60,033,000","98,413,000","78,378,000","98,671,000","124,449,000","92,407,000","83,375,000","87,100,000","92,728,000","83,973,000","67,946,000","53,431,000","38,236,000","60,965,000","46,982,000","12,805,000","38,131,000","46,150,000","45,380,000","44,613,000","34,235,000","33,631,000","9,088,000","2,932,000","11,941,000","11,832,000","-947,000","-64,644,000","14,598,000","19,215,000","2,352,000","-2,793,000","17,027,000","19,602,000","10,392,000","-6,039,000","25,191,000","38,841,000","29,997,000","35,364,000","21,590,000","27,077,000","34,480,000","28,071,000","17,595,000","12,137,000",
NetIncomeCommonStockholders,"2,516,000,000","752,000,000","641,000,000","604,000,000","520,000,000","241,000,000","113,000,000","57,000,000","14,000,000","145,000,000","74,000,000","157,000,000","118,000,000","71,000,000","122,000,000","307,000,000","276,000,000","285,000,000","797,781,000","209,715,000","152,008,000","137,496,000","98,508,000","65,368,000","110,620,000","122,579,000","108,797,000","183,409,000","204,842,000","146,142,000","182,888,000","167,404,000","169,083,000","157,648,000","170,101,000","169,703,000","145,304,000","122,779,000","93,117,000","86,964,000","115,501,000","87,813,000","26,443,000","67,930,000","81,049,000","83,544,000","84,073,000","62,731,000","56,942,000","17,647,000","12,453,000","29,766,000","16,851,000","-6,075,000","-109,567,000","27,364,000","47,273,000","5,387,000","18,826,000","38,341,000","37,890,000","19,672,000","14,397,000","61,656,000","67,169,000","51,337,000","73,622,000","43,526,000","48,526,000","61,143,000","47,326,000","28,317,000","22,540,000","6,727,000"
	NetIncome,"2,529,000,000","756,000,000","644,000,000","607,000,000","522,000,000","242,000,000","113,000,000","57,000,000","15,000,000","145,000,000","72,000,000","158,000,000","119,000,000","72,000,000","123,000,000","308,000,000","278,000,000","287,000,000","802,151,000","210,832,000","152,827,000","138,190,000","98,945,000","65,662,000","111,124,000","123,128,000","110,969,000","183,604,000","205,095,000","146,342,000","183,291,000","167,757,000","169,443,000","158,032,000","170,972,000","170,290,000","145,816,000","123,347,000","95,277,000","86,964,000","115,501,000","87,813,000","26,443,000","67,930,000","81,049,000","83,544,000","84,073,000","62,731,000","56,942,000","17,647,000","12,453,000","29,766,000","16,851,000","-6,075,000","-109,567,000","27,364,000","47,273,000","5,387,000","18,826,000","38,341,000","37,890,000","19,672,000","14,397,000","61,656,000","67,169,000","51,337,000","73,622,000","43,526,000","48,526,000","61,143,000","47,326,000","28,317,000","22,540,000","6,727,000"
		NetIncomeIncludingNoncontrollingInterests,"2,581,000,000","764,000,000","661,000,000","620,000,000","536,000,000","253,000,000","123,000,000","69,000,000","24,000,000","157,000,000","85,000,000","166,000,000","129,000,000","82,000,000","131,000,000","318,000,000","288,000,000","297,000,000","815,722,000","219,150,000","159,418,000","144,710,000","105,289,000","70,014,000","115,620,000","128,936,000","116,157,000","188,420,000","210,061,000","150,407,000","187,385,000","170,156,000","169,443,000","158,032,000","170,972,000","170,290,000","145,816,000","123,347,000","95,277,000","86,964,000","115,501,000","87,813,000","26,443,000","67,930,000","81,049,000","83,544,000","84,073,000","62,731,000","56,942,000","17,647,000","12,453,000","29,766,000","16,851,000","-6,075,000","-109,567,000","27,364,000","47,273,000","5,387,000","18,826,000","38,341,000","37,890,000","19,672,000","14,397,000","61,656,000","67,169,000","51,337,000","73,622,000","43,526,000","48,526,000","61,143,000","47,326,000","28,317,000","22,540,000","6,727,000"
			NetIncomeContinuousOperations,"2,581,000,000","764,000,000","661,000,000","620,000,000","536,000,000","253,000,000","123,000,000","69,000,000","24,000,000","157,000,000","85,000,000","166,000,000","129,000,000","82,000,000","131,000,000","318,000,000","288,000,000","297,000,000","815,722,000","219,150,000","159,418,000","144,710,000","105,289,000","70,014,000","115,620,000","128,936,000","116,157,000","188,420,000","210,061,000","150,407,000","187,385,000","170,156,000","169,443,000","158,032,000","170,972,000","170,290,000","145,816,000","123,347,000","95,277,000","86,964,000","115,501,000","87,813,000","26,443,000","67,930,000","81,049,000","83,544,000","84,073,000","62,731,000","56,942,000","17,647,000","12,453,000","29,766,000","16,851,000","-6,075,000","-109,567,000","27,364,000","47,273,000","5,387,000","18,826,000","38,341,000","37,890,000","19,672,000","14,397,000","61,656,000","67,169,000","51,337,000","73,622,000","43,526,000","48,526,000","61,143,000","47,326,000","28,317,000","22,540,000","6,727,000"
		MinorityInterests,"-52,000,000","-8,000,000","-17,000,000","-13,000,000","-14,000,000","-11,000,000","-10,000,000","-12,000,000","-9,000,000","-12,000,000","-13,000,000","-8,000,000","-10,000,000","-10,000,000","-8,000,000","-10,000,000","-10,000,000","-10,000,000","-13,571,000","-8,318,000","-6,591,000","-6,520,000","-6,344,000","-4,352,000","-4,496,000","-5,808,000","-5,188,000","-4,816,000","-4,966,000","-4,065,000","-4,094,000","-2,399,000",,,,,,,,,,,,,,,,,,,,,,,,,,,,,,,,,,,,,,,,,,
	OtherunderPreferredStockDividend,"13,000,000","4,000,000","3,000,000","3,000,000","2,000,000","1,000,000","0","0","1,000,000","0",,"1,000,000","1,000,000","1,000,000","1,000,000","1,000,000","2,000,000","2,000,000","4,370,000","1,117,000","819,000","694,000","437,000","294,000","504,000","549,000","2,172,000","195,000","253,000","200,000","403,000","353,000","360,000","384,000","871,000","587,000","512,000","568,000",,,,,,,,,,,,,,,,,,,,,,,,,,,,,,,,,,,,
DilutedNIAvailtoComStockholders,"2,516,000,000","752,000,000","641,000,000","604,000,000","520,000,000","241,000,000","113,000,000","57,000,000","14,000,000","145,000,000","74,000,000","157,000,000","118,000,000","71,000,000","122,000,000","307,000,000","276,000,000","285,000,000","797,781,000","209,715,000","152,008,000","137,496,000","98,508,000","65,368,000","110,620,000","122,579,000","108,797,000","183,409,000","204,842,000","146,142,000","182,888,000","167,404,000","169,083,000","157,648,000","170,101,000","169,703,000","145,304,000","122,779,000","93,117,000","86,964,000","115,501,000","87,813,000","26,443,000","67,930,000","81,049,000","83,544,000","84,073,000","62,731,000","56,942,000","17,647,000","12,453,000","29,766,000","16,851,000","-6,075,000","-109,567,000","27,364,000","47,273,000","5,387,000","18,826,000","38,341,000","37,890,000","19,672,000","14,397,000","61,656,000","67,169,000","51,337,000","73,622,000","43,526,000","48,526,000","61,143,000","47,326,000","28,317,000","22,540,000","6,727,000"
BasicEPS,,"5.87","5.01","4.71","4.06","1.88","0.87","0.45","0.11","1.13","0.56","1.22","0.92","0.56","0.95","2.36","2.13","2.21","6.18","1.62","1.18","1.07","0.76","0.51","0.85","0.94","0.85","1.39","1.55","1.1","1.38","1.26","1.27","1.18","1.28","1.275","1.09","0.92","0.715","0.65","0.865","0.66",,"0.51","0.61","0.63",,"0.475","0.43","0.135",,"0.225","0.13","-0.045",,"0.21","0.36","0.04",,"0.295","0.29","0.15",,"0.475","0.515","0.395",,"0.335","0.375","0.47",,"0.25","0.228","0.068"
DilutedEPS,,"5.83","4.98","4.69","4.04","1.87","0.87","0.45","0.11","1.13","0.56","1.22","0.92","0.55","0.95","2.35","2.12","2.2","6.15","1.61","1.17","1.06","0.76","0.51","0.85","0.94","0.84","1.39","1.54","1.1","1.37","1.25","1.26","1.18","1.27","1.27","1.085","0.92","0.71","0.65","0.86","0.655",,"0.505","0.605","0.625",,"0.475","0.43","0.135",,"0.225","0.13","-0.045",,"0.21","0.36","0.04",,"0.295","0.29","0.15",,"0.475","0.515","0.394",,"0.335","0.37","0.468",,"0.248","0.228","0.068"
BasicAverageShares,,"128,071,355","127,853,277","128,874,735","128,142,997","128,723,404","129,885,057","126,666,667","127,680,478","128,318,584","128,571,429","129,508,197","128,485,182","128,528,480","129,473,684","129,427,328","129,624,291","129,483,968","129,773,463","129,069,186","129,051,227","129,149,533","130,190,789","128,749,020","130,734,118","130,987,234","130,551,765","132,089,209","132,319,355","133,038,182","132,819,565","133,140,476","133,419,685","133,925,424","133,571,875","133,257,494","133,776,147","134,072,826","133,254,545","132,623,916","133,527,168","133,050,000",,"133,196,078","132,867,213","131,491,110",,"132,309,090","132,283,420","132,076,090",,"131,906,606","131,850,242","131,594,546",,"130,550,998","130,529,562","130,519,116",,"130,476,752","130,449,394","130,435,992",,"130,269,164","130,208,200","130,184,390",,"130,053,924","129,990,258","129,876,274",,"113,806,540","98,998,790","99,659,259"
DilutedAverageShares,,"128,925,099","128,674,359","129,424,307","128,877,860","129,411,765","129,885,057","126,666,667","127,823,629","128,318,584","128,571,429","129,508,197","128,850,335","128,913,921","129,473,684","130,052,292","130,306,615","130,190,892","130,406,504","129,888,968","129,786,714","130,367,925","130,190,789","128,749,020","130,734,118","130,987,234","132,105,952","132,089,209","133,178,571","133,038,182","133,789,051","134,205,600","134,478,571","133,925,424","134,623,622","133,811,108","134,392,627","134,072,826","134,192,958","133,313,520","134,303,488","134,065,649",,"134,514,851","133,965,289","132,225,716",,"132,702,718","132,579,516","132,334,306",,"132,193,996","131,965,904","131,594,546",,"130,682,300","130,593,486","130,577,780",,"130,651,336","130,649,428","130,649,034",,"130,475,648","130,471,694","130,461,544",,"130,522,764","130,406,894","130,584,340",,"114,054,686","98,998,790","99,659,259"
TotalOperatingIncomeAsReported,"3,486,000,000","1,032,000,000","873,000,000","861,000,000","720,000,000","346,000,000","178,000,000","79,000,000","36,000,000","136,000,000","102,000,000","226,000,000","194,000,000","134,000,000","207,000,000","396,000,000","404,000,000","401,000,000","365,000,000",,"267,116,000","235,298,000","152,677,000","46,563,000","179,938,000","202,276,000","181,145,000","254,028,000","295,374,000","229,280,000","302,387,000","306,761,000","266,788,000","248,055,000","257,580,000","266,602,000","235,227,000","194,055,000","156,231,000","142,517,000","170,978,000","145,625,000","50,459,000","117,331,000","138,369,000","140,637,000","137,052,000","107,346,000","99,537,000","34,429,000","22,962,000","49,023,000","36,175,000","-903,000","-165,763,000","48,788,000","73,576,000","13,859,000","20,021,000","59,755,000","62,279,000","32,666,000","8,508,000","87,011,000","106,853,000","110,879,000","112,500,000","70,062,000","82,763,000","101,708,000","81,400,000","68,940,000","46,413,000",
TotalExpenses,"9,959,000,000","3,013,000,000","2,619,000,000","2,188,000,000","2,139,000,000","2,011,000,000","1,787,000,000","1,785,000,000","1,671,000,000","1,796,000,000","1,776,000,000","1,832,000,000","1,948,000,000","1,869,000,000","1,775,000,000","1,854,000,000","1,823,000,000","1,742,000,000","1,639,444,000","1,736,479,000","1,703,953,000","1,699,124,000","1,569,381,000","1,149,624,000","906,123,000","772,911,000","805,621,000","934,009,000","889,628,000","874,251,000","833,484,000","946,466,000","731,788,000","779,621,000","694,933,000","737,563,000","703,820,000","670,592,000","645,474,000","678,658,000","742,980,000","889,242,000","808,716,000","851,041,000","786,680,000","726,615,000","658,335,000","672,331,000","718,852,000","743,905,000","607,074,000","583,548,000","538,690,000","489,154,000","762,871,000","1,024,947,000","1,032,873,000","901,202,000","830,531,000","780,435,000","720,385,000","686,136,000","515,395,000","585,406,000","562,414,000","507,900,000","523,939,000","535,329,000","497,896,000","516,908,000","481,669,000","503,091,000","378,714,000",
NetIncomeFromContinuingAndDiscontinuedOperation,"2,529,000,000","756,000,000","644,000,000","607,000,000","522,000,000","242,000,000","113,000,000","57,000,000","15,000,000","145,000,000","72,000,000","158,000,000","119,000,000","72,000,000","123,000,000","308,000,000","278,000,000","287,000,000","802,151,000","210,832,000","152,827,000","138,190,000","98,945,000","65,662,000","111,124,000","123,128,000","110,969,000","183,604,000","205,095,000","146,342,000","183,291,000","167,757,000","169,443,000","158,032,000","170,972,000","170,290,000","145,816,000","123,347,000","95,277,000","86,964,000","115,501,000","87,813,000","26,443,000","67,930,000","81,049,000","83,544,000","84,073,000","62,731,000","56,942,000","17,647,000","12,453,000","29,766,000","16,851,000","-6,075,000","-109,567,000","27,364,000","47,273,000","5,387,000","18,826,000","38,341,000","37,890,000","19,672,000","14,397,000","61,656,000","67,169,000","51,337,000","73,622,000","43,526,000","48,526,000","61,143,000","47,326,000","28,317,000","22,540,000","6,727,000"
NormalizedIncome,"2,553,661,690.057","764,426,000","655,733,727.811","611,578,000","522,000,000","242,000,000","113,000,000","81,820,000","16,460,000","145,000,000","79,300,000","160,307,000","120,536,000","87,972,000","132,676,136.364","312,065,000","284,048,000","292,397,000","800,241,800","217,343,377","158,491,400","144,097,874","109,171,581.68","147,605,641","107,623,880","123,128,000","110,366,415.425","184,158,098","191,368,083","146,342,000","183,291,000","167,757,000","169,443,000","158,032,000","170,972,000","170,290,000","145,816,000","123,347,000","97,632,207.87","90,703,035.24","104,335,497.529","86,935,488.883","29,422,957.934","66,996,819.943","80,009,117.863","82,761,852.316","84,587,161.999","62,328,604.501","57,055,163.526","16,924,882.252","15,224,470.393","28,726,862.781","16,004,050","-8,217,947.166","-106,057,555.361","26,537,771.794","45,709,509.942","3,710,827.885","20,350,250","38,129,794.882","38,082,442.079","19,023,551.623","19,693,200","59,335,922.07","65,233,321.338","66,181,897.62","72,043,990.054","42,932,427.176","49,348,213.484","61,098,880.207","45,358,189.477","36,581,675.902","23,407,748.075","6,727,000"
InterestIncome,,,,,,,,,,,,"8,000,000",,,,,,,,"644,000",,,"1,522,000","537,000","3,084,000",,"2,651,000","1,631,000","866,000",,,,,,,,,,,,,,,,,,,,,,,,,,,,,,,,,,,,,,,,,,,,,
InterestExpense,"189,000,000","46,000,000","46,000,000","61,000,000","36,000,000","33,000,000","34,000,000","37,000,000","40,000,000","31,000,000","35,000,000","31,000,000","28,000,000","30,000,000","30,000,000","28,000,000","31,000,000","37,000,000","40,216,000","40,036,000","38,972,000","39,776,000","42,507,000","24,366,000","5,915,000","6,685,000","7,896,000","8,211,000","8,958,000","9,591,000","9,170,000","9,486,000","9,539,000","9,157,000","3,161,000","3,297,000","5,343,000","6,281,000","7,367,000","11,934,000","11,571,000","12,177,000","12,543,000","12,727,000","12,802,000","12,920,000","11,301,000","11,002,000","8,784,000","8,788,000","8,794,000","8,772,000","8,795,000","8,596,000",,,,,,,,,,,,,,,,,,,,
NetInterestIncome,"-189,000,000","-46,000,000","-46,000,000","-61,000,000","-36,000,000","-33,000,000","-34,000,000","-37,000,000","-40,000,000","-31,000,000","-51,000,000","-23,000,000","-28,000,000","-30,000,000","-30,000,000","-28,000,000","-31,000,000","-37,000,000","-41,794,000","-39,392,000","-38,972,000","-39,776,000","-40,985,000","-23,829,000","-2,831,000","-6,685,000","-5,245,000","-6,580,000","-8,092,000","-9,591,000","-5,702,000","-9,486,000","-9,539,000","-9,157,000","-75,000","-3,297,000","-5,343,000","-6,281,000","-3,357,000","-11,934,000","-11,571,000","-12,177,000","-9,678,000","-12,727,000","-12,802,000","-12,920,000","-9,791,000","-11,002,000","-8,784,000","-8,788,000","-7,971,000","-8,772,000","-8,795,000","-8,596,000",,,,,,,,,,,,,,,,,,,,
EBIT,"3,538,000,000","1,043,000,000","891,000,000","874,000,000","730,000,000","358,000,000","190,000,000","91,000,000","45,000,000","147,000,000","108,000,000","247,000,000","196,000,000","143,000,000","206,000,000","419,000,000","412,000,000","423,000,000","365,248,000","367,805,000","266,578,000","240,369,000","156,984,000","87,828,000","188,119,000","204,921,000","185,625,000","256,664,000","317,432,000","238,376,000","295,226,000","304,091,000","271,389,000","250,564,000","261,233,000","266,315,000","235,132,000","197,574,000","156,075,000","137,134,000","188,037,000","146,972,000","51,791,000","118,788,000","140,001,000","141,844,000","139,987,000","107,968,000","99,357,000","35,523,000","24,179,000","50,479,000","37,478,000","1,574,000","-160,288,000","48,788,000","73,576,000","13,859,000","20,021,000","59,725,000","62,279,000","32,666,000","8,508,000","87,011,000","106,853,000","110,879,000","112,500,000","70,062,000","82,763,000","101,708,000","81,400,000","68,940,000","46,413,000","349,279,000"
EBITDA,"4,440,000,000"
ReconciledCostOfRevenue,"8,442,000,000","2,556,000,000","2,211,000,000","1,863,000,000","1,812,000,000","1,680,000,000","1,474,000,000","1,481,000,000","1,376,000,000","1,486,000,000","1,473,000,000","1,544,000,000","1,655,000,000","1,582,000,000","1,499,000,000","1,579,000,000","1,552,000,000","1,478,000,000","1,512,363,000","1,610,837,000","1,573,327,000","1,575,473,000","1,453,702,000","1,076,895,000","844,695,000","719,602,000","750,578,000","876,761,000","831,821,000","818,985,000","773,022,000","891,707,000","692,605,000","740,666,000","655,954,000","699,694,000","665,560,000","636,838,000","610,793,000","648,996,000","712,062,000","862,230,000","781,915,000","821,305,000","757,954,000","699,668,000","631,263,000","644,822,000","692,365,000","720,654,000","583,172,000","560,033,000","519,203,000","468,187,000","732,691,000","1,001,948,000","1,009,989,000","878,357,000","807,532,000","754,100,000","698,233,000","660,913,000","492,866,000","563,241,000","544,055,000","487,721,000","501,335,000","516,127,000","481,179,000","498,833,000","464,731,000","487,520,000","364,959,000",
ReconciledDepreciation,"902,000,000","257,000,000","240,000,000","203,000,000","202,000,000","195,000,000","196,000,000","196,000,000","191,000,000","190,000,000","188,000,000","178,000,000","176,000,000","171,000,000","168,000,000","161,000,000","156,000,000","156,000,000","152,467,000","153,634,000","144,630,000","150,269,000","150,473,000","94,229,000","67,250,000","65,714,000","65,528,000","61,248,000","60,340,000","58,641,000","60,092,000","53,920,000","48,502,000","45,972,000","41,514,000","40,728,000","40,210,000","35,356,000","34,940,000","38,424,000","35,783,000","35,394,000","33,153,000","32,861,000","32,805,000","32,578,000","32,410,000","32,201,000","32,093,000","32,028,000","31,889,000","31,409,000","30,914,000","28,987,000","30,399,000","27,711,000","27,815,000","26,001,000","26,282,000","26,898,000","26,550,000","24,544,000","24,477,000","21,267,000","20,606,000","20,762,000","20,948,000","19,462,000","20,817,000","21,470,000","18,662,000","21,666,000",,
NetIncomeFromContinuingOperationNetMinorityInterest,"2,529,000,000","756,000,000","644,000,000","607,000,000","522,000,000","242,000,000","113,000,000","57,000,000","15,000,000","145,000,000","72,000,000","158,000,000","119,000,000","72,000,000","123,000,000","308,000,000","278,000,000","287,000,000","802,151,000","210,832,000","152,827,000","138,190,000","98,945,000","65,662,000","111,124,000","123,128,000","110,969,000","183,604,000","205,095,000","146,342,000","183,291,000","167,757,000","169,443,000","158,032,000","170,972,000","170,290,000","145,816,000","123,347,000","95,277,000","86,964,000","115,501,000","87,813,000","26,443,000","67,930,000","81,049,000","83,544,000","84,073,000","62,731,000","56,942,000","17,647,000","12,453,000","29,766,000","16,851,000","-6,075,000","-109,567,000","27,364,000","47,273,000","5,387,000","18,826,000","38,341,000","37,890,000","19,672,000","14,397,000","61,656,000","67,169,000","51,337,000","73,622,000","43,526,000","48,526,000","61,143,000","47,326,000","28,317,000","22,540,000","6,727,000"
TotalUnusualItemsExcludingGoodwill,"-32,000,000","-11,000,000","-15,000,000","-6,000,000","0",,"0","-34,000,000","-2,000,000","0","-10,000,000","-3,000,000","-2,000,000","-22,000,000","-13,000,000","-5,000,000","-8,000,000","-7,000,000","3,182,000","-9,733,000","-8,092,000","-8,194,000","-11,119,000","-91,353,000","5,512,000",,"922,000","-731,000","20,157,000",,,,,,"0","0",,,"-3,676,000","-5,383,000","17,059,000","1,347,000","-4,423,000","1,457,000","1,632,000","1,207,000","-787,000","622,000","-180,000","1,094,000","-3,424,000","1,456,000","1,303,000","2,477,000","-5,580,000","1,267,000","2,199,000","2,408,000","-2,345,000","305,000","-292,000","991,000","-8,827,000","3,268,000","3,055,000","-23,519,000","2,336,000","888,000","-1,281,000","69,000","3,135,000","-13,400,000","-1,335,000",
TotalUnusualItems,"-32,000,000","-11,000,000","-15,000,000","-6,000,000","0",,"0","-34,000,000","-2,000,000","0","-10,000,000","-3,000,000","-2,000,000","-22,000,000","-13,000,000","-5,000,000","-8,000,000","-7,000,000","3,182,000","-9,733,000","-8,092,000","-8,194,000","-11,119,000","-91,353,000","5,512,000",,"922,000","-731,000","20,157,000",,,,,,"0","0",,,"-3,676,000","-5,383,000","17,059,000","1,347,000","-4,423,000","1,457,000","1,632,000","1,207,000","-787,000","622,000","-180,000","1,094,000","-3,424,000","1,456,000","1,303,000","2,477,000","-5,580,000","1,267,000","2,199,000","2,408,000","-2,345,000","305,000","-292,000","991,000","-8,827,000","3,268,000","3,055,000","-23,519,000","2,336,000","888,000","-1,281,000","69,000","3,135,000","-13,400,000","-1,335,000",
NormalizedEBITDA,"4,472,000,000","1,311,000,000","1,146,000,000","1,083,000,000","932,000,000","553,000,000","386,000,000","321,000,000","238,000,000","337,000,000","306,000,000","428,000,000","374,000,000","336,000,000","387,000,000","585,000,000","576,000,000","586,000,000","514,533,000","531,172,000","419,300,000","398,832,000","318,576,000","273,410,000","249,857,000","270,635,000","250,231,000","318,643,000","357,615,000","297,017,000","355,318,000","358,011,000","319,891,000","296,536,000","302,747,000","307,043,000","275,342,000","232,930,000","194,691,000","180,941,000","206,761,000","181,019,000","89,367,000","150,192,000","171,174,000","173,215,000","173,184,000","139,547,000","131,630,000","66,457,000","59,492,000","80,432,000","67,089,000","28,084,000","-124,309,000","75,232,000","99,192,000","37,452,000","48,648,000","86,318,000","89,121,000","56,219,000","41,812,000","105,010,000","124,404,000","155,160,000","131,112,000","88,636,000","104,861,000","123,109,000","96,927,000","104,006,000","47,748,000","349,279,000"
TaxRateForCalcs,"0.229","0.234","0.218","0.237","0.228","0.222","0.212","0.27","0.27","0.27","0.27","0.231","0.232","0.274","0.256","0.187","0.244","0.229","0.4","0.331","0.3","0.279","0.08","0.103","0.365","0.35","0.346","0.242","0.319","0.343","0.345","0.35","0.353","0.345","0.338","0.353","0.365","0.355","0.359","0.305","0.345","0.349","0.326","0.36","0.363","0.352","0.347","0.353","0.371","0.34","0.191","0.286","0.35","0.135","0.371","0.348","0.289","0.304","0.35","0.308","0.341","0.346","0.4","0.29","0.366","0.369","0.324","0.332","0.358","0.361","0.372","0.383","0.35","0.4"
TaxEffectOfUnusualItems,"-7,338,309.943","-2,574,000","-3,266,272.189","-1,422,000","0","0","0","-9,180,000","-540,000","0","-2,700,000","-693,000","-464,000","-6,028,000","-3,323,863.636","-935,000","-1,952,000","-1,603,000","1,272,800","-3,221,623","-2,427,600","-2,286,126","-892,418.32","-9,409,359","2,011,880","0","319,415.425","-176,902","6,430,083","0","0","0","0","0","0","0","0","0","-1,320,792.13","-1,643,964.76","5,893,497.529","469,488.883","-1,443,042.066","523,819.943","592,117.863","424,852.316","-272,838.001","219,604.501","-66,836.474","371,882.252","-652,529.607","416,862.781","456,050","334,052.834","-2,070,555.361","440,771.794","635,509.942","731,827.885","-820,750","93,794.882","-99,557.921","342,551.623","-3,530,800","947,922.07","1,119,321.338","-8,674,102.38","757,990.054","294,427.176","-458,786.516","24,880.207","1,167,189.477","-5,135,324.098","-467,251.925","0"