name,ttm,03/31/2022,12/31/2021,09/30/2021,06/30/2021,03/31/2021,12/31/2020,09/30/2020,06/30/2020,03/31/2020,12/31/2019,09/30/2019,06/30/2019,03/31/2019,12/31/2018,09/30/2018,06/30/2018,03/31/2018,12/31/2017,09/30/2017,06/30/2017,03/31/2017,12/31/2016,09/30/2016,06/30/2016,03/31/2016,12/31/2015,09/30/2015,06/30/2015,03/31/2015,12/31/2014,09/30/2014,06/30/2014,03/31/2014,12/31/2013,09/30/2013,06/30/2013,03/31/2013,12/31/2012,09/30/2012,06/30/2012,03/31/2012,12/31/2011,06/30/2011,03/31/2011,12/31/2010,09/30/2010,06/30/2010,03/31/2010,12/31/2009,09/30/2009,06/30/2009,03/31/2009,12/31/2008,09/30/2008,06/30/2008,03/31/2008,12/31/2007,09/30/2007,06/30/2007,03/31/2007,12/31/2006,09/30/2006,06/30/2006,03/31/2006,12/31/2005,09/30/2005,06/30/2005,03/31/2005,12/31/2004
TotalRevenue,"5,706,000,000","1,376,000,000","1,614,000,000","1,376,000,000","1,340,000,000","1,250,000,000","1,335,000,000","1,126,000,000","1,010,000,000","1,071,000,000","1,256,000,000","1,124,000,000","1,058,000,000","1,090,000,000","1,203,000,000","1,039,000,000","958,000,000","963,000,000","1,045,000,000","917,000,000","917,000,000","825,000,000","917,000,000","841,000,000","811,000,000","745,000,000","849,000,000","750,000,000","710,000,000","677,000,000","829,000,000","771,000,000","788,000,000","653,000,000","815,000,000","764,000,000","663,000,000","675,000,000","769,000,000","719,000,000","654,000,000","628,000,000","779,000,000","686,000,000","682,000,000","789,000,000","752,000,000","652,000,000","662,000,000","918,000,000","861,000,000","769,000,000","668,000,000","878,000,000","854,000,000","848,000,000","800,000,000","989,000,000","869,000,000","804,000,000","784,000,000","928,000,000","854,000,000","822,000,000","796,000,000","1,044,000,000","905,000,000","742,000,000","767,000,000","1,088,000,000"
	OperatingRevenue,"5,706,000,000","1,376,000,000","1,614,000,000","1,376,000,000","1,340,000,000","1,250,000,000","1,335,000,000","1,126,000,000","1,010,000,000","1,071,000,000","1,256,000,000","1,124,000,000","1,058,000,000","1,090,000,000","1,203,000,000","1,039,000,000","958,000,000","963,000,000","1,045,000,000","917,000,000","917,000,000","825,000,000","917,000,000","841,000,000","811,000,000","745,000,000","849,000,000","750,000,000","710,000,000","677,000,000","829,000,000","771,000,000","788,000,000","653,000,000","815,000,000","764,000,000","663,000,000","675,000,000","769,000,000","719,000,000","654,000,000","628,000,000","779,000,000","686,000,000","682,000,000","789,000,000","752,000,000","652,000,000","662,000,000","918,000,000","861,000,000","769,000,000","668,000,000","878,000,000","854,000,000","848,000,000","800,000,000","989,000,000","869,000,000","804,000,000","784,000,000","928,000,000","854,000,000","822,000,000","796,000,000","1,044,000,000","905,000,000","742,000,000","767,000,000","1,088,000,000"
CostOfRevenue,"2,948,000,000","697,000,000","818,000,000","752,000,000","681,000,000","623,000,000","686,000,000","606,000,000","527,000,000","535,000,000","665,000,000","639,000,000","577,000,000","559,000,000","626,000,000","583,000,000","531,000,000","488,000,000","569,000,000","501,000,000","519,000,000","415,000,000","496,000,000","436,000,000","448,000,000","374,000,000","449,000,000","375,000,000","373,000,000","318,000,000","445,000,000","393,000,000","417,000,000","319,000,000","441,000,000","391,000,000","371,000,000","329,000,000","408,000,000","356,000,000","356,000,000","323,000,000","424,000,000","378,000,000","357,000,000","442,000,000","386,000,000","352,000,000","323,000,000","511,000,000","444,000,000","431,000,000","339,000,000","484,000,000","433,000,000","441,000,000","413,000,000","545,000,000","459,000,000","429,000,000","427,000,000","508,000,000","438,000,000","445,000,000","409,000,000","530,000,000","473,000,000","396,000,000","400,000,000","581,000,000"
GrossProfit,"2,758,000,000","679,000,000","796,000,000","624,000,000","659,000,000","627,000,000","649,000,000","520,000,000","483,000,000","536,000,000","591,000,000","485,000,000","481,000,000","531,000,000","577,000,000","456,000,000","427,000,000","475,000,000","476,000,000","416,000,000","398,000,000","410,000,000","421,000,000","405,000,000","363,000,000","371,000,000","400,000,000","375,000,000","337,000,000","359,000,000","384,000,000","378,000,000","371,000,000","334,000,000","374,000,000","373,000,000","292,000,000","346,000,000","361,000,000","363,000,000","298,000,000","305,000,000","355,000,000","308,000,000","325,000,000","347,000,000","366,000,000","300,000,000","339,000,000","407,000,000","417,000,000","338,000,000","329,000,000","394,000,000","421,000,000","407,000,000","387,000,000","444,000,000","410,000,000","375,000,000","357,000,000","420,000,000","416,000,000","377,000,000","387,000,000","514,000,000","432,000,000","346,000,000","367,000,000","507,000,000"
OperatingExpense,"2,091,000,000","513,000,000","557,000,000","524,000,000","497,000,000","476,000,000","453,000,000","432,000,000","916,000,000","585,000,000","426,000,000","456,000,000","423,000,000","409,000,000","430,000,000","440,000,000","399,000,000","610,000,000","386,000,000","417,000,000","347,000,000","332,000,000","327,000,000","350,000,000","318,000,000","319,000,000","338,000,000","338,000,000","314,000,000","315,000,000","361,000,000","354,000,000","386,000,000","339,000,000","359,000,000","414,000,000","284,000,000","289,000,000","310,000,000","322,000,000","291,000,000","283,000,000","316,000,000","298,000,000","309,000,000","320,000,000","346,000,000","301,000,000","315,000,000","360,000,000","363,000,000","313,000,000","314,000,000","353,000,000","355,000,000","356,000,000","359,000,000","400,000,000","333,000,000","298,000,000","326,000,000","340,000,000","350,000,000","349,000,000","342,000,000","370,000,000","406,000,000","438,000,000","340,000,000","377,000,000"
	SellingGeneralAndAdministration,"1,843,000,000","444,000,000","497,000,000","465,000,000","437,000,000","418,000,000","401,000,000","383,000,000","869,000,000","538,000,000","379,000,000","408,000,000","372,000,000","354,000,000","376,000,000","398,000,000","343,000,000","555,000,000","333,000,000","368,000,000","296,000,000","282,000,000","276,000,000","295,000,000","255,000,000","256,000,000","276,000,000","220,000,000","251,000,000","252,000,000","296,000,000","232,000,000","319,000,000","273,000,000","293,000,000","363,000,000","198,000,000","242,000,000","262,000,000","274,000,000","244,000,000","233,000,000","268,000,000","242,000,000","254,000,000","266,000,000","320,000,000","236,000,000","252,000,000","304,000,000","307,000,000","258,000,000","258,000,000","295,000,000","298,000,000","300,000,000","304,000,000","331,000,000","301,000,000","298,000,000","275,000,000","290,000,000","314,000,000","301,000,000","294,000,000","323,000,000","359,000,000","318,000,000","293,000,000","331,000,000"
		GeneralAndAdministrativeExpense,"935,000,000","229,000,000","242,000,000","241,000,000","223,000,000","217,000,000","189,000,000","194,000,000","717,000,000","351,000,000","172,000,000","222,000,000","191,000,000","171,000,000","180,000,000","235,000,000","197,000,000","272,000,000","185,000,000",,"166,000,000","154,000,000","148,000,000","160,000,000","135,000,000","144,000,000","145,000,000",,"134,000,000","143,000,000","152,000,000",,"176,000,000",,,,,,"128,000,000",,,,,,,,,,,,,,,,,,,,,,,,,,,,,,,
			OtherGandA,"935,000,000","229,000,000","242,000,000","241,000,000","223,000,000","217,000,000","189,000,000","194,000,000","717,000,000","351,000,000","172,000,000","222,000,000","191,000,000","171,000,000","180,000,000","235,000,000","197,000,000","272,000,000","185,000,000",,"166,000,000","154,000,000","148,000,000","160,000,000","135,000,000","144,000,000","145,000,000",,"134,000,000","143,000,000","152,000,000",,"176,000,000",,,,,,"128,000,000",,,,,,,,,,,,,,,,,,,,,,,,,,,,,,,
		SellingAndMarketingExpense,"908,000,000","215,000,000","255,000,000","224,000,000","214,000,000","201,000,000","212,000,000","189,000,000","152,000,000","187,000,000","207,000,000","186,000,000","181,000,000","183,000,000","196,000,000","163,000,000","146,000,000","283,000,000","148,000,000",,"130,000,000","128,000,000","128,000,000","135,000,000","120,000,000","112,000,000","131,000,000",,"117,000,000","109,000,000","144,000,000",,"143,000,000",,,,,,"134,000,000",,,,,,,,,,,,,,,,,,,,,,,,,,,,,,,
	DepreciationAmortizationDepletionIncomeStatement,"248,000,000","69,000,000","60,000,000","59,000,000","60,000,000","58,000,000","52,000,000","49,000,000","47,000,000","47,000,000","47,000,000","48,000,000","51,000,000","55,000,000","54,000,000","42,000,000","56,000,000","55,000,000","53,000,000","49,000,000","51,000,000","50,000,000","51,000,000","55,000,000","63,000,000","63,000,000","62,000,000","118,000,000","63,000,000","63,000,000","65,000,000","122,000,000","67,000,000","66,000,000","66,000,000","51,000,000","86,000,000","47,000,000","48,000,000","48,000,000","47,000,000","50,000,000","48,000,000","56,000,000","55,000,000","54,000,000","26,000,000","65,000,000","63,000,000","56,000,000","56,000,000","55,000,000","56,000,000","58,000,000","57,000,000","56,000,000","55,000,000","54,000,000","53,000,000","54,000,000","51,000,000","50,000,000","50,000,000","48,000,000","48,000,000","47,000,000","47,000,000","47,000,000","47,000,000","46,000,000"
		DepreciationAndAmortizationInIncomeStatement,"248,000,000","69,000,000","60,000,000","59,000,000","60,000,000","58,000,000","52,000,000","49,000,000","47,000,000","47,000,000","47,000,000","48,000,000","51,000,000","55,000,000","54,000,000","42,000,000","56,000,000","55,000,000","53,000,000","49,000,000","51,000,000","50,000,000","51,000,000","55,000,000","63,000,000","63,000,000","62,000,000","118,000,000","63,000,000","63,000,000","65,000,000","122,000,000","67,000,000","66,000,000","66,000,000","51,000,000","86,000,000","47,000,000","48,000,000","48,000,000","47,000,000","50,000,000","48,000,000","56,000,000","55,000,000","54,000,000","26,000,000","65,000,000","63,000,000","56,000,000","56,000,000","55,000,000","56,000,000","58,000,000","57,000,000","56,000,000","55,000,000","54,000,000","53,000,000","54,000,000","51,000,000","50,000,000","50,000,000","48,000,000","48,000,000","47,000,000","47,000,000","47,000,000","47,000,000","46,000,000"
			DepreciationIncomeStatement,,,,,,,,,,,,,,,,,,,,,,,,,,,,,,,,,,,,,"38,000,000",,,,,,,,,,,"10,000,000","9,000,000",,,,,,,,,,,,,,,,,,,,,
			Amortization,"248,000,000","69,000,000","60,000,000","59,000,000","60,000,000","58,000,000","52,000,000","49,000,000","47,000,000","47,000,000","47,000,000","48,000,000","51,000,000","55,000,000","54,000,000","42,000,000","56,000,000","55,000,000","53,000,000","49,000,000","51,000,000","50,000,000","51,000,000","55,000,000","63,000,000","63,000,000","62,000,000","64,000,000","63,000,000","63,000,000","65,000,000","67,000,000","67,000,000","66,000,000","66,000,000","64,000,000","48,000,000","47,000,000","48,000,000","48,000,000","47,000,000","50,000,000","48,000,000","56,000,000","55,000,000","54,000,000","54,000,000","55,000,000","54,000,000","56,000,000","56,000,000","55,000,000","56,000,000","58,000,000","57,000,000","56,000,000","55,000,000","54,000,000","53,000,000","54,000,000","51,000,000","50,000,000","50,000,000","48,000,000","48,000,000","47,000,000","47,000,000","47,000,000","47,000,000","46,000,000"
				AmortizationOfIntangiblesIncomeStatement,"248,000,000","69,000,000","60,000,000","59,000,000","60,000,000","58,000,000","52,000,000","49,000,000","47,000,000","47,000,000","47,000,000","48,000,000","51,000,000","55,000,000","54,000,000","42,000,000","56,000,000","55,000,000","53,000,000","49,000,000","51,000,000","50,000,000","51,000,000","55,000,000","63,000,000","63,000,000","62,000,000","64,000,000","63,000,000","63,000,000","65,000,000","67,000,000","67,000,000","66,000,000","66,000,000","64,000,000","48,000,000","47,000,000","48,000,000","48,000,000","47,000,000","50,000,000","48,000,000","56,000,000","55,000,000","54,000,000","54,000,000","55,000,000","54,000,000","56,000,000","56,000,000","55,000,000","56,000,000","58,000,000","57,000,000","56,000,000","55,000,000","54,000,000","53,000,000","54,000,000","51,000,000","50,000,000","50,000,000","48,000,000","48,000,000","47,000,000","47,000,000","47,000,000","47,000,000","46,000,000"
	OtherOperatingExpenses,,,,,,,,,,,,,,,,,,,,,,,,,,,,,,,,,,,,,,,,,,,,,,,,,,,,,,,"0",,,"15,000,000","-21,000,000","-54,000,000",,,,,,,"0","73,000,000",,
OperatingIncome,"667,000,000","166,000,000","239,000,000","100,000,000","162,000,000","151,000,000","196,000,000","88,000,000","-433,000,000","-49,000,000","165,000,000","29,000,000","58,000,000","122,000,000","147,000,000","16,000,000","28,000,000","-135,000,000","90,000,000","-1,000,000","51,000,000","78,000,000","94,000,000","55,000,000","45,000,000","52,000,000","62,000,000","37,000,000","23,000,000","44,000,000","23,000,000","24,000,000","-15,000,000","-5,000,000","15,000,000","-41,000,000","8,000,000","57,000,000","51,000,000","41,000,000","7,000,000","22,000,000","39,000,000","10,000,000","16,000,000","27,000,000","20,000,000","-1,000,000","24,000,000","47,000,000","54,000,000","25,000,000","15,000,000","41,000,000","66,000,000","51,000,000","28,000,000","44,000,000","77,000,000","77,000,000","31,000,000","80,000,000","66,000,000","28,000,000","45,000,000","144,000,000","26,000,000","-92,000,000","27,000,000","130,000,000"
NetNonOperatingInterestIncomeExpense,"-121,000,000","-32,000,000","-30,000,000","-29,000,000","-30,000,000","-32,000,000","-31,000,000","-29,000,000","-32,000,000","-33,000,000","-33,000,000","-34,000,000","-36,000,000","-36,000,000","-36,000,000","-33,000,000","-33,000,000","-36,000,000","-36,000,000","-37,000,000","-36,000,000","-36,000,000","-40,000,000","-42,000,000","-43,000,000","-43,000,000","-45,000,000","-45,000,000","-45,000,000","-45,000,000","-46,000,000","-46,000,000","-48,000,000","-54,000,000","-55,000,000","-54,000,000","-47,000,000","-49,000,000","-53,000,000","-56,000,000","-56,000,000","-56,000,000","-57,000,000","-47,000,000","-47,000,000","-47,000,000","-47,000,000","-46,000,000","-46,000,000","-51,000,000","-49,000,000","-61,000,000","-41,000,000",,,,,,,,,,,,,,,,,
	InterestExpenseNonOperating,"121,000,000","32,000,000","30,000,000","29,000,000","30,000,000","32,000,000","31,000,000","29,000,000","32,000,000","33,000,000","33,000,000","34,000,000","36,000,000","36,000,000","36,000,000",,,,,,,,,,"43,000,000",,"45,000,000",,,,,,,,,,,,"53,000,000",,"56,000,000","56,000,000",,,,,,,,"51,000,000","49,000,000","61,000,000","41,000,000",,,,,,,,,,,,,,,,,
	TotalOtherFinanceCost,"136,000,000",,,,,,,,,"33,000,000","33,000,000","34,000,000","36,000,000",,,"33,000,000","33,000,000","36,000,000","36,000,000","37,000,000","36,000,000","36,000,000","40,000,000",,,"43,000,000",,"45,000,000","45,000,000","45,000,000","46,000,000","46,000,000","48,000,000","54,000,000","55,000,000","54,000,000","47,000,000","49,000,000",,,,,"57,000,000","47,000,000","47,000,000","47,000,000","47,000,000","46,000,000","46,000,000",,,,,,,,,,,,,,,,,,,,,
OtherIncomeExpense,"-3,000,000","-8,000,000","54,000,000","-19,000,000","-30,000,000","49,000,000","-31,000,000","-79,000,000","-3,000,000","-4,000,000","-5,000,000","19,000,000","-20,000,000","29,000,000","25,000,000","2,000,000","387,000,000","-29,000,000","3,000,000","-19,000,000","-24,000,000","-19,000,000","-13,000,000",,"-5,000,000","18,000,000","8,000,000","-9,000,000","-17,000,000","14,000,000","-9,000,000","-1,000,000","-137,000,000","-3,000,000","-4,000,000","-1,000,000","-4,000,000","-4,000,000","-88,000,000","2,000,000","6,000,000","2,000,000","-2,000,000","6,000,000","-1,000,000",,"-2,000,000","1,000,000","-4,000,000","1,000,000","-1,000,000","4,000,000","-32,000,000","35,000,000","-4,000,000","-2,000,000",,"-15,000,000","19,000,000","16,000,000","-12,000,000",,"14,000,000","1,000,000","3,000,000",,"-5,000,000","-106,000,000","39,000,000","-19,000,000"
	EarningsFromEquityInterest,,,,,,,,,,,,,,,,,,,,,,,,,,,,,,,,,,,,,,,,,,,,,,,,,,,,"0","0",,,,,"1,000,000",,"1,000,000",,,"0",,"1,000,000",,"0",,,"-1,000,000"
	SpecialIncomeCharges,"-4,000,000",,,"-10,000,000","-12,000,000",,,"-34,000,000","0","0","0","0","-4,000,000","0","-3,000,000","0","-7,000,000","-23,000,000","3,000,000","-19,000,000","-24,000,000","-19,000,000","-13,000,000","-21,000,000","-5,000,000","18,000,000","8,000,000","-9,000,000","-17,000,000","14,000,000","-9,000,000","-1,000,000","-137,000,000","-3,000,000","-4,000,000","-1,000,000","-4,000,000","-4,000,000","-88,000,000","2,000,000","6,000,000","2,000,000","-2,000,000","6,000,000","-1,000,000","0","-2,000,000","1,000,000","-4,000,000","1,000,000","35,000,000","4,000,000","-32,000,000","35,000,000","-4,000,000","-2,000,000",,"-16,000,000","20,000,000","15,000,000","-12,000,000",,"14,000,000","1,000,000","2,000,000",,"-5,000,000","-106,000,000","39,000,000","-18,000,000"
		RestructuringAndMergernAcquisition,,,,,,,,,,,,,,,,,,,,,,,,,,,,,,,,,,,,,,,,,,,,,,,,,,,,,,,,,,,"6,000,000","32,000,000","12,000,000",,,,,,,,,
		ImpairmentOfCapitalAssets,,,,,,,,,,,,,,,,,,,,,,,,,,,,,,,,,,,,,,,,,,,,,,,"1,000,000","0","0","0","1,000,000","0","29,000,000",,,,,,,,,,,,,,,,,
		OtherSpecialCharges,,,,"10,000,000","12,000,000",,,"34,000,000",,,,"0","4,000,000",,"3,000,000","0","7,000,000","23,000,000","-3,000,000","19,000,000","24,000,000","19,000,000","13,000,000",,,"-18,000,000",,"9,000,000","17,000,000",,,"1,000,000","137,000,000","3,000,000","4,000,000","1,000,000","4,000,000","4,000,000","88,000,000",,,,,,,,"1,000,000","-1,000,000","4,000,000","-1,000,000","-36,000,000","-4,000,000","3,000,000",,,,,,"-26,000,000","-47,000,000",,,,,,,,,,
	OtherNonOperatingIncomeExpenses,"19,000,000","-8,000,000","54,000,000","-9,000,000","-18,000,000","49,000,000","-31,000,000","-45,000,000","-3,000,000","-4,000,000","-5,000,000","19,000,000","-16,000,000","29,000,000","28,000,000","2,000,000","394,000,000","-6,000,000",,,,,,,,,,,,,,,,,,,,,,,,,,,,,,,,,,,,,,,,,,,,,,,,,,,,
PretaxIncome,"543,000,000","126,000,000","263,000,000","52,000,000","102,000,000","168,000,000","134,000,000","-20,000,000","-468,000,000","-86,000,000","127,000,000","14,000,000","2,000,000","115,000,000","136,000,000","-15,000,000","382,000,000","18,000,000","57,000,000","-57,000,000","-9,000,000","23,000,000","41,000,000","-8,000,000","-3,000,000","27,000,000","25,000,000","-17,000,000","-39,000,000","13,000,000","-32,000,000","-23,000,000","-200,000,000","-62,000,000","-44,000,000","-96,000,000","-43,000,000","4,000,000","-90,000,000","-13,000,000","-43,000,000","-32,000,000","-20,000,000","-31,000,000","-32,000,000","-20,000,000","-29,000,000","-46,000,000","-26,000,000","-3,000,000","2,000,000","-33,000,000","-58,000,000","39,000,000","19,000,000","4,000,000","-21,000,000","-6,000,000","27,000,000","-6,000,000","-26,000,000","33,000,000","21,000,000","-16,000,000","3,000,000","99,000,000","-21,000,000","-175,000,000","14,000,000","68,000,000"
TaxProvision,"172,000,000","34,000,000","75,000,000","22,000,000","41,000,000","51,000,000","35,000,000","-21,000,000","51,000,000","-12,000,000","5,000,000","-77,000,000","-12,000,000","48,000,000","50,000,000","-2,000,000","61,000,000","19,000,000","52,000,000","-19,000,000","-152,000,000","3,000,000","17,000,000","-5,000,000","4,000,000","15,000,000","-3,000,000","6,000,000","4,000,000","-6,000,000","9,000,000","1,000,000","-16,000,000","-3,000,000","-8,000,000","-39,000,000","19,000,000","0","-11,000,000","4,000,000","-11,000,000","2,000,000","6,000,000","15,000,000","7,000,000","-2,000,000","17,000,000","9,000,000","2,000,000","13,000,000","20,000,000","4,000,000","10,000,000","16,000,000","13,000,000","13,000,000","13,000,000","10,000,000","22,000,000","11,000,000","1,000,000","15,000,000","9,000,000","-2,000,000","10,000,000","30,000,000","9,000,000","4,000,000","10,000,000","32,000,000"
NetIncomeCommonStockholders,"367,000,000","91,000,000","187,000,000","28,000,000","61,000,000","117,000,000","96,000,000","-1,000,000","-520,000,000","-74,000,000","120,000,000","90,000,000","13,000,000","67,000,000","86,000,000","-14,000,000","320,000,000","-3,000,000","4,000,000","-39,000,000","141,000,000","19,000,000","22,000,000","-4,000,000","-9,000,000","11,000,000","27,000,000","-23,000,000","-44,000,000","18,000,000","-42,000,000","-26,000,000","-185,000,000","-60,000,000","-37,000,000","-57,000,000","-63,000,000","2,000,000","-80,000,000","-18,000,000","-32,000,000","-36,000,000","-26,000,000","-46,000,000","-38,000,000","-18,000,000","-46,000,000","-55,000,000","-25,000,000","-17,000,000","-18,000,000","-37,000,000","-68,000,000","23,000,000","6,000,000","-9,000,000","-37,000,000","-16,000,000","5,000,000","-17,000,000","-27,000,000","18,000,000","12,000,000","-14,000,000","-7,000,000","69,000,000","-30,000,000","-179,000,000","4,000,000","36,000,000"
	NetIncome,"368,000,000","92,000,000","187,000,000","28,000,000","61,000,000","117,000,000","98,000,000","-1,000,000","-520,000,000","-74,000,000","120,000,000","90,000,000","13,000,000","67,000,000","86,000,000","-14,000,000","320,000,000","-3,000,000","4,000,000","-39,000,000","141,000,000","19,000,000","22,000,000","-4,000,000","-9,000,000","11,000,000","27,000,000","-23,000,000","-44,000,000","18,000,000","-42,000,000","-26,000,000","-185,000,000","-60,000,000","-37,000,000","-57,000,000","-63,000,000","2,000,000","-80,000,000","-18,000,000","-32,000,000","-36,000,000","-26,000,000","-46,000,000","-38,000,000","-18,000,000","-46,000,000","-55,000,000","-25,000,000","-17,000,000","-18,000,000","-37,000,000","-68,000,000","23,000,000","6,000,000","-9,000,000","-37,000,000","-16,000,000","5,000,000","-17,000,000","-27,000,000","18,000,000","12,000,000","-14,000,000","-7,000,000","69,000,000","-30,000,000","-179,000,000","4,000,000","36,000,000"
		NetIncomeIncludingNoncontrollingInterests,"371,000,000","92,000,000","188,000,000","30,000,000","61,000,000","117,000,000","99,000,000","1,000,000","-519,000,000","-74,000,000","122,000,000","91,000,000","14,000,000","67,000,000","86,000,000","-13,000,000","321,000,000","-1,000,000","5,000,000","-38,000,000","143,000,000","20,000,000","24,000,000","-3,000,000","-7,000,000","12,000,000","28,000,000","-23,000,000","-43,000,000","19,000,000","-41,000,000","-24,000,000","-184,000,000","-59,000,000","-36,000,000","-57,000,000","-62,000,000","4,000,000","-79,000,000","-17,000,000","-32,000,000","-34,000,000","-26,000,000","-46,000,000","-39,000,000","-18,000,000","-46,000,000","-55,000,000","-28,000,000","-16,000,000","-18,000,000","-37,000,000","-68,000,000","16,000,000","7,000,000","-7,000,000","-37,000,000","-14,000,000","8,000,000","-15,000,000","-27,000,000","18,000,000","12,000,000","-14,000,000","-7,000,000","69,000,000","-30,000,000","-179,000,000","4,000,000","41,000,000"
			NetIncomeContinuousOperations,"371,000,000","92,000,000","188,000,000","30,000,000","61,000,000","117,000,000","99,000,000","1,000,000","-519,000,000","-74,000,000","122,000,000","91,000,000","14,000,000","67,000,000","86,000,000","-13,000,000","321,000,000","-1,000,000","5,000,000","-38,000,000","143,000,000","20,000,000","24,000,000","-3,000,000","-7,000,000","12,000,000","28,000,000","-23,000,000","-43,000,000","19,000,000","-41,000,000","-24,000,000","-184,000,000","-59,000,000","-36,000,000","-57,000,000","-62,000,000","4,000,000","-79,000,000","-17,000,000","-32,000,000","-34,000,000","-26,000,000","-46,000,000","-39,000,000","-18,000,000","-46,000,000","-55,000,000","-28,000,000","-16,000,000","-18,000,000","-37,000,000","-68,000,000","23,000,000","6,000,000","-9,000,000","-34,000,000","-16,000,000","5,000,000","-17,000,000","-27,000,000","18,000,000","12,000,000","-14,000,000","-7,000,000","69,000,000","-30,000,000","-179,000,000","4,000,000","36,000,000"
			NetIncomeDiscontinuousOperations,,,,,,,,,,,,,,,,,,,,,,,,,,,,,,,,,,,,,,,,,,,,,,,,,,,"0","0","0",,"0",,"-3,000,000",,,,,,,,,,,,,
		MinorityInterests,"-3,000,000","0","-1,000,000","-2,000,000","0","0","-1,000,000","-2,000,000","-1,000,000","0","-2,000,000","-1,000,000","-1,000,000","0","0","-1,000,000","-1,000,000","-2,000,000","-1,000,000","-1,000,000","-2,000,000","-1,000,000","-2,000,000","-1,000,000","-2,000,000","-1,000,000","-1,000,000","0","-1,000,000","-1,000,000","-1,000,000","-2,000,000","-1,000,000","-1,000,000","-1,000,000","0","-1,000,000","-2,000,000","-1,000,000","-1,000,000","0","-2,000,000","0","0","1,000,000","0","0","0","3,000,000","-1,000,000",,,"0","7,000,000","-1,000,000","-2,000,000",,"-2,000,000","-3,000,000","-2,000,000",,,,,,,"0",,,"-5,000,000"
	OtherunderPreferredStockDividend,,"1,000,000",,,,,"2,000,000",,,,,,,,,,,,,,,,,,,,,,,,,,,,,,,,,,,,,,,,,,,,,,,,,,,,,,,,,,,,,,,
DilutedNIAvailtoComStockholders,"367,000,000","91,000,000","187,000,000","28,000,000","61,000,000","117,000,000","96,000,000","-1,000,000","-520,000,000","-74,000,000","120,000,000","90,000,000","13,000,000","67,000,000","86,000,000","-14,000,000","320,000,000","-3,000,000","4,000,000","-39,000,000","141,000,000","19,000,000","22,000,000","-4,000,000","-9,000,000","11,000,000","27,000,000","-23,000,000","-44,000,000","18,000,000","-42,000,000","-26,000,000","-185,000,000","-60,000,000","-37,000,000","-57,000,000","-63,000,000","2,000,000","-80,000,000","-18,000,000","-32,000,000","-36,000,000","-26,000,000","-46,000,000","-38,000,000","-18,000,000","-46,000,000","-55,000,000","-25,000,000","-17,000,000","-18,000,000","-37,000,000","-68,000,000","23,000,000","6,000,000","-9,000,000","-37,000,000","-16,000,000","5,000,000","-17,000,000","-27,000,000","18,000,000","12,000,000","-14,000,000","-7,000,000","69,000,000","-30,000,000","-179,000,000","4,000,000","36,000,000"
BasicEPS,,"0.18","0.36","0.05","0.12","0.23","0.18","-0.002","-1.03","-0.15","0.235","0.179","0.026","0.133","0.171","-0.028","0.637","-0.006","0.008","-0.078","0.281","0.038","0.044",,"-0.018","0.022","0.054","-0.046","-0.088","0.036","-0.084",,"-0.369","-0.12","-0.074",,"-0.126","0.013","-0.511",,"-0.204","-0.23","-0.166","-0.3","-0.25","-0.12",,"-0.37","-0.17","-0.11",,"-0.25","-0.45","0.15",,"-0.06","-0.25","-0.11",,"-0.12","-0.19","0.12",,"-0.1","-0.05","0.49",,"-1.41","0.04","0.33"
DilutedEPS,,"0.18","0.36","0.05","0.12","0.23","0.18","-0.002","-1.03","-0.15","0.235","0.179","0.026","0.133","0.171","-0.028","0.637","-0.006","0.008","-0.078","0.281","0.038","0.044",,"-0.018","0.022","0.054","-0.046","-0.088","0.036","-0.084",,"-0.369","-0.12","-0.074",,"-0.126","0.013","-0.511",,"-0.204","-0.23","-0.166","-0.3","-0.25","-0.12",,"-0.37","-0.17","-0.11",,"-0.25","-0.45","0.15",,"-0.06","-0.25","-0.11",,"-0.12","-0.19","0.12",,"-0.1","-0.05","0.46",,"-1.41","0.04","0.31"
BasicAverageShares,,"514,780,674","514,921,180","560,000,000","514,352,227","514,329,749","510,854,754","510,028,361","504,103,959","501,991,944","510,000,000","501,991,944","501,991,944","501,991,944","501,991,944","501,991,944","501,991,944","501,991,944","501,991,944","501,991,944","501,991,944","501,991,944","501,991,944",,"501,991,944","501,991,944","501,991,944","501,991,944","501,991,944","501,991,944","501,991,944",,"501,991,944","501,991,944","501,991,944",,"501,991,944","501,991,944","501,991,944",,"501,991,944","501,991,944","501,991,944","151,800,000","150,500,000","150,000,000",,"149,700,000","149,600,000","149,500,000",,"149,500,000","149,500,000","149,200,000",,"148,900,000","147,900,000","147,200,000",,"146,900,000","145,900,000","144,900,000",,"143,700,000","141,900,000","141,400,000",,"127,000,000","107,700,000","107,500,000"
DilutedAverageShares,,"514,780,674","514,921,180","560,000,000","514,352,227","514,329,749","510,854,754","510,028,361","504,103,959","501,991,944","510,000,000","501,991,944","501,991,944","501,991,944","501,991,944","501,991,944","501,991,944","501,991,944","501,991,944","501,991,944","501,991,944","501,991,944","501,991,944",,"501,991,944","501,991,944","501,991,944","501,991,944","501,991,944","501,991,944","501,991,944",,"501,991,944","501,991,944","501,991,944",,"501,991,944","501,991,944","501,991,944",,"501,991,944","501,991,944","501,991,944","151,800,000","150,500,000","150,000,000",,"149,700,000","149,600,000","149,500,000",,"149,500,000","149,500,000","149,900,000",,"148,900,000","147,900,000","147,200,000",,"146,900,000","145,900,000","151,500,000",,"150,600,000","141,900,000","150,500,000",,"127,000,000","123,500,000","115,300,000"
TotalOperatingIncomeAsReported,"667,000,000","166,000,000","239,000,000","100,000,000","162,000,000","151,000,000","196,000,000","88,000,000","-433,000,000","-49,000,000","165,000,000","29,000,000","58,000,000","122,000,000","147,000,000","16,000,000","28,000,000","83,000,000","90,000,000","-1,000,000","51,000,000","78,000,000","94,000,000","55,000,000","45,000,000","52,000,000","62,000,000","37,000,000","23,000,000","44,000,000","23,000,000","24,000,000","-15,000,000","-5,000,000","15,000,000","-41,000,000","8,000,000","57,000,000","51,000,000","41,000,000","7,000,000","22,000,000","39,000,000","10,000,000","16,000,000","27,000,000","20,000,000","-1,000,000","24,000,000","47,000,000","54,000,000","25,000,000","15,000,000","41,000,000","66,000,000","51,000,000","28,000,000","44,000,000","71,000,000","45,000,000","19,000,000","80,000,000","66,000,000","28,000,000","45,000,000","144,000,000","19,000,000","-92,000,000","27,000,000","130,000,000"
TotalExpenses,"5,039,000,000","1,210,000,000","1,375,000,000","1,276,000,000","1,178,000,000","1,099,000,000","1,139,000,000","1,038,000,000","1,443,000,000","1,120,000,000","1,091,000,000","1,095,000,000","1,000,000,000","968,000,000","1,056,000,000","1,023,000,000","930,000,000","1,098,000,000","955,000,000","918,000,000","866,000,000","747,000,000","823,000,000","786,000,000","766,000,000","693,000,000","787,000,000","713,000,000","687,000,000","633,000,000","806,000,000","747,000,000","803,000,000","658,000,000","800,000,000","805,000,000","655,000,000","618,000,000","718,000,000","678,000,000","647,000,000","606,000,000","740,000,000","676,000,000","666,000,000","762,000,000","732,000,000","653,000,000","638,000,000","871,000,000","807,000,000","744,000,000","653,000,000","837,000,000","788,000,000","797,000,000","772,000,000","945,000,000","792,000,000","727,000,000","753,000,000","848,000,000","788,000,000","794,000,000","751,000,000","900,000,000","879,000,000","834,000,000","740,000,000","958,000,000"
NetIncomeFromContinuingAndDiscontinuedOperation,"368,000,000","92,000,000","187,000,000","28,000,000","61,000,000","117,000,000","98,000,000","-1,000,000","-520,000,000","-74,000,000","120,000,000","90,000,000","13,000,000","67,000,000","86,000,000","-14,000,000","320,000,000","-3,000,000","4,000,000","-39,000,000","141,000,000","19,000,000","22,000,000","-4,000,000","-9,000,000","11,000,000","27,000,000","-23,000,000","-44,000,000","18,000,000","-42,000,000","-26,000,000","-185,000,000","-60,000,000","-37,000,000","-57,000,000","-63,000,000","2,000,000","-80,000,000","-18,000,000","-32,000,000","-36,000,000","-26,000,000","-46,000,000","-38,000,000","-18,000,000","-46,000,000","-55,000,000","-25,000,000","-17,000,000","-18,000,000","-37,000,000","-68,000,000","23,000,000","6,000,000","-9,000,000","-37,000,000","-16,000,000","5,000,000","-17,000,000","-27,000,000","18,000,000","12,000,000","-14,000,000","-7,000,000","69,000,000","-30,000,000","-179,000,000","4,000,000","36,000,000"
NormalizedIncome,"383,031,307.551","92,000,000","187,000,000","35,300,000","68,200,000","117,000,000","98,000,000","23,820,000","-520,000,000","-74,000,000","120,000,000","90,000,000","15,920,000","67,000,000","87,897,058.824","-14,000,000","325,882,198.953","13,790,000","2,200,000","-26,333,333.333","155,400,000","35,521,739.13","29,800,000","8,600,000","-6,000,000","200,000","22,200,000","-17,600,000","-33,800,000","9,600,000","-36,150,000","-25,350,000","-58,960,000","-57,145,161.29","-33,727,272.727","-56,350,000","-60,400,000","6,000,000","-2,755,555.556","-19,300,000","-36,465,116.279","-37,300,000","-24,700,000","-49,900,000","-37,350,000","-18,000,000","-44,700,000","-55,650,000","-22,400,000","-17,650,000","-40,750,000","-39,600,000","-47,200,000","250,000","8,600,000","-7,700,000","-34,000,000","-5,600,000","-8,000,000","-26,750,000","-19,200,000","18,000,000","3,600,000","-14,875,000","-8,200,000","69,000,000","-27,000,000","-115,400,000","-19,400,000","46,800,000"
InterestExpense,"121,000,000","32,000,000","30,000,000","29,000,000","30,000,000","32,000,000","31,000,000","29,000,000","32,000,000","33,000,000","33,000,000","34,000,000","36,000,000","36,000,000","36,000,000",,,,,,,,,,"43,000,000",,"45,000,000",,,,,,,,,,,,"53,000,000",,"56,000,000","56,000,000",,,,,,,,"51,000,000","49,000,000","61,000,000","41,000,000",,,,,,,,,,,,,,,,,
NetInterestIncome,"-121,000,000","-32,000,000","-30,000,000","-29,000,000","-30,000,000","-32,000,000","-31,000,000","-29,000,000","-32,000,000","-33,000,000","-33,000,000","-34,000,000","-36,000,000","-36,000,000","-36,000,000","-33,000,000","-33,000,000","-36,000,000","-36,000,000","-37,000,000","-36,000,000","-36,000,000","-40,000,000","-42,000,000","-43,000,000","-43,000,000","-45,000,000","-45,000,000","-45,000,000","-45,000,000","-46,000,000","-46,000,000","-48,000,000","-54,000,000","-55,000,000","-54,000,000","-47,000,000","-49,000,000","-53,000,000","-56,000,000","-56,000,000","-56,000,000","-57,000,000","-47,000,000","-47,000,000","-47,000,000","-47,000,000","-46,000,000","-46,000,000","-51,000,000","-49,000,000","-61,000,000","-41,000,000",,,,,,,,,,,,,,,,,
EBIT,"664,000,000","158,000,000","293,000,000","81,000,000","132,000,000","200,000,000","165,000,000","9,000,000","-436,000,000","-53,000,000","160,000,000","48,000,000","38,000,000","151,000,000","172,000,000","379,000,000","28,000,000","-135,000,000","90,000,000","-1,000,000","51,000,000","78,000,000","94,000,000","34,000,000","40,000,000","52,000,000","70,000,000","37,000,000","23,000,000","44,000,000","23,000,000","24,000,000","-15,000,000","-5,000,000","15,000,000","-41,000,000","8,000,000","57,000,000","-37,000,000","35,000,000","13,000,000","24,000,000","39,000,000","10,000,000","16,000,000","27,000,000","20,000,000","-1,000,000","24,000,000","48,000,000","51,000,000","28,000,000","-17,000,000","41,000,000","66,000,000","51,000,000","28,000,000","44,000,000","77,000,000","77,000,000","31,000,000","80,000,000","66,000,000","28,000,000","45,000,000","144,000,000","26,000,000","-92,000,000","27,000,000","130,000,000"
EBITDA,"992,000,000"
ReconciledCostOfRevenue,"2,868,000,000","677,000,000","797,000,000","732,000,000","662,000,000","604,000,000","667,000,000","588,000,000","512,000,000","521,000,000","641,000,000","621,000,000","562,000,000","545,000,000","612,000,000","569,000,000","516,000,000","474,000,000","557,000,000","489,000,000","506,000,000","402,000,000","484,000,000","423,000,000","436,000,000","362,000,000","436,000,000","417,000,000","359,000,000","304,000,000","431,000,000","432,000,000","403,000,000","306,000,000","429,000,000","365,000,000","396,000,000","317,000,000","395,000,000","342,000,000","344,000,000","310,000,000","412,000,000","367,000,000","346,000,000","433,000,000","347,000,000","352,000,000","323,000,000","502,000,000","434,000,000","421,000,000","330,000,000","476,000,000","422,000,000","432,000,000","400,000,000","532,000,000","449,000,000","421,000,000","417,000,000","498,000,000","427,000,000","435,000,000","398,000,000","519,000,000","461,000,000","384,000,000","386,000,000","567,000,000"
ReconciledDepreciation,"328,000,000","89,000,000","81,000,000","79,000,000","79,000,000","77,000,000","71,000,000","67,000,000","62,000,000","61,000,000","71,000,000","66,000,000","66,000,000","69,000,000","68,000,000","56,000,000","71,000,000","69,000,000","65,000,000","61,000,000","64,000,000","63,000,000","63,000,000","68,000,000","75,000,000","75,000,000","75,000,000","76,000,000","77,000,000","77,000,000","79,000,000","83,000,000","81,000,000","79,000,000","78,000,000","77,000,000","61,000,000","59,000,000","61,000,000","62,000,000","59,000,000","63,000,000","60,000,000","67,000,000","66,000,000","63,000,000","65,000,000","65,000,000","63,000,000","65,000,000","66,000,000","65,000,000","65,000,000","66,000,000","68,000,000","65,000,000","68,000,000","67,000,000","63,000,000","62,000,000","61,000,000","60,000,000","61,000,000","58,000,000","59,000,000","58,000,000","59,000,000","59,000,000","61,000,000","60,000,000"
NetIncomeFromContinuingOperationNetMinorityInterest,"368,000,000","92,000,000","187,000,000","28,000,000","61,000,000","117,000,000","98,000,000","-1,000,000","-520,000,000","-74,000,000","120,000,000","90,000,000","13,000,000","67,000,000","86,000,000","-14,000,000","320,000,000","-3,000,000","4,000,000","-39,000,000","141,000,000","19,000,000","22,000,000","-4,000,000","-9,000,000","11,000,000","27,000,000","-23,000,000","-44,000,000","18,000,000","-42,000,000","-26,000,000","-185,000,000","-60,000,000","-37,000,000","-57,000,000","-63,000,000","2,000,000","-80,000,000","-18,000,000","-32,000,000","-36,000,000","-26,000,000","-46,000,000","-38,000,000","-18,000,000","-46,000,000","-55,000,000","-25,000,000","-17,000,000","-18,000,000","-37,000,000","-68,000,000","23,000,000","6,000,000","-9,000,000","-34,000,000","-16,000,000","5,000,000","-17,000,000","-27,000,000","18,000,000","12,000,000","-14,000,000","-7,000,000","69,000,000","-30,000,000","-179,000,000","4,000,000","36,000,000"
TotalUnusualItemsExcludingGoodwill,"-22,000,000",,,"-10,000,000","-12,000,000",,,"-34,000,000","0","0","0","0","-4,000,000","0","-3,000,000","0","-7,000,000","-23,000,000","3,000,000","-19,000,000","-24,000,000","-19,000,000","-13,000,000","-21,000,000","-5,000,000","18,000,000","8,000,000","-9,000,000","-17,000,000","14,000,000","-9,000,000","-1,000,000","-137,000,000","-3,000,000","-4,000,000","-1,000,000","-4,000,000","-4,000,000","-88,000,000","2,000,000","6,000,000","2,000,000","-2,000,000","6,000,000","-1,000,000","0","-2,000,000","1,000,000","-4,000,000","1,000,000","35,000,000","4,000,000","-32,000,000","35,000,000","-4,000,000","-2,000,000",,"-16,000,000","20,000,000","15,000,000","-12,000,000",,"14,000,000","1,000,000","2,000,000",,"-5,000,000","-106,000,000","39,000,000","-18,000,000"
TotalUnusualItems,"-22,000,000",,,"-10,000,000","-12,000,000",,,"-34,000,000","0","0","0","0","-4,000,000","0","-3,000,000","0","-7,000,000","-23,000,000","3,000,000","-19,000,000","-24,000,000","-19,000,000","-13,000,000","-21,000,000","-5,000,000","18,000,000","8,000,000","-9,000,000","-17,000,000","14,000,000","-9,000,000","-1,000,000","-137,000,000","-3,000,000","-4,000,000","-1,000,000","-4,000,000","-4,000,000","-88,000,000","2,000,000","6,000,000","2,000,000","-2,000,000","6,000,000","-1,000,000","0","-2,000,000","1,000,000","-4,000,000","1,000,000","35,000,000","4,000,000","-32,000,000","35,000,000","-4,000,000","-2,000,000",,"-16,000,000","20,000,000","15,000,000","-12,000,000",,"14,000,000","1,000,000","2,000,000",,"-5,000,000","-106,000,000","39,000,000","-18,000,000"
NormalizedEBITDA,"1,014,000,000","247,000,000","374,000,000","170,000,000","223,000,000","277,000,000","236,000,000","110,000,000","-374,000,000","8,000,000","231,000,000","114,000,000","108,000,000","220,000,000","243,000,000","435,000,000","106,000,000","-43,000,000","152,000,000","79,000,000","139,000,000","160,000,000","170,000,000","123,000,000","120,000,000","109,000,000","137,000,000","164,000,000","117,000,000","107,000,000","111,000,000","147,000,000","203,000,000","77,000,000","97,000,000","37,000,000","98,000,000","120,000,000","112,000,000","95,000,000","66,000,000","85,000,000","101,000,000","71,000,000","83,000,000","90,000,000","87,000,000","63,000,000","91,000,000","112,000,000","82,000,000","89,000,000","80,000,000","72,000,000","138,000,000","118,000,000","96,000,000","127,000,000","120,000,000","124,000,000","104,000,000","140,000,000","113,000,000","85,000,000","102,000,000","202,000,000","90,000,000","73,000,000","49,000,000","208,000,000"
TaxRateForCalcs,"0.317","0.27","0.285","0.27","0.4","0.304","0.261","0.27","0.27","0.14","0.039","0.27","0.27","0.27","0.368","0.133","0.16","0.27","0.4","0.333","0.4","0.13","0.4","0.4","0.4","0.4","0.4","0.4","0.4","0.4","0.35","0.35","0.08","0.048","0.182","0.35","0.35","0","0.122","0.35","0.256","0.35","0.35","0.35","0.35","0.1","0.35","0.35","0.35","0.35","0.35","0.35","0.35","0.35","0.35","0.35","0.35","0.35","0.35","0.35","0.35","0.4","0.4","0.125","0.4","0.303","0.4","0.4","0.4","0.4"
TaxEffectOfUnusualItems,"-6,968,692.449","0","0","-2,700,000","-4,800,000","0","0","-9,180,000","0","0","0","0","-1,080,000","0","-1,102,941.176","0","-1,117,801.047","-6,210,000","1,200,000","-6,333,333.333","-9,600,000","-2,478,260.87","-5,200,000","-8,400,000","-2,000,000","7,200,000","3,200,000","-3,600,000","-6,800,000","5,600,000","-3,150,000","-350,000","-10,960,000","-145,161.29","-727,272.727","-350,000","-1,400,000","0","-10,755,555.556","700,000","1,534,883.721","700,000","-700,000","2,100,000","-350,000","0","-700,000","350,000","-1,400,000","350,000","12,250,000","1,400,000","-11,200,000","12,250,000","-1,400,000","-700,000","0","-5,600,000","7,000,000","5,250,000","-4,200,000","0","5,600,000","125,000","800,000","0","-2,000,000","-42,400,000","15,600,000","-7,200,000"