name,ttm,03/31/2022,12/31/2021,09/30/2021,06/30/2021,03/31/2021,12/31/2020,09/30/2020,06/30/2020,03/31/2020,12/31/2019,09/30/2019,06/30/2019,03/31/2019,12/31/2018,09/30/2018,06/30/2018,03/31/2018,12/31/2017,09/30/2017,06/30/2017,03/31/2017,12/31/2016,09/30/2016,06/30/2016,03/31/2016,12/31/2015,09/30/2015,06/30/2015,03/31/2015,12/31/2014,09/30/2014,06/30/2014,03/31/2014,12/31/2013,09/30/2013,06/30/2013,03/31/2013,12/31/2012,09/30/2012,06/30/2012,03/31/2012,12/31/2011,09/30/2011,06/30/2011,03/31/2011,12/31/2010,09/30/2010,06/30/2010,03/31/2010,12/31/2009,09/30/2009,06/30/2009,03/31/2009,12/31/2008,09/30/2008,06/30/2008,03/31/2008,12/31/2007,09/30/2007,06/30/2007,03/31/2007,12/31/2006,09/30/2006,06/30/2006,03/31/2006,12/31/2005,09/30/2005,06/30/2005,03/31/2005,12/31/2004,09/30/2004,06/30/2004,03/31/2004,12/31/2003,09/30/2003,06/30/2003,03/31/2003,12/31/2002,09/30/2002,06/30/2002,03/31/2002,12/31/2001,09/30/2001,06/30/2001,03/31/2001,12/31/2000,09/30/2000,06/30/2000,03/31/2000,12/31/1999,09/30/1999,06/30/1999,03/31/1999,12/31/1998,09/30/1998,06/30/1998,03/31/1998,12/31/1997,09/30/1997,06/30/1997,03/31/1997,12/31/1996,09/30/1996,06/30/1996,03/31/1996,12/31/1995,09/30/1995,06/30/1995,03/31/1995,12/31/1994,09/30/1994,06/30/1994,03/31/1994,12/31/1993,09/30/1993,06/30/1993,03/31/1993,12/31/1992,09/30/1992,06/30/1992,03/31/1992,12/31/1991,09/30/1991,06/30/1991,03/31/1991,12/31/1990,09/30/1990,06/30/1990,03/31/1990
TotalRevenue,"1,958,026,000","546,761,000","479,277,000","482,566,000","449,422,000","392,003,000","404,078,000","351,584,000","339,153,000","387,074,000","579,001,000","580,908,000","626,053,000","533,174,000","610,196,000","553,073,000","612,690,000","491,319,000","543,444,000","425,098,000","435,903,000","362,716,000","462,057,000","464,272,000","471,438,000","447,676,000","543,711,000","531,350,000","514,831,000","437,597,000","527,477,000","491,697,000","486,021,000","358,120,000","458,354,000","439,977,000","413,126,000","324,229,000","415,847,000","405,917,000","362,408,000","277,682,000","341,732,000","336,433,000","287,095,000","221,984,000","241,550,000","170,848,000","149,699,000","78,274,000","85,373,000","88,324,000","86,206,000","77,937,000","230,715,000","242,953,000","201,484,000","161,061,000","257,824,000","291,017,000","294,849,000","258,854,000","354,199,000","362,290,000","333,572,000","262,119,000","340,789,000","293,834,000","322,983,000","256,105,000","287,357,000","277,243,000","254,899,000","221,597,000","219,751,000","215,450,000","230,231,000","222,508,000","205,891,000","241,474,000","210,251,000","161,952,000","166,646,000","241,945,000","212,172,000","242,629,000","274,777,000","345,818,000","358,729,000","352,848,000","358,100,000","374,700,000","380,200,000","341,600,000","326,800,000","334,100,000","337,700,000","293,600,000","268,200,000","246,400,000","196,400,000","135,100,000","168,400,000","161,300,000","140,600,000","161,200,000","187,100,000","176,100,000","193,500,000","177,600,000","159,700,000","147,900,000","137,700,000","116,600,000","95,500,000","89,800,000","91,000,000","83,700,000","85,400,000","70,800,000","73,700,000","59,100,000","51,300,000","46,800,000","52,000,000","40,500,000","38,500,000","48,300,000","44,900,000","38,900,000"
	OperatingRevenue,"1,958,026,000","546,761,000","479,277,000","482,566,000","449,422,000","392,003,000","404,078,000","351,584,000","339,153,000","387,074,000","579,001,000","580,908,000","626,053,000","533,174,000","610,196,000","553,073,000","612,690,000","491,319,000","543,444,000","425,098,000","435,903,000","362,716,000","462,057,000","464,272,000","471,438,000","447,676,000","543,711,000","531,350,000","514,831,000","437,597,000","527,477,000","491,697,000","486,021,000","358,120,000","458,354,000","439,977,000","413,126,000","324,229,000","415,847,000","405,917,000","362,408,000","277,682,000","341,732,000","336,433,000","287,095,000","221,984,000","241,550,000","170,848,000","149,699,000","78,274,000","85,373,000","88,324,000","86,206,000","77,937,000","230,715,000","242,953,000","201,484,000","161,061,000","257,824,000","291,017,000","294,849,000","258,854,000","354,199,000","362,290,000","333,572,000","262,119,000","340,789,000","293,834,000","322,983,000","256,105,000","287,357,000","277,243,000","254,899,000","221,597,000","219,751,000","215,450,000","230,231,000","222,508,000","205,891,000","241,474,000","210,251,000","161,952,000","166,647,000","241,945,000","212,172,000","242,629,000","274,777,000","345,818,000","358,729,000","352,848,000","358,100,000","374,700,000","380,200,000","341,600,000","326,800,000","334,100,000","337,700,000","293,600,000","268,200,000","246,400,000","196,400,000","135,100,000","168,400,000","161,300,000","140,600,000","161,200,000","187,100,000","176,100,000","193,500,000","177,600,000","159,700,000","147,900,000","137,700,000","116,600,000","95,500,000","89,800,000","91,000,000","83,700,000","85,400,000","70,800,000","73,700,000","59,100,000","51,300,000","46,800,000","52,000,000","40,500,000","38,500,000","48,300,000","44,900,000","38,900,000"
CostOfRevenue,"1,750,670,000","488,706,000","436,629,000","431,521,000","393,814,000","344,837,000","358,582,000","308,390,000","304,832,000","350,331,000","506,694,000","503,173,000","538,403,000","464,484,000","541,140,000","487,911,000","527,375,000","427,200,000","470,568,000","364,134,000","368,225,000","303,360,000","390,572,000","380,813,000","380,374,000","368,150,000","455,893,000","445,328,000","442,426,000","380,400,000","464,756,000","430,069,000","424,408,000","311,448,000","405,767,000","378,480,000","354,273,000","282,043,000","361,508,000","355,843,000","322,727,000","257,953,000","321,073,000","323,113,000","270,855,000","205,483,000","224,259,000","164,381,000","144,398,000","79,250,000","87,255,000","88,645,000","91,437,000","93,413,000","235,457,000","233,965,000","190,711,000","155,156,000","238,713,000","266,424,000","267,017,000","238,669,000","325,882,000","336,177,000","306,300,000","239,328,000","306,866,000","263,749,000","286,874,000","221,707,000","258,250,000","240,321,000","218,264,000","198,475,000","204,492,000","199,545,000","206,542,000","200,167,000","193,437,000","219,743,000","204,024,000","161,913,000","251,356,000","274,678,000","212,198,000","244,372,000","247,745,000","302,577,000","317,603,000","311,777,000","316,000,000","334,500,000","341,100,000","309,500,000","307,500,000","298,800,000","305,700,000","262,600,000","242,000,000","220,200,000","177,300,000","122,500,000","156,800,000","151,200,000","130,800,000","148,500,000","172,700,000","159,000,000","173,900,000","160,400,000","144,200,000","133,000,000","123,000,000","104,500,000","84,400,000","79,200,000","81,700,000","75,600,000","76,800,000","64,700,000","69,200,000","54,400,000",,,,,,,,
GrossProfit,"207,356,000","58,055,000","42,648,000","51,045,000","55,608,000","47,166,000","45,496,000","43,194,000","34,321,000","36,743,000","72,307,000","77,735,000","87,650,000","68,690,000","69,056,000","65,162,000","85,315,000","64,119,000","72,876,000","60,964,000","67,678,000","59,356,000","71,485,000","83,459,000","91,064,000","79,526,000","87,818,000","86,022,000","72,405,000","57,197,000","62,721,000","61,628,000","61,613,000","46,672,000","52,587,000","61,497,000","58,853,000","42,186,000","54,339,000","50,074,000","39,681,000","19,729,000","20,659,000","13,320,000","16,240,000","16,501,000","17,291,000","6,467,000","5,301,000","-976,000","-1,882,000","-321,000","-5,231,000","-15,476,000","-4,742,000","8,988,000","10,773,000","5,905,000","19,111,000","24,593,000","27,832,000","20,185,000","28,317,000","26,113,000","27,272,000","22,791,000","33,923,000","30,085,000","36,109,000","34,398,000","29,107,000","36,922,000","36,635,000","23,122,000","15,259,000","15,905,000","23,689,000","22,341,000","12,454,000","21,731,000","6,227,000","39,000","-84,710,000","-32,733,000","-26,000","-1,743,000","27,032,000","43,241,000","41,126,000","41,071,000","42,100,000","40,200,000","39,100,000","32,100,000","19,300,000","35,300,000","32,000,000","31,000,000","26,200,000","26,200,000","19,100,000","12,600,000","11,600,000","10,100,000","9,800,000","12,700,000","14,400,000","17,100,000","19,600,000","17,200,000","15,500,000","14,900,000","14,700,000","12,100,000","11,100,000","10,600,000","9,300,000","8,100,000","8,600,000","6,100,000","4,500,000","4,700,000",,,,,,,,
OperatingExpense,"137,606,000","37,580,000","33,068,000","32,187,000","34,771,000","35,330,000","35,349,000","34,755,000","30,012,000","39,685,000","40,526,000","39,466,000","40,112,000","43,492,000","33,299,000","36,660,000","39,274,000","38,395,000","36,682,000","25,669,000","29,010,000","29,092,000","32,527,000","28,604,000","30,529,000","31,341,000","33,155,000","29,633,000","30,351,000","29,934,000","28,584,000","26,699,000","27,758,000","27,207,000","28,534,000","27,641,000","28,162,000","26,712,000","24,773,000","22,666,000","18,889,000","12,602,000","12,265,000","11,050,000","11,123,000","12,492,000","11,555,000","10,673,000","11,016,000","10,256,000","10,002,000","9,886,000","11,433,000","11,843,000","16,179,000","13,480,000","13,783,000","14,942,000","14,894,000","17,089,000","16,402,000","16,870,000","34,156,000","15,719,000","17,714,000","14,011,000","13,250,000","13,878,000","14,179,000","13,214,000","14,103,000","14,164,000","14,111,000","14,199,000","12,731,000","15,312,000","13,916,000","15,757,000","18,810,000","17,911,000","20,837,000","19,840,000","23,263,000","19,224,000","22,081,000","16,168,000","23,788,000","27,797,000","21,004,000","19,788,000","21,000,000","17,800,000","16,800,000","17,100,000","18,000,000","15,200,000","14,000,000","13,700,000","11,000,000","13,100,000","10,900,000","7,900,000","7,700,000","7,600,000","6,900,000","6,700,000","6,300,000","6,000,000","5,200,000","4,900,000","4,400,000","3,900,000","3,800,000","3,600,000","3,300,000","3,000,000","3,000,000","2,900,000","2,400,000","2,300,000","2,100,000","1,900,000",,,,,,,,
	SellingGeneralAndAdministration,"115,507,000","32,541,000","27,438,000","26,556,000","28,972,000","29,532,000","29,852,000","29,259,000","24,519,000","34,190,000","35,408,000","34,351,000","35,003,000","38,363,000","28,649,000","31,723,000","34,334,000","33,454,000","32,334,000","21,572,000","24,915,000","24,591,000","25,885,000","23,621,000","25,540,000","26,353,000","26,754,000","24,317,000","25,036,000","24,620,000","23,119,000","21,228,000","22,287,000","21,736,000","23,026,000","22,187,000","22,708,000","21,342,000","21,358,000","19,682,000","18,889,000","12,602,000","12,265,000","11,050,000","11,123,000","12,492,000","11,555,000","10,673,000","11,016,000","10,256,000","10,002,000","9,886,000","11,433,000","11,843,000","16,179,000","13,480,000","13,783,000","14,942,000","14,894,000","17,089,000","16,402,000","16,870,000","18,783,000","15,719,000","17,714,000","14,011,000","13,250,000","13,878,000","14,179,000","13,214,000","14,103,000","14,164,000","14,111,000","14,199,000","12,731,000","15,312,000","13,916,000","15,757,000","18,810,000","17,911,000","20,837,000","19,840,000","24,853,000","19,224,000","22,081,000","16,168,000","14,744,000","14,068,000","13,923,000","13,140,000","14,300,000","12,600,000","11,800,000","12,200,000","12,200,000","10,700,000","10,200,000","9,400,000","8,400,000","8,100,000","6,500,000","3,300,000","4,000,000","3,600,000","3,000,000","3,000,000","2,800,000","2,700,000","2,700,000","2,700,000","2,300,000","2,200,000","2,200,000","2,000,000","1,900,000","1,800,000","1,900,000","1,900,000","1,600,000","1,600,000","1,500,000","1,400,000",,,,,,,,
		GeneralAndAdministrativeExpense,"92,272,000","26,332,000","22,067,000","20,966,000","22,907,000","22,867,000","24,166,000","22,749,000","19,633,000","26,192,000","26,272,000","25,353,000","26,509,000","30,140,000","21,194,000","23,033,000","25,778,000","25,109,000","24,314,000","16,075,000","19,018,000","18,418,000","19,036,000","17,206,000","18,495,000","19,392,000","19,737,000","17,855,000","17,852,000","18,051,000","16,804,000","14,957,000","15,461,000","14,472,000","15,458,000","14,559,000","14,974,000","13,675,000","13,881,000","12,548,000","13,407,000","9,106,000","8,584,000","7,895,000","7,957,000","9,513,000","8,582,000","8,019,000","8,515,000","7,715,000","7,495,000","7,320,000","8,515,000","8,658,000",,,,,,,,,,,,,,,,,,,,,,,,,,,,,,,,,,,,,,,,,,,,,,,,,,,,,,,,,,,,,,,,,,,,,,,,,,,,
			OtherGandA,"92,272,000","26,332,000","22,067,000","20,966,000","22,907,000","22,867,000","24,166,000","22,749,000","19,633,000","26,192,000","26,272,000","25,353,000","26,509,000","30,140,000","21,194,000","23,033,000","25,778,000","25,109,000","24,314,000","16,075,000","19,018,000","18,418,000","19,036,000","17,206,000","18,495,000","19,392,000","19,737,000","17,855,000","17,852,000","18,051,000","16,804,000","14,957,000","15,461,000","14,472,000","15,458,000","14,559,000","14,974,000","13,675,000","13,881,000","12,548,000","13,407,000","9,106,000","8,584,000","7,895,000","7,957,000","9,513,000","8,582,000","8,019,000","8,515,000","7,715,000","7,495,000","7,320,000","8,515,000","8,658,000",,,,,,,,,,,,,,,,,,,,,,,,,,,,,,,,,,,,,,,,,,,,,,,,,,,,,,,,,,,,,,,,,,,,,,,,,,,,
		SellingAndMarketingExpense,"23,235,000","6,209,000","5,371,000","5,590,000","6,065,000","6,665,000","5,686,000","6,510,000","4,886,000","7,998,000","9,136,000","8,998,000","8,494,000","8,223,000","7,455,000","8,690,000","8,556,000","8,345,000","8,020,000","5,497,000","5,897,000","6,173,000","6,849,000","6,415,000","7,045,000","6,961,000","7,017,000","6,462,000","7,184,000","6,569,000","6,315,000","6,271,000","6,826,000","7,264,000","7,568,000","7,628,000","7,734,000","7,667,000","7,477,000","7,134,000","5,482,000","3,496,000","3,681,000","3,155,000","3,166,000","2,979,000","2,973,000","2,654,000","2,501,000","2,541,000","2,507,000","2,566,000","2,918,000","3,185,000",,,,,,,,,,,,,,,,,,,,,,,,,,,,,,,,,,,,,,,,,,,,,,,,,,,,,,,,,,,,,,,,,,,,,,,,,,,,
	DepreciationAmortizationDepletionIncomeStatement,"22,099,000","5,039,000","5,630,000","5,631,000","5,799,000","5,798,000","5,497,000","5,496,000","5,493,000","5,495,000","5,118,000","5,115,000","5,109,000","5,129,000","4,650,000","4,937,000","4,940,000","4,941,000","4,348,000","4,097,000","4,095,000","4,501,000","4,979,000","4,983,000","4,989,000","4,988,000","5,314,000","5,316,000","5,315,000","5,314,000","5,465,000","5,471,000","5,471,000","5,471,000","5,508,000","5,454,000","5,454,000","5,370,000","3,415,000","2,984,000",,,,,,,,,,,,,,,,,,,,,,,,,,,,,,,,,,,,,,,,,,,,,,,"9,044,000","13,729,000","7,081,000","6,648,000","6,700,000","5,200,000","5,000,000","4,900,000","5,800,000","4,500,000","3,800,000","4,300,000","2,600,000","5,000,000","4,400,000","4,600,000","3,700,000","4,000,000","3,900,000","3,700,000","3,500,000","3,300,000","2,500,000","2,200,000","2,100,000","1,700,000","1,600,000","1,600,000","1,400,000","1,200,000","1,100,000","1,000,000","800,000","700,000","600,000","500,000",,,,,,,,
		DepreciationAndAmortizationInIncomeStatement,"22,099,000","5,039,000","5,630,000","5,631,000","5,799,000","5,798,000","5,497,000","5,496,000","5,493,000","5,495,000","5,118,000","5,115,000","5,109,000","5,129,000","4,650,000","4,937,000","4,940,000","4,941,000","4,348,000","4,097,000","4,095,000","4,501,000","4,979,000","4,983,000","4,989,000","4,988,000","5,314,000","5,316,000","5,315,000","5,314,000","5,465,000","5,471,000","5,471,000","5,471,000","5,508,000","5,454,000","5,454,000","5,370,000","3,415,000","2,984,000",,,,,,,,,,,,,,,,,,,,,,,,,,,,,,,,,,,,,,,,,,,,,,,"9,044,000","13,729,000","7,081,000","6,648,000","6,700,000","5,200,000","5,000,000","4,900,000","5,800,000","4,500,000","3,800,000","4,300,000","2,600,000","5,000,000","4,400,000","4,600,000","3,700,000","4,000,000","3,900,000","3,700,000","3,500,000","3,300,000","2,500,000","2,200,000","2,100,000","1,700,000","1,600,000","1,600,000","1,400,000","1,200,000","1,100,000","1,000,000","800,000","700,000","600,000","500,000",,,,,,,,
			Amortization,"22,099,000","5,039,000","5,630,000","5,631,000","5,799,000","5,798,000","5,497,000","5,496,000","5,493,000","5,495,000","5,118,000","5,115,000","5,109,000","5,129,000","4,650,000","4,937,000","4,940,000","4,941,000","4,348,000","4,097,000","4,095,000","4,501,000","4,979,000","4,983,000","4,989,000","4,988,000","5,314,000","5,316,000","5,315,000","5,314,000","5,465,000","5,471,000","5,471,000","5,471,000","5,508,000","5,454,000","5,454,000","5,370,000","3,415,000","2,984,000",,,,,,,,,,,,,,,,,,,,,,,,,,,,,,,,,,,,,,,,,,,,,,,,,,,,,,,,,,,,,,,,,,,,,,,,,,,,,,,,,,,,,,,,,,
				AmortizationOfIntangiblesIncomeStatement,"22,099,000","5,039,000","5,630,000","5,631,000","5,799,000","5,798,000","5,497,000","5,496,000","5,493,000","5,495,000","5,118,000","5,115,000","5,109,000","5,129,000","4,650,000","4,937,000","4,940,000","4,941,000","4,348,000","4,097,000","4,095,000","4,501,000","4,979,000","4,983,000","4,989,000","4,988,000","5,314,000","5,316,000","5,315,000","5,314,000","5,465,000","5,471,000","5,471,000","5,471,000","5,508,000","5,454,000","5,454,000","5,370,000","3,415,000","2,984,000",,,,,,,,,,,,,,,,,,,,,,,,,,,,,,,,,,,,,,,,,,,,,,,,,,,,,,,,,,,,,,,,,,,,,,,,,,,,,,,,,,,,,,,,,,
	OtherOperatingExpenses,,,,,,,,,,,,,,,,,,,,,,,,,,,"1,087,000",,,,,,,,,,,,,,,,,,,,,,,,,,,,,,,,,,,,,,,,,,,,,,,,,,,,,,,,,,,,,,,,,,,,,,,,,,,,,,,,,,,,,,,,,,,,,,,,,,,,,,,
OperatingIncome,"69,750,000","20,475,000","9,580,000","18,858,000","20,837,000","11,836,000","10,147,000","8,439,000","4,309,000","-2,942,000","31,781,000","38,269,000","47,538,000","25,198,000","35,757,000","28,502,000","46,041,000","25,724,000","36,194,000","35,295,000","38,668,000","30,264,000","38,958,000","54,855,000","60,535,000","48,185,000","54,663,000","56,389,000","42,054,000","27,263,000","34,137,000","34,929,000","33,855,000","19,465,000","24,053,000","33,856,000","30,691,000","15,474,000","29,566,000","27,408,000","20,792,000","7,127,000","8,394,000","2,270,000","5,117,000","4,009,000","5,736,000","-4,206,000","-5,715,000","-11,232,000","-11,884,000","-10,207,000","-16,664,000","-27,319,000","-20,921,000","-4,492,000","-3,010,000","-9,037,000","4,217,000","7,504,000","11,430,000","3,315,000","-5,839,000","10,394,000","9,558,000","8,780,000","20,673,000","16,207,000","21,930,000","21,184,000","15,004,000","22,758,000","22,524,000","8,923,000","2,528,000","593,000","9,773,000","6,584,000","-6,356,000","3,820,000","-14,610,000","-19,801,000","-107,973,000","-51,957,000","-22,107,000","-17,911,000","3,244,000","15,444,000","20,122,000","21,283,000","21,100,000","22,400,000","22,300,000","15,000,000","1,300,000","20,100,000","18,000,000","17,300,000","15,200,000","13,100,000","8,200,000","4,700,000","3,900,000","2,500,000","2,900,000","6,000,000","8,100,000","11,100,000","14,400,000","12,300,000","11,100,000","11,000,000","10,900,000","8,500,000","7,800,000","7,600,000","6,300,000","5,200,000","6,200,000","3,800,000","2,400,000","2,800,000","-126,500,000","46,800,000","52,000,000","40,500,000","-124,200,000","48,300,000","44,900,000","38,900,000"
NetNonOperatingInterestIncomeExpense,"-21,891,000","-4,913,000","-5,097,000","-5,847,000","-6,034,000","-6,150,000","-6,291,000","-5,749,000","-5,882,000","-6,272,000","-6,517,000","-6,713,000","-7,020,000","-7,090,000","-7,110,000","-7,044,000","-7,151,000","-7,454,000","-7,335,000","-3,187,000","-2,888,000","-2,990,000","-3,725,000","-3,906,000","-3,937,000","-4,095,000","-4,789,000","-4,784,000","-4,802,000","-5,173,000","-5,261,000","-5,454,000","-5,733,000","-5,717,000","-5,944,000","-6,252,000","-6,577,000","-7,535,000","-7,790,000","-7,760,000","-5,441,000","-733,000","-955,000","-1,108,000","-1,147,000","-926,000","-1,092,000","-1,023,000","-998,000","-1,027,000","-920,000","-1,148,000","-1,306,000","-1,005,000",,,,,,,,,,,,,,,,,,,,,,,,,,,,,,,,,,,,,,,,,,,,,,,,,,,,,,,,,,,,,,,,,,,,,,,,,,,,
	InterestExpenseNonOperating,"21,891,000","4,913,000","5,097,000","5,847,000","6,034,000","6,150,000","6,291,000","5,749,000","5,882,000","6,272,000","6,517,000","6,713,000","7,020,000","7,090,000","7,110,000","7,044,000","7,151,000","7,454,000","7,335,000","3,187,000","2,888,000","2,990,000","3,725,000","3,906,000","3,937,000","4,095,000","4,789,000","4,784,000","4,802,000","5,173,000","5,261,000","5,454,000","5,733,000","5,717,000","5,944,000","6,252,000","6,577,000","7,535,000","7,790,000","7,760,000","5,441,000","733,000","955,000","1,108,000","1,147,000","926,000","1,092,000","1,023,000","998,000","1,027,000","920,000","1,148,000","1,306,000","1,005,000",,,,,,,,,,,,,,,,,,,,,,,,,,,,,,,,,,,,,,,,,,,,,,,,,,,,,,,,,,,,,,,,,,,,,,,,,,,,
OtherIncomeExpense,"-36,469,000","-411,000","-37,129,000","-363,000","1,434,000","-635,000","134,000","-88,000","1,975,000","-106,994,000","40,000","1,333,000","1,081,000","-169,000","-11,689,000","-11,456,000","4,037,000","7,848,000","-708,000","-2,433,000","325,000","1,333,000","-15,000","830,000","-1,870,000","-398,000","-10,000","-187,000","8,069,000","-5,382,000","-133,000","-610,000","-1,048,000","32,000","-560,000","-631,000","-572,000","1,620,000","-583,000","39,000","-12,280,000","-1,682,000","36,000","24,000","-657,000","156,000","65,000","3,303,000","1,111,000","-126,733,000","20,702,000","-55,104,000","34,000","55,000","-66,622,000","28,000","-182,000","131,000","4,108,000","-21,000","-203,000","93,000","-14,892,000","-393,000","302,000","-60,000","-731,000","2,673,000","-515,000","-934,000","-134,000","900,000","-994,000","833,000","-722,000","-21,885,000","-26,650,000","2,714,000","281,000","-3,616,000","749,000","-1,062,000","-6,334,000","-39,969,000","-1,450,000","-4,443,000","-44,362,000","-2,698,000","-2,160,000","-2,184,000","1,600,000","-2,100,000","-1,700,000","-1,200,000","-2,700,000","-400,000","-100,000","-200,000","200,000","200,000","100,000","100,000","300,000","100,000","200,000","100,000","200,000","200,000","300,000","300,000","400,000","400,000","100,000","100,000","0","200,000","100,000","100,000",,"100,000","100,000","200,000",,,,,,,,
	GainOnSaleOfSecurity,,,,,,,,,,,,,,,,,,,,,,,,,,,,,,,,,,,,,,,,,"-231,000",,,,,,,,,,,,,,,,,,,,,,,,,,,,,,,,,,,,,,,,,,,,,,,,,,,,,,,,,,,,,,,,,,,,,,,,,,,,,,,,,,,,,,,,,
	EarningsFromEquityInterest,,,,,,,,,,,,,,,,,,,,,,,,,,,,,,,,,,,,,,,,,,,,,,,,,,,,,,,,,,,,,,,,,,,,,,,,,,,,,,,,,,,,"-1,800,000","-1,844,000","-2,489,000",,,,,,,,,,,,,,,,,,,,,,,,,,,,,,,,,,,,,,,,,,,,
	SpecialIncomeCharges,"-27,288,000","-340,000","-28,200,000","-595,000","1,847,000","-621,000","-106,000","-31,000","1,690,000","-107,114,000","0","0","0","0","-12,979,000","-11,989,000","0","-68,000","-901,000","-8,704,000","0",,,,"-1,663,000",,,,,"-5,286,000","0","0","0","0","-585,000","-631,000","-239,000","-618,000","-486,000","39,000","-12,049,000","-1,682,000","36,000","24,000","-657,000","156,000","65,000","3,303,000","1,111,000","-126,733,000","20,702,000","-55,104,000","34,000","55,000","-66,622,000","28,000","-182,000","131,000","4,108,000","-21,000","-203,000","93,000","-14,892,000","-393,000","302,000","-60,000","-731,000","2,673,000","-515,000","-934,000","-134,000","900,000","-994,000","833,000","-722,000","-21,885,000","-26,650,000","2,714,000","281,000","-3,616,000","749,000","-1,062,000","-12,467,000","-38,169,000","394,000","-1,954,000","-44,362,000","-2,698,000","-2,160,000","-2,184,000","1,600,000","-2,100,000","-1,700,000","-1,200,000","-2,700,000","-400,000","-100,000","-200,000","200,000","200,000","100,000","100,000","300,000","100,000","200,000","100,000","200,000","200,000","300,000","300,000","400,000","400,000","100,000","100,000","0","200,000","100,000","100,000",,"100,000","100,000","200,000",,,,,,,,
		RestructuringAndMergernAcquisition,,,,,,,,"31,000","-1,690,000",,"0","0","0","0","0","0","0","68,000","901,000","8,704,000","0",,,,"1,663,000",,,,,,"0","0","0","0","0","26,000","239,000","618,000","335,000","172,000","12,224,000","1,678,000",,,,,,,,,,,,,,,,,,,,,,,,,,,,,,,,,,,,,"96,000","1,717,000",,,"2,632,000","36,822,000",,,,,,,,,,,,,,,,,,,,,,,,,,,,,,,,,,,,,,,,,,,,,,
		ImpairmentOfCapitalAssets,"27,288,000","340,000","28,200,000","595,000","-1,847,000","621,000","106,000","31,000","-1,690,000","107,114,000","0","0",,"0","12,979,000","11,989,000",,,"0","0","0",,,,"1,663,000",,,,,,,,,,,,,,,,,,,,,,,,,,,,,,,,,,,,,,,,,,,,,,,,,,,,,,,,,,,,,,,,,,,,,,,,,,,,,,,,,,,,,,,,,,,,,,,,,,,,,,,,,
		WriteOff,,,,,,,,,,"107,114,000",,,,,,,,,,,,,,,,,,,,,,,,,,,,,,,,,,,,,,,,,,,,,,,,,,,,,,,,,,,,,,,,,,,,,,,,,,,,,,,,,,,,,,,,,,,,,,,,,,,,,,,,,,,,,,,,,,,,,,,,
		OtherSpecialCharges,,,,,,,,,,,,,,,,,,,,,,,,,,,,,,"5,286,000",,,,,"585,000","605,000",,,,"-211,000","-175,000","4,000",,,,,,,,,,,,,,,,,,,,,,,,,,,,,,,,,,,,,"-377,000","1,899,000",,,"9,835,000","1,347,000",,,,,,,,,,,,,,,,,,,,,,,,,,,,,,,,,,,,,,,,,,,,,,
	OtherNonOperatingIncomeExpenses,"-9,181,000","-71,000","-8,929,000","232,000","-413,000","-14,000","240,000","-57,000","285,000","120,000","40,000","1,333,000","1,081,000","-169,000","1,290,000","533,000","4,037,000","7,916,000","193,000","6,271,000","325,000","1,333,000","-1,678,000","830,000","-207,000","-398,000","-10,000","-187,000","8,069,000","-96,000","-133,000","-610,000","-1,048,000","32,000","25,000",,"-333,000","2,238,000","-248,000",,,,,,,,,,,,,,,,,,,,,,,,,,,,,,,,,,,,,,,,,,,,,,,,,,,,,,,,,,,,,,,,,,,,,,,,,,,,,,,,,,,,,,,,,,,
PretaxIncome,"11,390,000","15,151,000","-32,646,000","12,648,000","16,237,000","5,051,000","3,990,000","2,602,000","402,000","-116,208,000","25,304,000","32,889,000","41,599,000","17,939,000","16,958,000","10,002,000","42,927,000","26,118,000","28,151,000","29,675,000","36,105,000","28,607,000","35,218,000","51,779,000","54,728,000","43,692,000","49,864,000","51,418,000","45,321,000","16,708,000","28,743,000","28,865,000","27,074,000","13,780,000","17,549,000","26,973,000","23,542,000","9,559,000","21,193,000","19,687,000","3,071,000","4,712,000","7,475,000","1,186,000","3,313,000","3,239,000","4,709,000","-1,926,000","-5,602,000","-138,992,000","7,898,000","-66,459,000","-17,936,000","-28,269,000","-88,851,000","-5,618,000","-4,213,000","-10,080,000","6,980,000","6,067,000","9,779,000","1,862,000","-7,116,000","7,920,000","8,337,000","7,161,000","18,400,000","17,214,000","19,810,000","18,632,000","12,671,000","20,714,000","18,761,000","6,859,000","-1,748,000","-29,641,000","-27,268,000","1,430,000","-14,936,000","-8,319,000","-21,677,000","-26,536,000","-120,718,000","-97,237,000","-28,917,000","-28,154,000","-46,523,000","8,183,000","12,318,000","14,971,000","19,200,000","17,000,000","17,600,000","10,800,000","-4,700,000","16,300,000","14,400,000","12,400,000","10,900,000","8,900,000","4,600,000","1,500,000","2,100,000",,"200,000","3,600,000","5,900,000","9,500,000","13,200,000","11,700,000","10,900,000","10,600,000","10,300,000","7,900,000","7,600,000","7,300,000","6,000,000","5,000,000","5,800,000","3,600,000","2,200,000","2,800,000",,,,,,,,
TaxProvision,"1,369,000","3,077,000","-7,333,000","1,640,000","3,985,000","1,834,000","-1,504,000","-1,285,000","548,000","-9,561,000","6,929,000","7,429,000","10,639,000","3,159,000","5,374,000","5,338,000","11,025,000","4,846,000","-21,205,000","10,728,000","13,160,000","8,434,000","12,218,000","18,401,000","19,197,000","16,168,000","16,577,000","19,538,000","16,672,000","6,234,000","9,655,000","10,558,000","10,835,000","6,484,000","7,126,000","10,737,000","9,407,000","3,824,000","-58,991,000","1,246,000","1,129,000","-352,000","24,000","94,000","11,000","42,000","-150,000","12,000","0","87,000","-2,960,000","-55,000","-1,000","15,000","23,055,000","-1,288,000","-1,010,000","-3,693,000","1,344,000","2,289,000","3,904,000","866,000","-2,163,000","2,931,000","3,290,000","2,824,000","-1,295,000","-6,441,000","-29,448,000","153,000","-319,000","420,000","499,000",,,,,,"-3,331,000",,,"-11,947,000","14,230,000","-35,864,000","-10,800,000","-10,424,000","-18,148,000","3,191,000","4,804,000","5,839,000","7,500,000","6,600,000","7,300,000","4,400,000","-2,000,000","6,500,000","5,700,000","5,000,000","4,500,000","3,800,000","1,800,000","600,000","900,000",,"100,000","1,400,000","1,300,000","3,700,000","5,100,000","4,700,000","4,300,000","4,200,000","4,100,000","3,100,000","2,900,000","3,200,000","2,300,000","1,900,000","2,200,000","1,400,000","900,000","1,100,000",,,,,,,,
NetIncomeCommonStockholders,"10,021,000","12,074,000","-25,313,000","11,008,000","12,252,000","3,217,000","5,494,000","3,887,000","-146,000","-106,647,000","18,375,000","25,460,000","30,960,000","14,780,000","11,584,000","4,664,000","31,902,000","21,272,000","49,356,000","18,947,000","22,945,000","20,173,000","23,000,000","33,378,000","35,531,000","27,524,000","33,287,000","31,880,000","28,649,000","10,474,000","18,947,000","18,204,000","16,151,000","7,235,000","10,259,000","16,119,000","14,023,000","5,684,000","79,280,000","18,441,000","1,942,000","5,064,000","7,451,000","1,092,000","3,302,000","3,197,000","4,859,000","-1,938,000","-29,057,000","-141,078,000","8,634,000","-67,500,000","-17,935,000","-28,284,000","-111,906,000","-4,330,000","-3,203,000","-6,387,000","5,636,000","3,778,000","5,875,000","996,000","-4,953,000","4,989,000","5,047,000","4,337,000","19,695,000","23,655,000","49,258,000","18,479,000","12,990,000","20,294,000","18,262,000","6,859,000","-2,009,000","-29,905,000","-27,532,000","1,166,000","-11,873,000","-8,728,000","-22,120,000","-15,032,000","-135,390,000","-61,824,000","-18,593,000","-18,206,000","-28,851,000","4,516,000","7,038,000","8,656,000","11,200,000","9,900,000","9,600,000","6,000,000","-3,200,000","9,400,000","8,400,000","7,100,000","6,200,000","4,800,000","2,600,000","900,000","1,200,000","100,000","100,000","2,200,000","4,600,000","5,800,000","8,100,000","7,000,000","6,600,000","6,400,000","6,200,000","4,800,000","4,700,000","4,100,000","3,700,000","3,100,000","3,600,000","2,200,000","1,300,000","1,700,000","2,100,000","1,600,000","2,200,000","1,000,000","300,000","1,200,000","800,000","500,000"
	NetIncome,"10,021,000","12,074,000","-25,313,000","11,008,000","12,252,000","3,217,000","5,494,000","3,887,000","-146,000","-106,647,000","18,375,000","25,460,000","30,960,000","14,780,000","11,584,000","4,664,000","31,902,000","21,272,000","49,356,000","18,947,000","22,945,000","20,173,000","23,000,000","33,378,000","35,531,000","27,524,000","33,287,000","31,880,000","28,649,000","10,474,000","19,088,000","18,307,000","16,239,000","7,296,000","10,423,000","16,236,000","14,135,000","5,735,000","80,184,000","18,441,000","1,942,000","5,064,000","7,451,000","1,092,000","3,302,000","3,197,000","4,859,000","-1,938,000","-5,602,000","-139,079,000","10,858,000","-66,404,000","-17,935,000","-28,284,000","-111,906,000","-4,330,000","-3,203,000","-6,387,000","5,636,000","3,778,000","5,875,000","996,000","-4,953,000","4,989,000","5,047,000","4,337,000","19,695,000","23,655,000","49,258,000","18,479,000","12,990,000","20,294,000","18,262,000","6,859,000","-1,748,000","-29,641,000","-27,268,000","1,430,000","-11,605,000","-8,319,000","-21,677,000","-14,589,000","-134,948,000","-61,373,000","-18,117,000","-17,730,000","-28,375,000","4,992,000","7,514,000","9,132,000","11,700,000","10,400,000","10,300,000","6,400,000","-2,700,000","9,800,000","8,700,000","7,400,000","6,400,000","5,100,000","2,800,000","900,000","1,200,000","100,000","100,000","2,200,000","4,600,000","5,800,000","8,100,000","7,000,000","6,600,000","6,400,000","6,200,000","4,800,000","4,700,000","4,100,000","3,700,000","3,100,000","3,600,000","2,200,000","1,300,000","1,700,000","2,100,000","1,600,000","2,200,000","1,000,000","300,000","1,200,000","800,000","500,000"
		NetIncomeIncludingNoncontrollingInterests,"10,021,000","12,074,000","-25,313,000","11,008,000","12,252,000","3,217,000","5,494,000","3,887,000","-146,000","-106,647,000","18,375,000","25,460,000","30,960,000","14,780,000","11,584,000","4,664,000","31,902,000","21,272,000","49,356,000","18,947,000","22,945,000","20,173,000","23,000,000","33,378,000","35,531,000","27,524,000","33,287,000","31,880,000","28,649,000","10,474,000","19,088,000","18,307,000","16,239,000","7,296,000","10,423,000","16,236,000","14,135,000","5,735,000","80,184,000","18,441,000","1,942,000","5,064,000","7,451,000","1,092,000","3,302,000","3,197,000","4,859,000","-1,938,000","-5,602,000","-139,079,000","10,858,000","-66,404,000","-17,935,000","-28,284,000","-111,906,000","-4,330,000","-3,203,000","-6,387,000","5,636,000","3,778,000","5,875,000","996,000","-4,953,000","4,989,000","5,047,000","4,337,000","19,695,000","23,655,000","49,258,000","18,479,000","12,990,000","20,294,000","18,262,000","6,859,000","-1,748,000","-29,641,000","-27,268,000","1,430,000","-11,605,000","-8,319,000","-21,677,000","-14,589,000","-134,948,000","-61,373,000","-18,117,000","-17,730,000","-28,375,000","4,992,000","7,514,000","9,132,000","11,700,000","10,400,000","10,300,000","6,400,000","-2,700,000","9,800,000","8,700,000","7,400,000","6,400,000","5,100,000","2,800,000","900,000","1,200,000","100,000","100,000","2,200,000","4,600,000","5,800,000","8,100,000","7,000,000","6,600,000","6,400,000","6,200,000","4,800,000","4,700,000","4,100,000","3,700,000","3,100,000","3,600,000","2,200,000","1,300,000","1,700,000","2,100,000","1,600,000","2,200,000","1,000,000","300,000","1,200,000","800,000","500,000"
			NetIncomeContinuousOperations,"10,021,000","12,074,000","-25,313,000","11,008,000","12,252,000","3,217,000","5,494,000","3,887,000","-146,000","-106,647,000","18,375,000","25,460,000","30,960,000","14,780,000","11,584,000","4,664,000","31,902,000","21,272,000","49,356,000","18,947,000","22,945,000","20,173,000","23,000,000","33,378,000","35,531,000","27,524,000","33,287,000","31,880,000","28,649,000","10,474,000","19,088,000","18,307,000","16,239,000","7,296,000","10,423,000","16,236,000","14,135,000","5,735,000","80,184,000","18,441,000","1,942,000","5,064,000","7,451,000","1,092,000","3,302,000","3,197,000","4,859,000","-1,938,000","-5,602,000","-139,079,000","10,858,000","-66,404,000","-17,935,000","-28,284,000","-111,906,000","-4,330,000","-3,203,000","-6,387,000","5,636,000","3,778,000","5,875,000","996,000","-4,953,000","4,989,000","5,047,000","4,337,000","19,695,000","23,655,000","49,258,000","18,479,000","12,990,000","20,294,000","18,262,000","6,859,000","-1,748,000","-29,641,000","-27,268,000","1,430,000","-11,605,000","-8,319,000","-21,677,000","-14,589,000","-134,948,000","-61,373,000","-18,117,000","-17,730,000","-28,375,000","4,992,000","7,514,000","9,132,000","11,700,000","10,400,000","10,300,000","6,400,000","-2,700,000","9,800,000","8,700,000","7,400,000","6,400,000","5,100,000","2,800,000","900,000","1,200,000","100,000","100,000","2,200,000","4,600,000","5,800,000","8,100,000","7,000,000","6,600,000","6,400,000","6,200,000","4,800,000","4,700,000","4,100,000","3,700,000","3,100,000","3,600,000","2,200,000","1,300,000","1,700,000","2,100,000","1,600,000","2,200,000","1,000,000","300,000","1,200,000","800,000","500,000"
	PreferredStockDividends,,,,,,,,,,,,,,,,,,,,,,,,,,,,,,,,,,,,,,,,,,,,,,,"0",,"23,455,000","1,999,000","2,224,000","1,096,000",,,,,,,,,,,,,,,,,,,,,,,"261,000","264,000","264,000","264,000","268,000","409,000","443,000","443,000","442,000","451,000","476,000","476,000","476,000","476,000","476,000","476,000","500,000","500,000","700,000","400,000","500,000","400,000","300,000","300,000","200,000","300,000","200,000",,,,,,,,,,,,,,,,,,,,,,,,,,,,,
	OtherunderPreferredStockDividend,,,,,,,,,,,,,,,,,,,,,,,,,,,"0","0","0",,"141,000","103,000","88,000","61,000","164,000","117,000","112,000","51,000","723,000",,"16,000",,,,,,,,,,,,,,,,,,,,,,,,,,,,,,,,,,,,,,,,,,,,,,,,,,,,,,,,,,,,,,,,,,,,,,,,,,,,,,,,,,,,,,,,,
DilutedNIAvailtoComStockholders,"10,021,000","12,074,000","-25,313,000","11,008,000","12,252,000","3,217,000","5,494,000","3,887,000","-146,000","-106,647,000","18,375,000","25,460,000","30,960,000","14,780,000","11,584,000","4,664,000","31,902,000","21,272,000","49,356,000","18,947,000","22,945,000","20,173,000","23,000,000","33,378,000","35,531,000","27,524,000","33,287,000","31,880,000","28,649,000","10,474,000","18,947,000","18,204,000","16,151,000","7,235,000","10,259,000","16,119,000","14,023,000","5,684,000","79,280,000","18,441,000","1,942,000","5,064,000","7,451,000","1,092,000","3,302,000","3,197,000","4,859,000","-1,938,000","-29,057,000","-141,078,000","8,634,000","-67,500,000","-17,935,000","-28,284,000","-111,906,000","-4,330,000","-3,203,000","-6,387,000","5,636,000","3,778,000","5,875,000","996,000","-4,953,000","4,989,000","5,047,000","4,337,000","19,695,000","23,655,000","49,258,000","18,479,000","12,990,000","20,294,000","18,262,000","6,859,000","-2,009,000","-29,905,000","-27,532,000","1,166,000","-11,873,000","-8,728,000","-22,120,000","-15,032,000","-135,390,000","-61,824,000","-18,593,000","-18,206,000","-28,851,000","4,516,000","7,038,000","8,656,000","11,200,000","9,900,000","9,600,000","6,000,000","-3,200,000","9,400,000","8,400,000","7,100,000","6,200,000","4,800,000","2,600,000","900,000","1,200,000","100,000","100,000","2,200,000","4,600,000","5,800,000","8,100,000","7,000,000","6,600,000","6,400,000","6,200,000","4,800,000","4,700,000","4,100,000","3,700,000","3,100,000","3,600,000","2,200,000","1,300,000","1,700,000","2,100,000","1,600,000","2,200,000","1,000,000","300,000","1,200,000","800,000","500,000"
BasicEPS,,"0.25","-0.51","0.22","0.24","0.06","0.1","0.07","-0.003","-2.01","0.34","0.47","0.56","0.27","0.21","0.08","0.55","0.37","0.84","0.32","0.38","0.34","0.37","0.52","0.55","0.42","0.5","0.48","0.42","0.15","0.28","0.26","0.23","0.11","0.15","0.24","0.2","0.08","1.16","0.27","0.03","0.07","0.11","0.02","0.05","0.05",,"-0.03","-0.72","-4.64",,"-2.23","-0.59","-0.94",,"-0.14","-0.11","-0.21",,"0.13","0.19","0.03",,"0.16","0.16","0.14",,"0.76","1.58","0.6",,"0.74","0.67","0.25",,"-1.16","-1.07","0.05",,"-0.37","-0.96","-0.65",,"-2.69","-0.81","-0.79",,"0.2","0.31","0.38",,"0.43","0.42","0.26",,"0.41","0.38","0.36",,"0.24","0.13","0.05",,"0.01","0.01","0.12",,"0.31","0.43","0.37",,"0.34","0.233","0.18",,"0.153","0.14","0.127",,"0.087","0.053","0.073",,"0.087","0.113","0.053",,"0.073","0.067","0.033"
DilutedEPS,,"0.24","-0.51","0.22","0.24","0.06","0.1","0.07","-0.003","-2.01","0.34","0.46","0.56","0.27","0.21","0.08","0.54","0.35","0.8","0.3","0.36","0.32","0.36","0.51","0.53","0.42","0.5","0.47","0.41","0.15","0.27","0.25","0.23","0.1","0.15","0.23","0.2","0.08","1.16","0.27","0.03","0.07","0.11","0.02","0.05","0.05",,"-0.03","-0.72","-4.64",,"-2.23","-0.59","-0.94",,"-0.14","-0.11","-0.21",,"0.12","0.18","0.03",,"0.15","0.15","0.13",,"0.66","1.33","0.52",,"0.62","0.56","0.23",,"-1.16","-1.07","0.05",,"-0.37","-0.96","-0.65",,"-2.69","-0.81","-0.79",,"0.2","0.31","0.38",,"0.43","0.42","0.26",,"0.41","0.38","0.36",,"0.24","0.13","0.05",,"0.01","0.01","0.12",,"0.31","0.43","0.37",,"0.34","0.233","0.18",,"0.153","0.14","0.127",,"0.087","0.053","0.073",,"0.087","0.113","0.053",,"0.073","0.067","0.033"
BasicAverageShares,,"49,004,000","49,400,000","49,974,000","51,272,000","52,126,000","52,840,000","52,912,000","52,874,000","53,156,000","53,917,000","54,413,000","55,197,000","55,268,000","55,543,000","56,798,000","57,879,000","57,793,000","58,416,000","58,994,000","59,902,000","60,143,000","61,469,000","63,604,000","64,834,000","65,037,000","65,994,000","66,524,000","67,591,000","68,731,000","68,993,000","68,976,000","68,938,000","68,669,000","68,513,000","68,487,000","68,442,000","68,395,000","68,376,000","68,357,000","68,323,000","68,245,000","68,130,000","68,117,000","68,087,000","68,007,000",,"59,825,000","40,623,000","30,432,000",,"30,331,000","30,198,000","30,050,000",,"29,993,000","29,927,000","30,414,286",,"29,061,538","30,921,053","33,200,000",,"31,181,250","31,543,750","30,978,571",,"31,125,000","31,175,949","30,798,333",,"27,424,324","27,256,716","27,436,000",,"25,780,172","25,730,841","23,320,000",,"23,589,189","23,041,667","23,126,154",,"22,982,900","22,954,321","23,045,570",,"22,580,000","22,703,226","22,778,947",,"23,023,256","22,857,143","23,076,923",,"22,926,829","22,105,263","19,722,222",,"20,000,000","20,000,000","18,000,000",,"17,692,308","18,333,333","18,333,333",,"18,709,677","18,837,209","18,918,919",,"18,823,529","18,892,000","17,381,000",,"17,379,000","17,379,000","17,379,000",,"16,630,000","16,630,000","16,630,000",,"18,461,538","19,411,765","18,750,000",,"16,363,636","12,000,000","15,000,000"
DilutedAverageShares,,"49,730,000","49,400,000","50,581,000","51,989,000","53,044,000","53,831,000","53,380,000","52,874,000","53,156,000","54,613,000","55,019,000","55,668,000","55,770,000","56,290,000","57,742,000","59,274,000","60,850,000","61,567,000","62,235,000","63,207,000","63,390,000","63,701,000","66,032,000","67,115,000","66,224,000","67,218,000","68,042,000","70,694,000","71,555,000","69,685,000","71,919,000","71,557,000","71,088,000","69,625,000","69,011,000","68,858,000","68,828,000","68,629,000","68,516,000","68,525,000","68,618,000","68,376,000","68,458,000","68,444,000","68,509,000",,"59,825,000","40,623,000","30,432,000",,"30,331,000","30,198,000","30,050,000",,"29,993,000","29,927,000","30,414,286",,"31,483,333","32,638,889","33,200,000",,"33,260,000","33,646,667","33,361,538",,"35,840,909","37,036,090","35,536,538",,"32,732,258","32,610,714","29,821,739",,"25,780,172","25,730,841","23,320,000",,"23,589,189","23,041,667","23,126,154",,"22,999,375","22,954,321","23,045,570",,"22,580,000","22,703,226","22,778,947",,"23,023,256","22,857,143","23,076,923",,"22,926,829","22,105,263","19,722,222",,"20,000,000","20,000,000","18,000,000",,"17,692,308","18,333,333","18,333,333",,"18,709,677","18,837,209","18,918,919",,"18,823,529","18,892,000","17,381,000",,"17,379,000","17,379,000","17,379,000",,"16,630,000","16,630,000","16,630,000",,"18,461,538","19,411,765","18,750,000",,"16,363,636","12,000,000","15,000,000"
TotalOperatingIncomeAsReported,"42,462,000","20,135,000","-18,620,000","18,263,000","22,684,000","11,215,000","10,041,000","8,408,000","5,999,000","-110,056,000","31,781,000","38,269,000","47,538,000","25,198,000","22,778,000","16,513,000","46,041,000","25,656,000","35,293,000","26,591,000","38,668,000","30,264,000","40,621,000","54,855,000","58,872,000","48,185,000","54,663,000","56,389,000","42,054,000","27,263,000","34,137,000","34,929,000","33,855,000","19,465,000","24,053,000","33,830,000","30,452,000","14,856,000","29,231,000","27,236,000","8,568,000","5,449,000","8,394,000","2,270,000","5,117,000","4,009,000","5,736,000","-4,206,000","-5,715,000","-11,232,000","-11,884,000","-10,207,000","-16,664,000","-27,319,000","-87,238,000","-4,492,000","-3,010,000","-9,037,000","4,217,000","7,504,000","11,430,000","3,315,000","-5,839,000","10,394,000","9,558,000","8,780,000","20,673,000","16,207,000","21,930,000","21,184,000","15,004,000","22,758,000","22,524,000","8,923,000","2,528,000","593,000","-18,727,000","6,584,000","-6,452,000","2,103,000","-14,610,000","-19,801,000","-110,605,000","-88,779,000","-22,107,000","-17,911,000","3,244,000","15,444,000","20,122,000","21,283,000","21,100,000","22,400,000","22,300,000","15,000,000","1,300,000","20,100,000","18,000,000","17,300,000","15,200,000","13,100,000","8,200,000","4,700,000","3,900,000","2,500,000","2,900,000","6,000,000","8,100,000","11,100,000","14,400,000","12,300,000","11,100,000","11,000,000","10,900,000","8,500,000","7,800,000","7,600,000","6,300,000","5,200,000","6,200,000","3,800,000","2,400,000","2,800,000",,,,,,,,
TotalExpenses,"1,888,276,000","526,286,000","469,697,000","463,708,000","428,585,000","380,167,000","393,931,000","343,145,000","334,844,000","390,016,000","547,220,000","542,639,000","578,515,000","507,976,000","574,439,000","524,571,000","566,649,000","465,595,000","507,250,000","389,803,000","397,235,000","332,452,000","423,099,000","409,417,000","410,903,000","399,491,000","489,048,000","474,961,000","472,777,000","410,334,000","493,340,000","456,768,000","452,166,000","338,655,000","434,301,000","406,121,000","382,435,000","308,755,000","386,281,000","378,509,000","341,616,000","270,555,000","333,338,000","334,163,000","281,978,000","217,975,000","235,814,000","175,054,000","155,414,000","89,506,000","97,257,000","98,531,000","102,870,000","105,256,000","251,636,000","247,445,000","204,494,000","170,098,000","253,607,000","283,513,000","283,419,000","255,539,000","360,038,000","351,896,000","324,014,000","253,339,000","320,116,000","277,627,000","301,053,000","234,921,000","272,353,000","254,485,000","232,375,000","212,674,000","217,223,000","214,857,000","220,458,000","215,924,000","212,247,000","237,654,000","224,861,000","181,753,000","274,619,000","293,902,000","234,279,000","260,540,000","271,533,000","330,374,000","338,607,000","331,565,000","337,000,000","352,300,000","357,900,000","326,600,000","325,500,000","314,000,000","319,700,000","276,300,000","253,000,000","233,300,000","188,200,000","130,400,000","164,500,000","158,800,000","137,700,000","155,200,000","179,000,000","165,000,000","179,100,000","165,300,000","148,600,000","136,900,000","126,800,000","108,100,000","87,700,000","82,200,000","84,700,000","78,500,000","79,200,000","67,000,000","71,300,000","56,300,000",,,,,,,,
NetIncomeFromContinuingAndDiscontinuedOperation,"10,021,000","12,074,000","-25,313,000","11,008,000","12,252,000","3,217,000","5,494,000","3,887,000","-146,000","-106,647,000","18,375,000","25,460,000","30,960,000","14,780,000","11,584,000","4,664,000","31,902,000","21,272,000","49,356,000","18,947,000","22,945,000","20,173,000","23,000,000","33,378,000","35,531,000","27,524,000","33,287,000","31,880,000","28,649,000","10,474,000","19,088,000","18,307,000","16,239,000","7,296,000","10,423,000","16,236,000","14,135,000","5,735,000","80,184,000","18,441,000","1,942,000","5,064,000","7,451,000","1,092,000","3,302,000","3,197,000","4,859,000","-1,938,000","-5,602,000","-139,079,000","10,858,000","-66,404,000","-17,935,000","-28,284,000","-111,906,000","-4,330,000","-3,203,000","-6,387,000","5,636,000","3,778,000","5,875,000","996,000","-4,953,000","4,989,000","5,047,000","4,337,000","19,695,000","23,655,000","49,258,000","18,479,000","12,990,000","20,294,000","18,262,000","6,859,000","-1,748,000","-29,641,000","-27,268,000","1,430,000","-11,605,000","-8,319,000","-21,677,000","-14,589,000","-134,948,000","-61,373,000","-18,117,000","-17,730,000","-28,375,000","4,992,000","7,514,000","9,132,000","11,700,000","10,400,000","10,300,000","6,400,000","-2,700,000","9,800,000","8,700,000","7,400,000","6,400,000","5,100,000","2,800,000","900,000","1,200,000","100,000","100,000","2,200,000","4,600,000","5,800,000","8,100,000","7,000,000","6,600,000","6,400,000","6,200,000","4,800,000","4,700,000","4,100,000","3,700,000","3,100,000","3,600,000","2,200,000","1,300,000","1,700,000","2,100,000","1,600,000","2,200,000","1,000,000","300,000","1,200,000","800,000","500,000"
NormalizedIncome,"34,029,169.271","12,344,980","-3,447,331.924","11,525,650","10,857,515","3,612,577","5,571,380","3,909,630","-1,379,700","-8,316,348","18,375,000","25,460,000","30,960,000","14,780,000","20,449,947.399","13,415,970","31,902,000","21,327,352","49,896,600","24,500,152","22,945,000","20,173,000","23,000,000","33,378,000","36,610,287","27,524,000","33,287,000","31,880,000","28,649,000","13,788,322","19,088,000","18,307,000","16,239,000","7,296,000","10,803,250","16,615,862","14,278,499.49","6,105,800","80,499,900","18,404,468.329","9,707,470.531","6,157,300","7,415,115.585","1,069,902.192","3,956,818.593","3,043,022.847","4,816,750","-4,084,950","-6,713,000","-56,702,550","-2,598,300","-11,345,602.853","-17,968,998.104","-28,319,750","-68,601,700","-4,351,580.634","-3,064,631.616","-6,470,005.655","2,318,995.989","3,791,076.974","5,996,957.767","935,550","5,412,384.486","5,236,560.227","4,864,177.162","4,373,338.5","20,133,600","22,051,200","49,567,000","19,405,330.292","13,070,400","19,412,248.528","19,229,561.857","6,359,200","-1,026,000","-7,756,000","-618,000","-198,400","-11,823,331.883","-4,703,000","-22,426,000","-13,951,800","-127,467,800","-37,281,902.609","-18,363,847.806","-16,499,467.216","-1,318,022.806","6,637,901.992","8,831,603.507","10,464,194.777","10,725,000","11,684,705.882","11,320,000","7,120,000","-1,080,000","10,040,490.798","8,760,416.667","7,520,000","6,280,000","4,980,000","2,739,130.435","840,000","1,020,000","40,000","-20,000","2,138,888.889","4,444,067.797","5,677,894.737","7,915,909.091","6,820,000","6,357,798.165","6,158,490.566","6,139,805.825","4,739,240.506","4,700,000","3,980,000","3,638,333.333","3,038,000","3,600,000","2,138,888.889","1,240,000","1,578,571.429","2,100,000","1,600,000","2,200,000","1,000,000","300,000","1,200,000","800,000","500,000"
InterestExpense,"21,891,000","4,913,000","5,097,000","5,847,000","6,034,000","6,150,000","6,291,000","5,749,000","5,882,000","6,272,000","6,517,000","6,713,000","7,020,000","7,090,000","7,110,000","7,044,000","7,151,000","7,454,000","7,335,000","3,187,000","2,888,000","2,990,000","3,725,000","3,906,000","3,937,000","4,095,000","4,789,000","4,784,000","4,802,000","5,173,000","5,261,000","5,454,000","5,733,000","5,717,000","5,944,000","6,252,000","6,577,000","7,535,000","7,790,000","7,760,000","5,441,000","733,000","955,000","1,108,000","1,147,000","926,000","1,092,000","1,023,000","998,000","1,027,000","920,000","1,148,000","1,306,000","1,005,000",,,,,,,,,,,,,,,,,,,,,,,,,,,,,,,,,,,,,,,,,,,,,,,,,,,,,,,,,,,,,,,,,,,,,,,,,,,,
NetInterestIncome,"-21,891,000","-4,913,000","-5,097,000","-5,847,000","-6,034,000","-6,150,000","-6,291,000","-5,749,000","-5,882,000","-6,272,000","-6,517,000","-6,713,000","-7,020,000","-7,090,000","-7,110,000","-7,044,000","-7,151,000","-7,454,000","-7,335,000","-3,187,000","-2,888,000","-2,990,000","-3,725,000","-3,906,000","-3,937,000","-4,095,000","-4,789,000","-4,784,000","-4,802,000","-5,173,000","-5,261,000","-5,454,000","-5,733,000","-5,717,000","-5,944,000","-6,252,000","-6,577,000","-7,535,000","-7,790,000","-7,760,000","-5,441,000","-733,000","-955,000","-1,108,000","-1,147,000","-926,000","-1,092,000","-1,023,000","-998,000","-1,027,000","-920,000","-1,148,000","-1,306,000","-1,005,000",,,,,,,,,,,,,,,,,,,,,,,,,,,,,,,,,,,,,,,,,,,,,,,,,,,,,,,,,,,,,,,,,,,,,,,,,,,,
EBIT,"33,281,000","20,064,000","-27,549,000","18,495,000","22,271,000","11,201,000","10,281,000","8,351,000","6,284,000","-109,936,000","31,821,000","39,602,000","48,619,000","25,029,000","24,068,000","17,046,000","50,078,000","33,572,000","35,486,000","32,862,000","38,993,000","31,597,000","38,943,000","55,685,000","58,665,000","47,787,000","54,653,000","56,202,000","50,123,000","21,881,000","34,004,000","34,319,000","32,807,000","19,497,000","23,493,000","33,225,000","30,119,000","17,094,000","28,983,000","27,447,000","8,512,000","5,445,000","8,430,000","2,294,000","4,460,000","4,165,000","5,801,000","-903,000","-4,604,000","-137,965,000","8,818,000","-65,311,000","-16,630,000","-27,264,000","-87,566,000","-4,492,000","-3,010,000","-9,037,000","4,217,000","7,504,000","11,430,000","3,315,000","-5,839,000","10,394,000","9,558,000","8,780,000","20,673,000","16,207,000","21,930,000","21,184,000","15,004,000","22,758,000","22,524,000","8,923,000","2,528,000","593,000","9,773,000","6,584,000","-6,356,000","3,820,000","-14,610,000","-19,801,000","-107,973,000","-51,957,000","-22,107,000","-17,911,000","3,244,000","15,444,000","20,122,000","21,283,000","21,100,000","22,400,000","22,300,000","15,000,000","1,300,000","20,100,000","18,000,000","17,300,000","15,200,000","13,100,000","8,200,000","4,700,000","3,900,000","2,500,000","2,900,000","6,000,000","8,100,000","11,100,000","14,400,000","12,300,000","11,100,000","11,000,000","10,900,000","8,500,000","7,800,000","7,600,000","6,300,000","5,200,000","6,200,000","3,800,000","2,400,000","2,800,000","-126,500,000","46,800,000","52,000,000","40,500,000","-124,200,000","48,300,000","44,900,000","38,900,000"
EBITDA,"83,157,000"
ReconciledCostOfRevenue,"1,722,893,000","480,481,000","430,238,000","424,809,000","387,365,000","338,405,000","351,249,000","301,391,000","298,799,000","344,707,000","501,066,000","497,872,000","532,866,000","459,064,000","535,626,000","482,540,000","522,208,000","422,037,000","465,265,000","359,838,000","364,014,000","299,158,000","385,983,000","376,745,000","376,376,000","363,974,000","451,668,000","441,119,000","438,259,000","376,262,000","460,535,000","425,761,000","420,028,000","307,406,000","401,646,000","374,534,000","350,196,000","277,637,000","357,193,000","351,824,000","322,727,000","257,953,000","321,073,000","323,113,000","270,855,000","205,483,000","224,259,000","164,381,000","144,398,000","79,250,000","87,255,000","88,645,000","91,437,000","93,413,000","235,457,000","233,965,000","190,711,000","155,156,000","238,713,000","266,424,000","267,017,000","238,669,000","325,882,000","336,177,000","306,300,000","239,328,000","306,866,000","263,749,000","286,874,000","221,707,000","258,250,000","240,321,000","218,264,000","198,475,000","204,492,000","199,545,000","206,542,000","200,167,000","193,437,000","219,743,000","204,024,000","161,913,000","251,356,000","274,678,000","212,198,000","244,372,000","247,745,000","309,028,000","317,603,000","311,777,000","316,000,000","334,500,000","341,100,000","309,500,000","307,500,000","298,800,000","305,700,000","262,600,000","242,000,000","220,200,000","177,300,000","122,500,000","156,800,000","151,200,000","130,800,000","148,500,000","172,700,000","159,000,000","173,900,000","160,400,000","144,200,000","132,700,000","122,900,000","104,500,000","84,400,000","79,000,000","81,700,000","75,600,000","76,800,000","64,600,000","69,000,000","54,400,000",,,,,,,,
ReconciledDepreciation,"49,876,000","13,264,000","12,021,000","12,343,000","12,248,000","12,230,000","12,830,000","12,495,000","11,526,000","11,119,000","10,746,000","10,416,000","10,646,000","10,549,000","10,164,000","10,308,000","10,107,000","10,104,000","9,651,000","8,393,000","8,306,000","8,703,000","9,568,000","9,051,000","8,987,000","9,164,000","9,539,000","9,525,000","9,482,000","9,452,000","9,686,000","9,779,000","9,851,000","9,513,000","9,629,000","9,400,000","9,531,000","9,776,000","7,730,000","7,003,000","7,063,000","3,769,000","3,837,000","3,885,000","3,924,000","3,945,000","3,993,000","4,139,000","4,295,000","4,428,000","5,153,000","4,832,000","4,804,000","4,796,000","5,932,000","5,154,000","5,194,000","5,187,000","4,990,000","4,854,000","4,880,000","4,743,000","5,011,000","4,988,000","6,477,000","4,122,000","3,683,000","3,588,000","4,033,000","4,243,000","4,696,000","4,850,000","4,911,000","4,984,000","4,673,000","5,788,000","6,631,000","6,696,000","6,929,000","6,680,000","7,576,000","7,441,000","7,047,000","8,676,000","8,501,000","7,919,000","9,044,000","7,278,000","7,081,000","6,648,000","6,700,000","5,200,000","5,000,000","4,900,000","5,800,000","4,500,000","3,800,000","4,300,000","2,600,000","5,000,000","4,400,000","4,600,000","3,700,000","4,000,000","3,900,000","3,700,000","3,500,000","3,300,000","2,500,000","2,200,000","2,100,000","2,000,000","1,700,000","1,600,000","1,400,000","1,400,000","1,100,000","1,000,000","800,000","800,000","800,000","500,000",,,,,,,,
NetIncomeFromContinuingOperationNetMinorityInterest,"10,021,000","12,074,000","-25,313,000","11,008,000","12,252,000","3,217,000","5,494,000","3,887,000","-146,000","-106,647,000","18,375,000","25,460,000","30,960,000","14,780,000","11,584,000","4,664,000","31,902,000","21,272,000","49,356,000","18,947,000","22,945,000","20,173,000","23,000,000","33,378,000","35,531,000","27,524,000","33,287,000","31,880,000","28,649,000","10,474,000","19,088,000","18,307,000","16,239,000","7,296,000","10,423,000","16,236,000","14,135,000","5,735,000","80,184,000","18,441,000","1,942,000","5,064,000","7,451,000","1,092,000","3,302,000","3,197,000","4,859,000","-1,938,000","-5,602,000","-139,079,000","10,858,000","-66,404,000","-17,935,000","-28,284,000","-111,906,000","-4,330,000","-3,203,000","-6,387,000","5,636,000","3,778,000","5,875,000","996,000","-4,953,000","4,989,000","5,047,000","4,337,000","19,695,000","23,655,000","49,258,000","18,479,000","12,990,000","20,294,000","18,262,000","6,859,000","-1,748,000","-29,641,000","-27,268,000","1,430,000","-11,605,000","-8,319,000","-21,677,000","-14,589,000","-134,948,000","-61,373,000","-18,117,000","-17,730,000","-28,375,000","4,992,000","7,514,000","9,132,000","11,700,000","10,400,000","10,300,000","6,400,000","-2,700,000","9,800,000","8,700,000","7,400,000","6,400,000","5,100,000","2,800,000","900,000","1,200,000","100,000","100,000","2,200,000","4,600,000","5,800,000","8,100,000","7,000,000","6,600,000","6,400,000","6,200,000","4,800,000","4,700,000","4,100,000","3,700,000","3,100,000","3,600,000","2,200,000","1,300,000","1,700,000","2,100,000","1,600,000","2,200,000","1,000,000","300,000","1,200,000","800,000","500,000"
TotalUnusualItemsExcludingGoodwill,"-27,288,000","-340,000","-28,200,000","-595,000","1,847,000","-621,000","-106,000","-31,000","1,690,000","-107,114,000","0","0","0","0","-12,979,000","-11,989,000","0","-68,000","-901,000","-8,704,000","0",,,,"-1,663,000",,,,,"-5,286,000","0","0","0","0","-585,000","-631,000","-239,000","-618,000","-486,000","39,000","-12,280,000","-1,682,000","36,000","24,000","-657,000","156,000","65,000","3,303,000","1,111,000","-126,733,000","20,702,000","-55,104,000","34,000","55,000","-66,622,000","28,000","-182,000","131,000","4,108,000","-21,000","-203,000","93,000","-14,892,000","-393,000","302,000","-60,000","-731,000","2,673,000","-515,000","-934,000","-134,000","900,000","-994,000","833,000","-722,000","-21,885,000","-26,650,000","2,714,000","281,000","-3,616,000","749,000","-1,062,000","-12,467,000","-38,169,000","394,000","-1,954,000","-44,362,000","-2,698,000","-2,160,000","-2,184,000","1,600,000","-2,100,000","-1,700,000","-1,200,000","-2,700,000","-400,000","-100,000","-200,000","200,000","200,000","100,000","100,000","300,000","100,000","200,000","100,000","200,000","200,000","300,000","300,000","400,000","400,000","100,000","100,000","0","200,000","100,000","100,000",,"100,000","100,000","200,000",,,,,,,,
TotalUnusualItems,"-27,288,000","-340,000","-28,200,000","-595,000","1,847,000","-621,000","-106,000","-31,000","1,690,000","-107,114,000","0","0","0","0","-12,979,000","-11,989,000","0","-68,000","-901,000","-8,704,000","0",,,,"-1,663,000",,,,,"-5,286,000","0","0","0","0","-585,000","-631,000","-239,000","-618,000","-486,000","39,000","-12,280,000","-1,682,000","36,000","24,000","-657,000","156,000","65,000","3,303,000","1,111,000","-126,733,000","20,702,000","-55,104,000","34,000","55,000","-66,622,000","28,000","-182,000","131,000","4,108,000","-21,000","-203,000","93,000","-14,892,000","-393,000","302,000","-60,000","-731,000","2,673,000","-515,000","-934,000","-134,000","900,000","-994,000","833,000","-722,000","-21,885,000","-26,650,000","2,714,000","281,000","-3,616,000","749,000","-1,062,000","-12,467,000","-38,169,000","394,000","-1,954,000","-44,362,000","-2,698,000","-2,160,000","-2,184,000","1,600,000","-2,100,000","-1,700,000","-1,200,000","-2,700,000","-400,000","-100,000","-200,000","200,000","200,000","100,000","100,000","300,000","100,000","200,000","100,000","200,000","200,000","300,000","300,000","400,000","400,000","100,000","100,000","0","200,000","100,000","100,000",,"100,000","100,000","200,000",,,,,,,,
NormalizedEBITDA,"110,445,000","33,668,000","12,672,000","31,433,000","32,672,000","24,052,000","23,217,000","20,877,000","16,120,000","8,297,000","42,567,000","50,018,000","59,265,000","35,578,000","47,211,000","39,343,000","60,185,000","43,744,000","46,038,000","49,959,000","47,299,000","40,300,000","48,511,000","64,736,000","69,315,000","56,951,000","64,192,000","65,727,000","59,605,000","36,619,000","43,690,000","44,098,000","42,658,000","29,010,000","33,707,000","43,256,000","39,889,000","27,488,000","37,199,000","34,411,000","27,855,000","10,896,000","12,231,000","6,155,000","9,041,000","7,954,000","9,729,000","-67,000","-1,420,000","-6,804,000","-6,731,000","-5,375,000","-11,860,000","-22,523,000","-15,012,000","634,000","2,366,000","-3,981,000","5,099,000","12,379,000","16,513,000","7,965,000","14,064,000","15,775,000","15,733,000","12,962,000","25,087,000","17,122,000","26,478,000","26,361,000","19,834,000","26,708,000","28,429,000","13,074,000","7,923,000","28,266,000","43,054,000","10,566,000","292,000","14,116,000","-7,783,000","-11,298,000","-88,459,000","-5,112,000","-14,000,000","-8,038,000","56,650,000","31,871,000","29,363,000","30,115,000","26,200,000","29,700,000","29,000,000","21,100,000","9,800,000","25,000,000","21,900,000","21,800,000","17,600,000","17,900,000","12,500,000","9,200,000","7,300,000","6,400,000","6,600,000","9,600,000","11,400,000","14,200,000","16,600,000","14,200,000","12,800,000","12,600,000","12,500,000","10,000,000","9,200,000","8,800,000","7,300,000","6,100,000","7,000,000","4,500,000","3,100,000","3,100,000","-126,500,000","46,800,000","52,000,000","40,500,000","-124,200,000","48,300,000","44,900,000","38,900,000"
TaxRateForCalcs,"0.12","0.203","0.225","0.13","0.245","0.363","0.27","0.27","0.27","0.082","0.274","0.226","0.256","0.176","0.317","0.27","0.257","0.186","0.4","0.362","0.364","0.295","0.347","0.355","0.351","0.37","0.332","0.38","0.368","0.373","0.336","0.366","0.4","0.35","0.35","0.398","0.4","0.4","0.35","0.063","0.368","0.35","0.003","0.079","0.003","0.013","0.35","0.35","0","0.35","0.35","0.001","0","0.35","0.35","0.229","0.24","0.366","0.193","0.377","0.399","0.35","0.304","0.37","0.395","0.394","0.4","0.4","0.4","0.008","0.4","0.02","0.027","0.4","0","0","0","0.4","0.223","0","0","0.4","0.4","0.369","0.373","0.37","0.39","0.39","0.39","0.39","0.391","0.388","0.4","0.4","0.4","0.399","0.396","0.4","0.4","0.4","0.391","0.4","0.4","0.4","0.4","0.389","0.22","0.389","0.386","0.4","0.394","0.396","0.398","0.392","0.382","0.4","0.383","0.38","0.379","0.389","0.4","0.393","0.4","0.4","0.4","0.4","0.4","0.4","0.4","0.4"
TaxEffectOfUnusualItems,"-3,279,830.729","-69,020","-6,334,331.924","-77,350","452,515","-225,423","-28,620","-8,370","456,300","-8,783,348","0","0","0","0","-4,113,052.601","-3,237,030","0","-12,648","-360,400","-3,150,848","0","0","0","0","-583,713","0","0","0","0","-1,971,678","0","0","0","0","-204,750","-251,138","-95,500.51","-247,200","-170,100","2,468.329","-4,514,529.469","-588,700","115.585","1,902.192","-2,181.407","2,022.847","22,750","1,156,050","0","-44,356,550","7,245,700","-45,602.853","1.896","19,250","-23,317,700","6,419.366","-43,631.616","47,994.345","790,995.989","-7,923.026","-81,042.233","32,550","-4,526,615.514","-145,439.773","119,177.162","-23,661.5","-292,400","1,069,200","-206,000","-7,669.708","-53,600","18,248.528","-26,438.143","333,200","0","0","0","1,085,600","62,668.117","0","0","-424,800","-4,986,800","-14,077,902.609","147,152.194","-723,467.216","-17,305,022.806","-1,052,098.008","-842,396.493","-851,805.223","625,000","-815,294.118","-680,000","-480,000","-1,080,000","-159,509.202","-39,583.333","-80,000","80,000","80,000","39,130.435","40,000","120,000","40,000","80,000","38,888.889","44,067.797","77,894.737","115,909.091","120,000","157,798.165","158,490.566","39,805.825","39,240.506","0","80,000","38,333.333","38,000","0","38,888.889","40,000","78,571.429","0","0","0","0","0","0","0","0"