name,ttm,03/31/2022,12/31/2021,09/30/2021,06/30/2021,03/31/2021,12/31/2020,09/30/2020,06/30/2020,03/31/2020,12/31/2019,09/30/2019,06/30/2019,03/31/2019,12/31/2018,09/30/2018,06/30/2018,03/31/2018,12/31/2017,09/30/2017,06/30/2017,03/31/2017,12/31/2016,09/30/2016,06/30/2016,03/31/2016,12/31/2015,09/30/2015,06/30/2015,03/31/2015,12/31/2014,09/30/2014,06/30/2014,03/31/2014,12/31/2013,09/30/2013,06/30/2013,03/31/2013,12/31/2012,09/30/2012,06/30/2012,03/31/2012,12/31/2011,09/30/2011,06/30/2011,03/31/2011,12/31/2010,09/30/2010,06/30/2010,03/31/2010,12/31/2009,09/30/2009,06/30/2009,03/31/2009,12/31/2008,09/30/2008,06/30/2008,03/31/2008,12/31/2007,09/30/2007,06/30/2007,03/31/2007,12/31/2006,09/30/2006,06/30/2006,03/31/2006,12/31/2005,09/30/2005,06/30/2005,03/31/2005,12/31/2004,09/30/2004,06/30/2004,03/31/2004,12/31/2003,09/30/2003,06/30/2003,03/31/2003,12/31/2002,09/30/2002,06/30/2002,03/31/2002,12/31/2001,09/30/2001,06/30/2001,03/31/2001,12/31/2000,09/30/2000,06/30/2000,03/31/2000,12/31/1999,09/30/1999,06/30/1999,03/31/1999,12/31/1998,09/30/1998,06/30/1998,03/31/1998
TotalRevenue,"1,368,796,000","348,438,000","374,880,000","325,754,000","319,724,000","311,166,000","307,371,000","302,419,000","290,530,000","308,999,000","311,227,000","318,005,000","305,211,000","298,323,000","273,395,000","209,384,000","201,143,000","201,810,000","196,961,000","210,754,000","221,528,000","219,059,000","228,780,000","225,247,000","217,266,000","270,240,000","265,251,000","214,666,000","238,079,000","220,388,000","248,332,000","195,945,000","252,907,000","209,171,000","122,476,000","137,914,000","119,056,000","113,386,000","165,999,000","71,036,000","68,042,000","69,409,000","63,169,000","78,372,000","118,398,000","77,532,000","81,969,000","58,954,000","70,396,000","63,091,000","59,650,000","61,170,000","55,426,000","62,135,000","61,362,000","66,636,000","58,503,000","57,372,000","51,607,000","55,852,000","110,135,000","45,898,000","115,117,000","52,604,000","57,659,000","47,886,000","47,430,000","40,170,000","42,521,000","43,996,000","37,995,000","99,271,000","53,433,000","37,401,000","37,220,000","44,177,000","36,329,000","47,161,000","52,553,000","38,197,000","41,590,000","35,506,000","38,515,000","33,341,000","35,658,000","31,897,000","36,435,000","33,929,000","26,611,000","23,276,000","20,606,000","24,100,000","22,000,000","21,700,000","20,030,000","21,800,000","21,300,000","22,300,000"
	OperatingRevenue,"1,298,683,000","333,389,000","331,299,000","322,116,000","312,521,000","307,898,000","304,130,000","299,578,000","286,202,000","298,460,000","294,838,000","298,842,000","295,086,000","291,185,000","255,256,000","195,272,000","189,193,000","189,155,000","184,807,000","197,820,000","199,774,000","187,287,000","199,512,000","202,424,000","197,943,000","211,652,000","216,566,000","195,183,000","221,188,000","201,633,000","207,986,000","174,592,000","190,752,000","162,409,000","105,804,000","107,149,000","95,007,000","92,877,000","41,442,000","71,036,000","68,042,000","69,409,000","63,169,000","78,372,000","118,398,000","77,532,000","81,969,000","58,954,000","70,396,000","63,091,000","59,650,000","61,170,000","55,426,000","62,135,000","61,362,000","66,636,000","58,503,000","57,372,000","51,607,000","55,852,000","110,135,000","45,898,000","115,117,000","52,604,000","57,659,000","47,886,000","41,674,000","40,170,000","44,229,000","45,856,000","40,977,000","101,516,000","55,399,000","37,401,000","37,512,000","45,432,000","37,980,000","47,161,000","52,553,000","38,644,000","41,590,000","36,936,000","38,828,000","33,341,000","36,660,000","31,897,000","35,513,000","34,116,000","26,701,000","24,382,000","22,963,000","24,100,000","22,000,000","21,700,000","23,400,000","21,800,000","21,300,000","22,300,000"
CostOfRevenue,"129,058,000","34,453,000","31,813,000","32,868,000","29,924,000","29,593,000","26,962,000","30,521,000","29,246,000","32,503,000","34,290,000","39,321,000","38,527,000","37,545,000","31,350,000","19,974,000","20,178,000","21,422,000","21,199,000","22,626,000","32,119,000","44,325,000","41,026,000","34,298,000","31,615,000","47,171,000","57,073,000","30,800,000","27,116,000","27,282,000","54,568,000","35,231,000","65,168,000","54,191,000","22,903,000","30,659,000","23,780,000","19,854,000","105,743,000","5,026,000","5,835,000","5,197,000","5,974,000","6,397,000","6,008,000","5,712,000","-32,876,000","17,895,000","17,127,000","16,863,000","16,680,000","15,261,000","12,822,000","12,005,000","10,422,000","13,292,000","13,226,000",,,,,,,,,,,,,,,,,,,,,,,,,,,,,,,,,,,,,,,,,
GrossProfit,"1,239,738,000","313,985,000","343,067,000","292,886,000","289,800,000","281,573,000","280,409,000","271,898,000","261,284,000","276,496,000","276,937,000","278,684,000","266,684,000","260,778,000","242,045,000","189,410,000","180,965,000","180,388,000","175,762,000","188,128,000","189,409,000","174,734,000","187,754,000","190,949,000","185,651,000","223,069,000","208,178,000","183,866,000","210,963,000","193,106,000","193,764,000","160,714,000","187,739,000","154,980,000","99,573,000","107,255,000","95,276,000","93,532,000","60,256,000","66,010,000","62,207,000","64,212,000","57,195,000","71,975,000","112,390,000","71,820,000","114,845,000","41,059,000","53,269,000","46,228,000","42,970,000","45,909,000","42,604,000","50,130,000","50,940,000","53,344,000","45,277,000",,,,,,,,,,,,,,,,,,,,,,,,,,,,,,,,,,,,,,,,,
OperatingExpense,"591,282,000","146,310,000","161,344,000","139,768,000","143,860,000","137,786,000","135,042,000","132,314,000","128,059,000","140,877,000","135,579,000","133,237,000","139,947,000","140,031,000","116,898,000","89,290,000","86,332,000","94,754,000","87,454,000","91,182,000","87,154,000","90,484,000","94,087,000","87,733,000","93,408,000","115,790,000","106,732,000","104,068,000","100,778,000","104,838,000","101,750,000","88,145,000","92,986,000","87,938,000","65,740,000","60,321,000","61,177,000","59,849,000","6,254,000","81,276,000","53,799,000","52,510,000","47,348,000","47,074,000","48,949,000","44,492,000","80,955,000","24,115,000","26,325,000","26,405,000","17,448,000","25,532,000","23,610,000","26,718,000","23,312,000","25,223,000","23,457,000","36,317,000","55,945,000","26,993,000","36,644,000","26,600,000","50,983,000","32,267,000","38,609,000","23,489,000","44,066,000","19,200,000","20,969,000","20,578,000","24,756,000","30,800,000","22,991,000","21,407,000","22,828,000","26,404,000","24,509,000","29,304,000","18,934,000","26,107,000","29,531,000","24,983,000","29,145,000","26,027,000","27,377,000","26,387,000","39,995,000","29,267,000","23,618,000","19,897,000","89,422,000","-6,200,000","-5,100,000","-5,000,000","76,598,000","-4,400,000","-4,300,000","-4,700,000"
	SellingGeneralAndAdministration,"110,222,000","30,917,000","25,682,000","24,111,000","29,512,000","27,464,000","24,129,000","23,963,000","20,582,000","24,683,000","23,972,000","23,720,000","26,315,000","27,652,000","23,577,000","21,465,000","21,995,000","28,834,000","23,972,000","27,077,000","24,305,000","28,054,000","31,412,000","24,931,000","26,827,000","31,338,000","32,496,000","28,556,000","35,612,000","39,438,000","40,269,000","28,621,000","29,541,000","35,156,000","36,659,000","28,761,000","30,250,000","28,973,000","-22,608,000","74,705,000","47,066,000","45,646,000","37,956,000","39,894,000","41,644,000","39,042,000","75,044,000","18,048,000","20,510,000","20,036,000","16,262,000","17,206,000","16,490,000","21,035,000","16,413,000","18,828,000","17,178,000","15,413,000","13,983,000","12,345,000","23,256,000","12,237,000","11,665,000","8,800,000","9,871,000","14,156,000","15,652,000","11,503,000","14,218,000","13,811,000","11,301,000","14,563,000","14,382,000","10,739,000","8,715,000","12,102,000","10,821,000","12,061,000","15,858,000","10,066,000","9,339,000","7,375,000","9,580,000","6,874,000","6,650,000","6,241,000","6,472,000","5,925,000","2,405,000","1,913,000","2,045,000","2,300,000","1,900,000","1,900,000","1,860,000","1,300,000","1,900,000","1,600,000"
		GeneralAndAdministrativeExpense,"110,222,000","30,917,000","25,682,000","24,111,000","29,512,000","27,464,000","24,129,000","23,963,000","20,582,000","24,683,000","23,972,000","23,720,000","26,315,000","27,652,000","23,577,000","21,465,000","21,995,000","28,834,000","23,972,000","27,077,000","24,305,000","28,054,000","31,412,000","24,931,000","26,827,000","31,338,000","32,496,000","28,556,000","35,612,000","39,438,000","40,269,000","28,621,000","29,541,000","35,156,000","36,659,000","28,761,000","30,250,000","28,973,000",,,,,,,,,,,,,,,,,,,,"15,413,000","13,983,000","12,345,000","23,256,000","12,237,000","11,665,000","8,800,000","9,871,000","14,156,000","15,652,000","11,503,000","14,218,000","13,811,000","11,301,000","14,563,000","14,382,000","10,739,000","8,715,000","12,102,000","10,821,000","12,061,000","15,858,000","10,066,000","9,339,000","7,375,000","9,580,000","6,874,000","6,650,000","6,241,000","6,472,000","5,925,000","2,405,000","1,913,000","2,045,000","2,300,000","1,900,000","1,900,000","1,860,000","1,300,000","1,900,000","1,600,000"
			SalariesAndWages,"27,333,000","7,833,000","6,091,000","4,361,000","9,048,000","5,381,000","5,795,000","4,564,000","2,918,000","2,661,000","4,939,000","4,747,000","4,936,000","4,165,000","3,902,000","2,475,000","3,698,000","8,219,000","4,268,000","4,635,000","3,104,000","6,910,000","3,051,000","4,356,000","4,001,000","6,607,000","5,563,000","3,966,000","5,089,000","7,009,000","8,096,000","7,979,000","7,957,000","7,045,000",,,,,,,,,,,,,,,,,,,,,,,,"15,413,000","3,842,000","15,767,000","23,256,000","12,237,000","-24,989,000","22,562,000","29,765,000","14,156,000","15,652,000","11,503,000","14,218,000","13,811,000","11,301,000","14,563,000","14,382,000","10,739,000","8,715,000","12,102,000","10,821,000","12,061,000","15,858,000","10,066,000","9,339,000","7,375,000","9,580,000","6,874,000","6,650,000","6,241,000","6,472,000","5,925,000","2,405,000","1,913,000","2,045,000","2,300,000","1,900,000","1,900,000","1,900,000","1,300,000","1,900,000","1,600,000"
			OtherGandA,"82,889,000","23,084,000","19,591,000","19,750,000","20,464,000","22,083,000","18,334,000","19,399,000","17,664,000","22,022,000","19,033,000","18,973,000","21,379,000","23,487,000","19,675,000","18,990,000","18,297,000","20,615,000","19,704,000","22,442,000","21,201,000","21,144,000","28,361,000","20,575,000","22,826,000","24,731,000","26,933,000","24,590,000","30,523,000","32,429,000","32,173,000","20,642,000","21,584,000","28,111,000","-621,000","28,761,000","30,250,000","28,973,000",,,,,,,,,,,,,,,,,,,,,,"-3,422,000",,,,"-13,762,000","-19,894,000",,,,,,,,,,,,,,,,,,,,,,,,,,,,,,,,,
	DepreciationAmortizationDepletionIncomeStatement,"481,060,000","115,393,000","135,662,000","115,657,000","114,348,000","110,322,000","110,913,000","108,351,000","107,477,000","116,194,000","111,607,000","109,517,000","113,632,000","112,379,000","93,321,000","67,825,000","64,337,000","65,957,000","64,015,000","64,040,000","62,849,000","62,430,000","62,675,000","62,802,000","66,581,000","84,452,000","74,236,000","75,512,000","65,166,000","65,400,000","61,481,000","59,524,000","63,445,000","52,782,000","29,081,000","31,560,000","30,927,000","30,876,000","28,862,000","6,571,000","6,733,000","6,864,000","9,392,000","7,180,000","7,305,000","5,450,000","5,911,000","6,067,000","5,815,000","6,369,000","5,276,000","5,936,000","7,120,000","5,683,000","6,899,000","6,395,000","6,279,000","6,091,000","5,508,000","6,246,000","6,950,000","6,944,000","8,334,000","5,875,000","5,936,000","5,929,000","5,381,000","5,148,000","5,119,000","5,104,000","5,291,000","7,285,000","4,409,000","4,465,000","4,440,000","4,411,000","4,450,000","4,976,000","5,035,000","5,057,000","5,180,000","5,042,000","5,574,000","6,218,000","6,139,000","6,458,000","7,179,000","6,903,000","4,100,000","3,127,000",,,,,,,,
		DepreciationAndAmortizationInIncomeStatement,"481,060,000","115,393,000","135,662,000","115,657,000","114,348,000","110,322,000","110,913,000","108,351,000","107,477,000","116,194,000","111,607,000","109,517,000","113,632,000","112,379,000","93,321,000","67,825,000","64,337,000","65,957,000","64,015,000","64,040,000","62,849,000","62,430,000","62,675,000","62,802,000","66,581,000","84,452,000","74,236,000","75,512,000","65,166,000","65,400,000","61,481,000","59,524,000","63,445,000","52,782,000","29,081,000","31,560,000","30,927,000","30,876,000",,,,,,,,,,"6,067,000","5,815,000","6,369,000","5,276,000","5,936,000","7,120,000","5,683,000","6,899,000","6,395,000","6,279,000","6,091,000","5,508,000","6,246,000","6,950,000","6,944,000","8,334,000","5,875,000","5,936,000","5,929,000","5,381,000","5,148,000","5,119,000","5,104,000","5,291,000","7,285,000","4,409,000","4,465,000","4,440,000","4,411,000","4,450,000","4,976,000","5,035,000","5,057,000","5,180,000","5,042,000","5,574,000","6,218,000","6,139,000","6,458,000","7,179,000","6,903,000","4,100,000","3,127,000",,,,,,,,
			DepreciationIncomeStatement,,,,,,,,,,,,,,,,,,,,,,,,,,,,,,,,,,,,,,,,,,,,,,,,,,,,,,,,,,,,,,,,"3,707,000","3,658,000","3,645,000","3,177,000","2,945,000","2,916,000","2,901,000","3,088,000","2,799,000","2,717,000","2,772,000","2,747,000","2,718,000","2,694,000","2,821,000","2,751,000","2,747,000","2,870,000","2,732,000","2,694,000","2,554,000","2,672,000","2,612,000",,,,,,,,,,,,
			Amortization,,,,,,,,,,,,,,,,,,,,,,,,,,,,,,,,,,,,,,,,,,,,,,,,,,,,,,,,,,,,,,,,"2,168,000","2,278,000","2,284,000","2,204,000","2,203,000","2,203,000","2,203,000","2,203,000","4,486,000","1,692,000","1,693,000","1,693,000","1,693,000","1,756,000","2,155,000","2,284,000","2,310,000","2,310,000","2,310,000","2,880,000","3,664,000","3,467,000","3,846,000",,,,,,,,,,,,
				AmortizationOfIntangiblesIncomeStatement,,,,,,,,,,,,,,,,,,,,,,,,,,,,,,,,,,,,,,,,,,,,,,,,,,,,,,,,,,,,,,,,"2,168,000","2,278,000","2,284,000","2,204,000","2,203,000","2,203,000","2,203,000","2,203,000","4,486,000","1,692,000","1,693,000","1,693,000","1,693,000","1,756,000","2,155,000","2,284,000","2,310,000","2,310,000","2,310,000","2,880,000","3,664,000","3,467,000","3,846,000",,,,,,,,,,,,
	ProvisionForDoubtfulAccounts,,,,,,,,,,,,,,,,,,,,,,,,,,,,,,,,,,,,,,,,,,,,,,,,,,,,,,,,,,,,,,,,,,,,,,,,"6,500,000","950,000",,,,,,,,,,,,,,,,,,,,,,,,,
	OtherTaxes,,,,,,,,,,,,,,,,,,,,,,,,,,,,,,,,,,,,,,,,,,,,,,,,,,,,,,,,,,,,,,,,,,,,,"-20,969,000","-20,578,000","-24,756,000","-30,800,000","-22,991,000",,"-15,620,000","-19,030,000","-16,705,000","-20,540,000",,"-17,999,000",,"-15,675,000","-17,801,000",,"-16,665,000",,"-26,927,000","-14,961,000","-9,870,000","-7,877,000","-12,820,000","-8,500,000","-7,000,000","-6,900,000","-8,500,000","-5,700,000","-6,200,000","-6,300,000"
	OtherOperatingExpenses,,,,,,,,,,,,,,,,,,"-37,000","-533,000","65,000",,,,,,,,,,,,,,,,,,,,,,,,,,,,,,,,"2,390,000",,,,,,"14,813,000","36,454,000","8,402,000","6,438,000","7,419,000","30,984,000","17,592,000","22,802,000","3,404,000","-37,714,000","2,549,000","22,601,000","22,241,000","42,220,000","33,252,000","26,241,000","6,203,000","25,293,000","28,921,000","25,943,000","32,807,000","-1,959,000","28,983,000","15,012,000","28,241,000","31,792,000","12,935,000","31,253,000","13,688,000","53,271,000","31,400,000","26,983,000","22,734,000",,,,,,,,
OperatingIncome,"648,456,000","167,675,000","181,723,000","153,118,000","145,940,000","143,787,000","145,367,000","139,584,000","133,225,000","135,619,000","141,358,000","145,447,000","126,737,000","120,747,000","125,147,000","100,120,000","94,633,000","85,634,000","88,308,000","96,946,000","102,255,000","84,250,000","93,667,000","103,216,000","92,243,000","107,279,000","101,446,000","79,798,000","110,185,000","88,268,000","92,014,000","72,569,000","94,753,000","67,042,000","33,833,000","46,934,000","34,099,000","33,683,000","54,002,000","-15,266,000","8,408,000","11,702,000","9,847,000","24,901,000","63,441,000","27,328,000","33,890,000","16,944,000","26,944,000","19,823,000","25,522,000","20,377,000","18,994,000","23,412,000","27,628,000","28,121,000","21,820,000","21,055,000","-4,338,000","28,859,000","73,491,000","19,298,000","64,134,000","20,337,000","19,050,000","24,397,000","3,364,000","20,970,000","21,552,000","23,418,000","13,239,000","68,471,000","30,442,000","15,994,000","14,392,000","17,773,000","11,820,000","17,857,000","33,619,000","12,090,000","12,059,000","10,523,000","9,370,000","7,314,000","8,281,000","5,510,000","-3,560,000","4,662,000","2,993,000","3,379,000","-68,816,000","30,300,000","27,100,000","26,700,000","-56,568,000","26,200,000","25,600,000","27,000,000"
NetNonOperatingInterestIncomeExpense,"-191,244,000","-46,053,000","-47,208,000","-48,731,000","-49,252,000","-51,640,000","-52,828,000","-52,537,000","-52,182,000","-52,540,000","-53,667,000","-58,626,000","-59,719,000","-61,313,000","-57,250,000","-41,740,000","-41,311,000","-38,074,000","-40,401,000","-41,182,000","-42,235,000","-41,957,000","-43,913,000","-44,349,000","-46,752,000","-48,395,000","-49,001,000","-49,683,000","-47,693,000","-47,949,000","-44,780,000","-46,534,000","-47,733,000","-39,075,000","-22,502,000","-27,115,000","-26,596,000","-26,536,000","-48,422,000","13,178,000","-7,091,000","-6,842,000","-5,817,000","-5,666,000","23,023,000","-3,765,000","-4,130,000","-3,969,000","-3,429,000","-3,438,000","-3,153,000","-3,419,000","-3,522,000","-3,922,000","-4,019,000","-4,252,000","-3,853,000",,,,,,,,,,,,,,,,,,,,,,,,,,,,,,,,,,,,,,,,,
	InterestIncomeNonOperating,,,,,,,,,,,,,,,,,,,,,,,,,,,,,,,,,,,"39,000","367,000","316,000","370,000","486,000","252,000","155,000","503,000","443,000","323,000","560,000","675,000","330,000","329,000","336,000","273,000","436,000","470,000","401,000","407,000","691,000","752,000","679,000",,,,,,,,,,,,,,,,,,,,,,,,,,,,,,,,,,,,,,,,,
	InterestExpenseNonOperating,"191,244,000","46,053,000","47,208,000","48,731,000","49,252,000","51,640,000","52,828,000","52,537,000","52,182,000","52,540,000","53,667,000","58,626,000","59,719,000","61,313,000","57,250,000","41,740,000","41,311,000","38,074,000","40,401,000","41,182,000","42,235,000","41,957,000","43,913,000","44,349,000","46,752,000","48,395,000","49,001,000","49,683,000","47,693,000","47,949,000","44,780,000","46,534,000","47,733,000","39,075,000","22,541,000","27,482,000","26,912,000","26,906,000","28,114,000","7,868,000","7,246,000","7,345,000","6,260,000","5,989,000","5,396,000","4,440,000","4,460,000","4,298,000","3,765,000","3,711,000","3,589,000","3,889,000","3,923,000","4,329,000","4,710,000","5,004,000","4,532,000",,,,,,,,,,,,,,,,,,,,,,,,,,,,,,,,,,,,,,,,,
	TotalOtherFinanceCost,,,,,,,,,,,,,,,,,,,,,,,,,,,,,,,,,,,,,,,,"-20,794,000",,,"0",,"-27,859,000",,,,,,,,,,,,,,,,,,,,,,,,,,,,,,,,,,,,,,,,,,,,,,,,,,,,,
OtherIncomeExpense,"88,042,000","42,454,000","-29,851,000","42,546,000","32,893,000","-34,717,000","49,439,000","68,362,000","41,756,000","-58,069,000","63,165,000","-40,829,000","2,222,000","7,233,000","157,804,000","25,565,000","20,452,000","7,772,000","15,228,000","10,393,000","6,094,000","16,217,000","3,294,000","7,463,000","-18,819,000","1,843,000","17,461,000","-4,955,000","19,425,000","-942,000","-11,352,000","2,687,000","5,366,000","82,851,000","-3,331,000","6,618,000","34,418,000","8,468,000","26,772,000","5,444,000","28,560,000","10,993,000","7,981,000","10,838,000","17,182,000","6,697,000","2,228,000","6,769,000","7,680,000","1,326,000","-2,181,000","3,174,000","3,302,000","4,541,000","1,655,000","1,168,000","5,478,000","7,433,000","6,659,000","9,419,000","-1,043,000","2,293,000","8,858,000","3,217,000","6,726,000","938,000","4,975,000","745,000","117,000","386,000","1,917,000","242,000","1,156,000","1,717,000","30,223,000","1,277,000","1,593,000","1,803,000","2,682,000","450,000","11,651,000","1,445,000","-12,360,000","1,827,000","1,020,000","1,713,000","-888,000","208,000","-38,943,000",,,,,,,,,
	GainOnSaleOfSecurity,"42,301,000","11,248,000","9,511,000","1,702,000","19,840,000","9,372,000","76,686,000","20,933,000",,"11,751,000","17,501,000","71,000","-362,000","933,000","99,618,000",,,,,,,,,,,,,,,,,,,,,,,,,,,,,,,,,,,,,,,,"1,444,000","1,103,000","1,848,000",,,,"2,098,000","2,624,000",,,,,,,"-313,000","-350,000","5,961,000","163,000","-42,000",,"3,463,000","156,000","497,000",,,"-7,000",,"1,243,000","-2,514,000",,"224,000",,"-2,000,000","-287,000","-18,000",,,,,,,,,
	EarningsFromEquityInterest,"3,676,000","4,772,000","-6,675,000","5,735,000","-156,000","-9,733,000","-8,470,000","1,720,000","33,983,000","-45,790,000","8,018,000","5,769,000","3,951,000","5,491,000","15,268,000","18,363,000","12,558,000","15,325,000","16,930,000","16,318,000","15,728,000","15,774,000","16,476,000","16,803,000","16,429,000","15,011,000","12,390,000","12,635,000","14,272,000","11,723,000","8,792,000","11,610,000","9,452,000","14,262,000","354,000","9,180,000","32,541,000","10,656,000","9,584,000","10,477,000","28,345,000","13,986,000","13,872,000","16,068,000","12,465,000","6,216,000","8,146,000","6,066,000","7,638,000","9,142,000","3,559,000","2,923,000","4,875,000","1,387,000","3,281,000","2,272,000","3,934,000",,,,,,,,,,,,,,,,,,,,,,,,,,,,,,,,,,,,,,,,,
	SpecialIncomeCharges,"-38,033,000","-17,857,000","-7,382,000","-15,393,000","2,599,000","476,000","-15,992,000","596,000","-1,074,000","-19,607,000","-5,947,000","-34,267,000","-696,000","-146,000","10,716,000","-1,673,000","-2,692,000","-4,790,000","-3,058,000","-1,356,000","-8,718,000","-73,000","-9,451,000","-14,441,000","-35,674,000","-17,039,000","12,902,000","-24,198,000","-2,488,000","-8,359,000","-18,570,000","-4,843,000","-3,203,000","73,961,000","-6,229,000","-5,046,000","0","-3,279,000","13,786,000","-5,033,000","215,000","-2,993,000","-5,891,000","-5,230,000","4,717,000","481,000","-5,918,000","703,000","42,000","-7,816,000","-5,740,000","251,000","-1,573,000","3,154,000","-3,070,000","-2,207,000","-304,000","7,433,000","6,659,000","9,419,000","-3,141,000","-331,000","8,858,000","3,217,000","6,726,000","938,000","4,250,000","745,000","430,000","736,000","-4,044,000","79,000","1,198,000","1,717,000","26,760,000","1,121,000","1,096,000","1,803,000","2,588,000","457,000","11,651,000","202,000","-9,846,000","1,827,000","796,000","1,713,000","1,112,000","495,000","-38,925,000",,,,,,,,,
		RestructuringAndMergernAcquisition,"-6,392,000","-2,322,000","-563,000","-908,000","-2,599,000","-476,000","-418,000","-596,000","1,074,000","187,000","-811,000","70,000","696,000","146,000","37,098,000","1,673,000","2,692,000",,"289,000","1,356,000","8,718,000","73,000","18,000",,"245,000","17,039,000","-20,097,000","4,760,000","1,897,000","5,676,000","3,096,000","618,000","1,137,000","29,613,000","2,351,000","3,630,000",,,,,,,,,,,,,,,,,,,,,,,,,,,,,,,,,,,,,,,,,,,,,,,,,,,,,,,,,,,,,,
		ImpairmentOfCapitalAssets,"44,425,000","20,179,000","7,945,000","16,301,000",,"0",,"0","0","19,420,000","6,758,000","25,781,000","0","0","0","0",,"4,790,000","2,769,000","0","0",,"9,433,000","14,441,000","35,429,000","0","7,195,000","19,438,000","591,000","2,683,000","16,776,000","4,225,000","2,066,000","0","3,878,000","1,416,000","0","3,279,000","4,932,000","5,535,000","1,003,000","3,299,000","5,498,000","4,934,000","41,000",,"6,763,000","481,000","0","7,152,000",,,"1,700,000",,"473,000","538,000",,,,,,,,,,,,,,,,,,,,,,,,,,,,,,,,,,,,,,,,,,
		WriteOff,,,,,"0",,"16,410,000","0",,,,,,,,,,,,,,,,,,,,,,,,,,,,,,,,,,,,,,,,,,,,,,,,,,,,,,,,,,,,,,,,,,,,,,,,,,,,,,,,,,,,,,,,,,
		OtherSpecialCharges,,,,,,,,,,,,,,,,,,,,,,,,,,,,,,,,,,,,,,,,"-502,000","-1,218,000","-306,000","393,000","296,000","-4,758,000",,"-845,000","-1,184,000","-42,000","664,000",,,"-127,000",,,"1,669,000",,,,,,,,,"-6,726,000",,,,,,,,,,,"-1,121,000","-1,106,000",,,,,,,,,,,,,,,,,,,,,
		GainOnSaleOfBusiness,,,,,,,,"0",,,"0","-8,416,000",,,"47,814,000",,,,,,,,,,,,,"0","0","0","1,302,000","0","0","103,574,000","0","0",,,,,,,,,,,,,,,,,,,,,,,,,,,,,,,,,,,,,,,,,,,,,,,,,,,,,,,,,,,,,,
		GainOnSaleOfPPE,,,,,,,,,,,,,,,,,,,,,,,,,,,,,,,,,,,,,,,,,,,,,,,,,,,,,,,,,,,,,,,,,"0",,,,,,,,,,,"0","-10,000",,,,,,,,,,,,,,,,,,,,,
	OtherNonOperatingIncomeExpenses,"80,098,000","44,291,000","-25,305,000","50,502,000","10,610,000","-34,832,000","-2,785,000","45,113,000","8,847,000","-4,423,000","43,593,000","-12,402,000","-671,000","955,000","13,215,000","8,875,000","10,586,000","-2,763,000","1,356,000","-4,569,000","-916,000","516,000","-3,731,000","5,101,000","426,000","3,871,000","-7,831,000","6,608,000","7,641,000","-4,306,000","-1,574,000","-4,080,000","-883,000","-5,372,000","2,544,000","2,484,000","1,877,000","1,091,000",,,,,,,,,,,,,,,,,,,,,,,,,,,,,,,,,,,,,,,,,,,,,,,,,,,,,,,,,,,,
PretaxIncome,"545,254,000","164,076,000","104,664,000","146,933,000","129,581,000","57,430,000","141,978,000","155,409,000","122,799,000","25,010,000","150,856,000","45,992,000","69,240,000","66,667,000","225,701,000","83,945,000","73,774,000","55,332,000","63,135,000","66,157,000","66,114,000","58,510,000","53,048,000","66,330,000","26,672,000","60,727,000","69,906,000","25,160,000","81,917,000","39,377,000","35,882,000","28,722,000","52,386,000","110,818,000","8,000,000","26,437,000","41,921,000","15,615,000","32,352,000","3,356,000","29,877,000","15,853,000","12,011,000","30,073,000","103,646,000","30,260,000","31,988,000","19,744,000","31,195,000","17,711,000","20,188,000","20,132,000","18,774,000","24,031,000","24,706,000","25,037,000","23,445,000","24,206,000","-1,095,000","33,947,000","70,422,000","17,326,000","69,241,000","19,995,000","22,041,000","21,674,000","5,364,000","18,256,000","18,298,000","20,333,000","11,856,000","65,877,000","28,941,000","14,793,000","17,987,000","22,737,000","17,315,000","23,583,000","-9,207,000","16,594,000","28,151,000","16,622,000","2,682,000","14,120,000","14,657,000","12,819,000","2,086,000","12,023,000","-29,076,000",,,,,,,,,
TaxProvision,"29,780,000","7,083,000","5,052,000","8,347,000","9,298,000","5,789,000","7,363,000","5,975,000","7,595,000","-41,692,000","21,064,000","4,157,000","3,119,000","-2,129,000","11,436,000","2,715,000","6,262,000","-6,002,000","-192,000","1,760,000","2,448,000","-1,305,000","7,826,000","3,154,000","-8,217,000","525,000","17,269,000","3,361,000","15,010,000","1,980,000","6,434,000","901,000","8,053,000","2,221,000","-1,768,000","5,375,000","-1,122,000","-1,233,000","6,591,000","379,000","-1,882,000","1,695,000","-1,313,000","5,931,000","24,760,000","7,574,000","11,582,000","3,377,000","6,751,000","4,112,000","6,855,000","6,018,000","3,720,000","6,200,000","3,116,000","5,839,000","7,422,000","7,144,000","2,698,000","11,519,000","31,144,000","6,378,000","29,191,000","5,580,000","3,998,000","6,722,000","3,855,000","4,583,000","5,099,000","5,853,000","8,228,000","32,610,000","8,732,000","3,405,000","71,000","8,717,000","3,338,000","7,024,000","6,841,000","4,052,000","4,422,000","2,893,000","2,549,000","2,883,000","2,905,000","180,000","2,323,000","648,000","965,000",,,,,,,,,
EarningsFromEquityInterestNetOfTax,,,,,,,,,,,,,,,,,,,,,,,,,,,,,,,,,,,,,,,,,,,,,,,,,,,,,,,"-62,000","-103,000","-304,000",,,,,,,,,,,,,,,,,,,,,,,,,,,,,,,,,,,,,,,,,
NetIncomeCommonStockholders,"515,349,000","156,995,000","99,562,000","138,547,000","120,245,000","51,634,000","134,572,000","149,397,000","105,300,000","66,090,000","129,295,000","41,339,000","66,021,000","68,494,000","193,263,000","77,348,000","75,681,000","65,274,000","75,209,000","80,278,000","64,318,000","57,484,000","47,704,000","110,943,000","51,661,000","57,439,000","51,049,000","21,745,000","63,348,000","36,116,000","33,574,000","27,337,000","64,739,000","112,892,000","23,022,000","18,506,000","43,167,000","14,181,000","15,478,000","2,588,000","31,777,000","12,290,000","9,091,000","25,202,000","79,112,000","23,343,000","19,781,000","16,346,000","23,432,000","14,413,000","22,986,000","13,351,000","14,977,000","17,709,000","21,900,000","19,198,000","19,848,000","17,101,000","6,013,000","20,409,000","42,030,000","10,800,000","43,629,000","14,305,000","17,304,000","11,065,000","11,488,000","14,328,000","16,933,000","5,855,000","2,124,000","35,154,000","15,480,000","11,092,000","18,584,000","14,047,000","12,974,000","17,273,000","-3,719,000","12,985,000","23,592,000","13,729,000","133,000","11,237,000","11,752,000","12,639,000","-237,000","11,375,000","-30,041,000","9,625,000","5,039,000","9,500,000","9,600,000","9,900,000","8,564,000","10,100,000","9,900,000","9,700,000"
	NetIncome,"515,349,000","156,995,000","99,562,000","138,547,000","120,245,000","51,634,000","134,572,000","149,397,000","105,300,000","66,090,000","129,372,000","41,339,000","66,038,000","68,494,000","193,263,000","77,348,000","75,681,000","65,274,000","75,209,000","80,278,000","64,318,000","57,484,000","47,704,000","110,943,000","51,661,000","57,439,000","51,049,000","21,745,000","63,348,000","36,116,000","33,574,000","27,337,000","64,739,000","112,892,000","23,022,000","18,506,000","43,167,000","14,181,000","15,478,000","2,588,000","31,777,000","12,290,000","9,091,000","25,202,000","79,112,000","23,343,000","19,781,000","16,346,000","23,432,000","14,413,000","22,986,000","13,351,000","14,977,000","17,709,000","21,900,000","19,198,000","19,848,000","17,101,000","6,013,000","20,409,000","42,030,000","10,800,000","43,629,000","14,305,000","17,304,000","11,065,000","11,488,000","14,328,000","16,933,000","5,855,000","2,124,000","35,154,000","15,480,000","11,092,000","18,584,000","14,047,000","12,974,000","17,273,000","-3,719,000","12,985,000","23,592,000","13,729,000","133,000","11,237,000","11,752,000","12,639,000","-237,000","11,375,000","-30,041,000","9,625,000","5,039,000","9,500,000","9,600,000","9,900,000","8,564,000","10,100,000","9,900,000","9,700,000"
		NetIncomeIncludingNoncontrollingInterests,"515,474,000","156,993,000","99,612,000","138,586,000","120,283,000","51,641,000","134,615,000","149,434,000","115,204,000","66,702,000","129,792,000","41,835,000","66,121,000","68,796,000","195,278,000","81,573,000","79,424,000","68,066,000","74,473,000","83,654,000","67,131,000","59,825,000","48,470,000","112,302,000","53,171,000","60,864,000","56,144,000","23,578,000","66,923,000","38,582,000","34,766,000","28,316,000","66,972,000","114,732,000","48,860,000","21,650,000","45,816,000","15,839,000","17,654,000","2,226,000","31,230,000","11,669,000","9,204,000","25,258,000","78,729,000","23,616,000","20,557,000","16,371,000","23,721,000","14,302,000","23,733,000","14,184,000","14,877,000","17,774,000","21,900,000","19,198,000","19,848,000","17,190,000","6,129,000","20,964,000","45,171,000","11,131,000","43,873,000","14,265,000","17,050,000","11,927,000","9,781,000","14,900,000","17,700,000","6,487,000","2,283,000","36,329,000","15,577,000","11,160,000","18,885,000","14,025,000","13,032,000","17,306,000","-3,792,000","12,982,000","23,563,000","13,714,000","163,000","11,201,000","11,734,000","12,595,000","-271,000","11,354,000","-29,339,000","10,495,000","10,103,000","8,700,000","8,800,000","9,200,000","16,026,000","9,200,000","9,000,000","8,800,000"
			NetIncomeContinuousOperations,"515,474,000","156,993,000","99,612,000","138,586,000","120,283,000","51,641,000","134,615,000","149,434,000","115,204,000","66,702,000","129,792,000","41,835,000","66,121,000","68,796,000","214,265,000","81,230,000","67,512,000","61,334,000","63,327,000","64,397,000","63,666,000","59,815,000","45,222,000","63,176,000","34,889,000","60,202,000","52,637,000","21,799,000","66,907,000","37,397,000","29,448,000","27,821,000","44,333,000","108,597,000","9,768,000","21,062,000","43,043,000","16,848,000","25,761,000","2,977,000","31,759,000","14,158,000","13,324,000","24,142,000","78,886,000","22,686,000","20,406,000","16,367,000","24,444,000","13,599,000","13,333,000","14,114,000","15,054,000","17,831,000","21,590,000","19,198,000","16,023,000","17,062,000","-3,793,000","22,428,000","39,278,000","10,948,000","40,050,000","14,415,000","18,043,000","14,952,000","1,509,000","13,673,000","13,199,000","14,480,000","3,628,000","33,267,000","20,209,000","11,388,000","17,916,000","14,020,000","13,977,000","16,559,000","-16,048,000","12,542,000","23,729,000","13,729,000","133,000","11,237,000","11,752,000","12,639,000","-237,000","11,375,000","-30,041,000","9,625,000","5,078,000","9,500,000","9,600,000","9,900,000","8,585,000","10,100,000","10,000,000","10,300,000"
			NetIncomeDiscontinuousOperations,,,,,,,,,,,,,,,,,"11,912,000","6,732,000",,,,,,,,,"0","0","0","0","255,000","235,000","26,460,000","6,135,000","39,092,000","588,000","2,773,000","-1,009,000","-8,107,000","-751,000","-529,000","-2,489,000","-4,120,000","1,116,000","-157,000","930,000","151,000","4,000","-723,000","703,000","10,400,000","70,000","-177,000","-57,000","310,000","0","3,825,000","39,000","9,806,000","-2,019,000","2,752,000","-148,000","3,579,000","-110,000","-739,000","-3,887,000","9,979,000","655,000","3,734,000","-8,625,000","-1,504,000","1,887,000","-4,729,000","-296,000","668,000","27,000","-1,003,000","714,000","-322,000","443,000","-137,000",,,,,,,,,,,,,,,,,
			NetIncomeExtraordinary,,,,,,,,,,,,,,,,"343,000",,,"11,146,000","19,257,000","3,465,000","10,000","3,248,000","49,126,000","18,282,000","662,000","3,507,000","1,779,000","16,000","1,185,000","5,063,000","260,000","-3,821,000",,,,,,,,,,,,,,,,,,,,,,,,,,,,,,,,,,,,,,,,,,,,,,,,,,,,,,,,,"0",,,,,,,,
			NetIncomeFromTaxLossCarryforward,,,,,,,,,,,,,,,,,,,,,,,,,,,,,,,,,,,,,,,,,,,,,,,,,,,,,,,,,,,,,,,,,,,,,,,,,,,,,,,,,,,,,,,,,,,,,,,"0",,"-100,000","-600,000"
		MinorityInterests,"-125,000","2,000","-50,000","-39,000","-38,000","-7,000","-43,000","-37,000","-9,904,000","-612,000","-420,000","-496,000","-83,000","-302,000","-2,015,000","-4,225,000","-3,743,000","-2,792,000","736,000","-3,376,000","-2,813,000","-2,341,000","-766,000","-1,359,000","-1,510,000","-3,425,000","-5,095,000","-1,833,000","-3,575,000","-2,466,000","-1,192,000","-979,000","-2,233,000","-1,840,000","-25,838,000","-3,144,000","-2,649,000","-1,658,000","-2,176,000","362,000","547,000","621,000","-113,000","-56,000","383,000","-273,000","-776,000","-25,000","-289,000","111,000","-747,000","-833,000","100,000","-65,000",,,,"-89,000","-116,000","-555,000","-3,141,000","-331,000","-244,000","40,000","254,000","-862,000","1,707,000","-572,000","-767,000","-632,000","-159,000","-1,175,000","-97,000","-68,000","-301,000","22,000","-58,000","-33,000","73,000","3,000","29,000","15,000","-30,000","36,000","18,000","44,000","34,000","21,000","-702,000","-870,000","-5,064,000","800,000","800,000","700,000","-7,462,000","900,000","900,000","900,000"
	OtherunderPreferredStockDividend,,,,,,,,,,,,,"17,000",,,,,,,,,,,,,,,,,,,,,,,,,,,,,,,,,,,,,,,,,,,,,,,,,,,,,,,,,,,,,,,,,,,,,,,,,,,,,,,,,,,,,
DilutedNIAvailtoComStockholders,"515,349,000","156,995,000","99,562,000","138,547,000","120,245,000","51,634,000","134,572,000","149,397,000","105,300,000","66,090,000","129,295,000","41,339,000","66,021,000","68,494,000","193,263,000","77,348,000","75,681,000","65,274,000","75,209,000","80,278,000","64,318,000","57,484,000","47,704,000","110,943,000","51,661,000","57,439,000","51,049,000","21,745,000","63,348,000","36,116,000","33,574,000","27,337,000","64,739,000","112,892,000","23,022,000","18,506,000","43,167,000","14,181,000","15,478,000","2,588,000","31,777,000","12,290,000","9,091,000","25,202,000","79,112,000","23,343,000","19,781,000","16,346,000","23,432,000","14,413,000","22,986,000","13,351,000","14,977,000","17,709,000","21,900,000","19,198,000","19,848,000","17,101,000","6,013,000","20,409,000","42,030,000","10,800,000","43,629,000","14,305,000","17,304,000","11,065,000","11,488,000","14,328,000","16,933,000","5,855,000","2,124,000","35,154,000","15,480,000","11,092,000","18,584,000","14,047,000","12,974,000","17,273,000","-3,719,000","12,985,000","23,592,000","13,729,000","133,000","11,237,000","11,752,000","12,639,000","-237,000","11,375,000","-30,041,000","9,625,000","5,039,000","9,500,000","9,600,000","9,900,000","8,564,000","10,100,000","9,900,000","9,700,000"
BasicEPS,,"0.82","0.53","0.75","0.67","0.29","0.76","0.85","0.61","0.38","0.75","0.24","0.39","0.41","1.33","0.71","0.7","0.6",,"0.74","0.6","0.53","0.44","1.03","0.48","0.54","0.48","0.2","0.6","0.34","0.31","0.27","0.64","1.26",,"0.27","0.63","0.2",,"0.06","0.78","0.3",,"0.62","1.96","0.58",,"0.41","0.59","0.36",,"0.33","0.37","0.45",,"0.49","0.51","0.44",,"0.53","1.1","0.28",,"0.38","0.46","0.3",,"0.38","0.45","0.16",,"0.94","0.41","0.3",,"0.38","0.35","0.48",,"0.36","0.66","0.39",,"0.33","0.34","0.37",,"0.34","-1.18","0.38",,"0.37","0.38","0.39",,"0.4","0.4","0.4"
DilutedEPS,,"0.82","0.53","0.75","0.67","0.29","0.76","0.85","0.61","0.38","0.75","0.24","0.38","0.41","1.33","0.71","0.7","0.6",,"0.74","0.59","0.53","0.44","1.03","0.48","0.54","0.48","0.2","0.59","0.34","0.3","0.27","0.64","1.25",,"0.27","0.62","0.2",,"0.06","0.77","0.3",,"0.62","1.94","0.58",,"0.41","0.59","0.36",,"0.33","0.37","0.44",,"0.48","0.5","0.43",,"0.53","1.1","0.27",,"0.37","0.44","0.29",,"0.37","0.43","0.15",,"0.9","0.4","0.28",,"0.37","0.34","0.46",,"0.36","0.65","0.38",,"0.32","0.34","0.365",,"0.335","-1.18","0.38",,"0.37","0.38","0.39",,"0.4","0.4","0.4"
BasicAverageShares,,"191,911,414","187,630,036","185,422,639","180,099,370","176,640,861","176,366,824","174,974,185","173,401,749","173,249,236","173,153,811","172,235,066","171,304,112","167,234,121","145,480,858","108,073,969","108,059,394","108,057,940",,"108,019,292","107,668,218","107,562,484","107,487,181","107,221,668","106,310,362","105,939,161","105,818,926","105,813,237","105,764,032","105,303,679","104,894,480","100,282,082","100,236,362","89,366,055",,"68,397,176","68,406,771","68,967,209",,"40,366,298","40,047,220","40,037,496",,"39,861,064","39,782,796","39,738,207",,"39,180,720","39,081,064","39,088,114",,"39,727,460","39,350,684","39,175,020",,"39,294,889","39,204,221","38,876,136",,"38,298,979","38,308,202","37,930,777",,"38,034,590","37,876,079","37,727,782",,"37,727,008","37,670,305","37,592,343",,"37,472,823","37,404,485","37,314,792",,"36,650,893","36,519,037","36,389,289",,"35,829,687","35,588,117","35,289,369",,"34,535,728","34,402,356","34,268,978",,"33,718,638","25,425,965","25,624,346",,"25,675,676","25,263,158","25,384,615",,"25,250,000","24,750,000","24,250,000"
DilutedAverageShares,,"192,416,642","188,317,117","186,012,478","180,668,732","176,965,510","176,683,474","175,261,812","173,472,755","173,460,053","173,442,101","172,486,506","171,490,625","167,434,740","145,716,583","108,283,666","108,234,934","108,211,936",,"108,143,694","107,783,204","107,764,279","107,715,965","107,468,029","106,530,036","106,405,453","106,383,786","106,337,040","106,281,983","106,109,877","105,794,118","101,130,448","100,995,225","90,375,311",,"69,400,825","69,493,902","69,975,293",,"41,127,404","40,757,055","40,487,652",,"40,404,520","40,243,548","40,242,706",,"39,717,931","39,510,231","39,495,845",,"40,368,946","40,065,495","39,927,886",,"40,299,073","40,256,658","40,202,798",,"39,601,853","40,004,379","39,851,353",,"39,303,948","39,346,537","38,627,267",,"38,948,980","39,017,636","39,377,650",,"38,929,696","38,595,391","38,757,405",,"38,239,815","37,758,129","37,211,485",,"36,423,026","36,142,003","35,939,985",,"34,855,481","34,719,525","34,584,163",,"33,947,369","25,425,965","25,624,346",,"25,675,676","25,263,158","25,384,615",,"25,250,000","24,750,000","24,250,000"
RentExpenseSupplemental,,,,,,,,"15,728,000","13,796,000","13,175,000","12,877,000","15,611,000","13,917,000","13,171,000",,,,,,,,,,,,,,,,,,,,,,,,,,,,,,,,,,,,,,,,,,,,,,,,,,,,,,,,,,,,,,,,,,,,,,,,,,,,,,,,,,,,
TotalExpenses,"720,340,000","180,763,000","193,157,000","172,636,000","173,784,000","167,379,000","162,004,000","162,835,000","157,305,000","173,380,000","169,869,000","172,558,000","178,474,000","177,576,000","148,248,000","109,264,000","106,510,000","116,176,000","108,653,000","113,808,000","119,273,000","134,809,000","135,113,000","122,031,000","125,023,000","162,961,000","163,805,000","134,868,000","127,894,000","132,120,000","156,318,000","123,376,000","158,154,000","142,129,000","88,643,000","90,980,000","84,957,000","79,703,000","111,997,000","86,302,000","59,634,000","57,707,000","53,322,000","53,471,000","54,957,000","50,204,000","48,079,000","42,010,000","43,452,000","43,268,000","34,128,000","40,793,000","36,432,000","38,723,000","33,734,000","38,515,000","36,683,000","36,317,000","55,945,000","26,993,000","36,644,000","26,600,000","50,983,000","32,267,000","38,609,000","23,489,000","44,066,000","19,200,000","20,969,000","20,578,000","24,756,000","30,800,000","22,991,000","21,407,000","22,828,000","26,404,000","24,509,000","29,304,000","18,934,000","26,107,000","29,531,000","24,983,000","29,145,000","26,027,000","27,377,000","26,387,000","39,995,000","29,267,000","23,618,000","19,897,000","89,422,000","-6,200,000","-5,100,000","-5,000,000","76,598,000","-4,400,000","-4,300,000","-4,700,000"
NetIncomeFromContinuingAndDiscontinuedOperation,"515,349,000","156,995,000","99,562,000","138,547,000","120,245,000","51,634,000","134,572,000","149,397,000","105,300,000","66,090,000","129,372,000","41,339,000","66,038,000","68,494,000","212,250,000","77,005,000","75,681,000","65,274,000","64,063,000","61,021,000","60,853,000","57,474,000","44,456,000","61,817,000","33,379,000","56,777,000","47,542,000","19,966,000","63,332,000","34,931,000","28,511,000","27,077,000","68,560,000","112,892,000","23,022,000","18,506,000","43,167,000","14,181,000","15,478,000","2,588,000","31,777,000","12,290,000","9,091,000","25,202,000","79,112,000","23,343,000","19,781,000","16,346,000","23,432,000","14,413,000","22,986,000","13,351,000","14,977,000","17,709,000","21,900,000","19,198,000","19,848,000","17,101,000","6,013,000","20,409,000","42,030,000","10,800,000","43,629,000","14,305,000","17,304,000","11,065,000","11,488,000","14,328,000","16,933,000","5,855,000","2,124,000","35,154,000","15,480,000","11,092,000","18,584,000","14,047,000","12,974,000","17,273,000","-3,719,000","12,985,000","23,592,000","13,729,000","133,000","11,237,000","11,752,000","12,639,000","-237,000","11,375,000","-30,041,000","9,625,000","5,117,000","9,500,000","9,600,000","9,900,000","9,185,000","10,100,000","10,000,000","10,300,000"
NormalizedIncome,"511,314,104.278","163,318,695.952","97,535,764.16","151,460,238.864","99,416,095.786","42,778,688.003","77,025,599.783","128,695,724.102","106,307,574.133","71,824,880","119,431,283.237","72,444,184.815","67,048,341.103","67,919,490","89,481,540.556","78,623,890.821","66,232,500.746","62,038,700","65,897,800","62,340,925.813","69,248,199.02","57,517,800","52,512,724.514","75,571,328.599","54,783,400","73,668,693.612","37,827,203.359","40,931,508.824","65,364,113.188","42,869,683.064","43,496,214.035","31,533,076.631","44,810,621.139","34,278,316.781","-12,021,150","21,938,079.888","40,394,000","17,321,350","12,607,590.69","7,803,612.932","32,166,250","17,451,988.961","17,040,150","28,284,538.889","75,678,844.451","22,052,393.06","23,405,250.344","15,759,240.63","24,122,089.341","19,711,342.894","16,376,936.2","13,105,030.697","16,415,315.756","15,425,732.262","23,010,923.662","20,044,530.814","14,967,785.157","11,822,726.845","-8,121,350","16,205,083.925","39,955,950","9,499,092.924","34,735,200","12,095,767.442","12,537,023.955","14,304,912.43","-1,476,000","13,115,025.362","13,114,603.727","14,205,112.871","2,477,800","33,121,800","19,401,785.184","10,066,212.939","-12,187,700.895","13,232,581.255","12,691,099.856","15,293,008.523","-5,006,200","12,201,883.09","13,908,156.016","12,535,497.112","7,549,000","9,783,034.065","10,934,162.789","10,950,053.358","295,800","11,178,210.513","-6,675,200","9,625,000","5,117,000","9,500,000","9,600,000","9,900,000","9,185,000","10,100,000","10,000,000","10,300,000"
InterestIncome,,,,,,,,,,,,,,,,,,,,,,,,,,,,,,,,,,,"39,000","367,000","316,000","370,000","486,000","252,000","155,000","503,000","443,000","323,000","560,000","675,000","330,000","329,000","336,000","273,000","436,000","470,000","401,000","407,000","691,000","752,000","679,000",,,,,,,,,,,,,,,,,,,,,,,,,,,,,,,,,,,,,,,,,
InterestExpense,"191,244,000","46,053,000","47,208,000","48,731,000","49,252,000","51,640,000","52,828,000","52,537,000","52,182,000","52,540,000","53,667,000","58,626,000","59,719,000","61,313,000","57,250,000","41,740,000","41,311,000","38,074,000","40,401,000","41,182,000","42,235,000","41,957,000","43,913,000","44,349,000","46,752,000","48,395,000","49,001,000","49,683,000","47,693,000","47,949,000","44,780,000","46,534,000","47,733,000","39,075,000","22,541,000","27,482,000","26,912,000","26,906,000","28,114,000","7,868,000","7,246,000","7,345,000","6,260,000","5,989,000","5,396,000","4,440,000","4,460,000","4,298,000","3,765,000","3,711,000","3,589,000","3,889,000","3,923,000","4,329,000","4,710,000","5,004,000","4,532,000",,,,,,,,,,,,,,,,,,,,,,,,,,,,,,,,,,,,,,,,,
NetInterestIncome,"-191,244,000","-46,053,000","-47,208,000","-48,731,000","-49,252,000","-51,640,000","-52,828,000","-52,537,000","-52,182,000","-52,540,000","-53,667,000","-58,626,000","-59,719,000","-61,313,000","-57,250,000","-41,740,000","-41,311,000","-38,074,000","-40,401,000","-41,182,000","-42,235,000","-41,957,000","-43,913,000","-44,349,000","-46,752,000","-48,395,000","-49,001,000","-49,683,000","-47,693,000","-47,949,000","-44,780,000","-46,534,000","-47,733,000","-39,075,000","-22,502,000","-27,115,000","-26,596,000","-26,536,000","-48,422,000","13,178,000","-7,091,000","-6,842,000","-5,817,000","-5,666,000","23,023,000","-3,765,000","-4,130,000","-3,969,000","-3,429,000","-3,438,000","-3,153,000","-3,419,000","-3,522,000","-3,922,000","-4,019,000","-4,252,000","-3,853,000",,,,,,,,,,,,,,,,,,,,,,,,,,,,,,,,,,,,,,,,,
EBIT,"736,498,000","210,129,000","151,872,000","195,664,000","178,833,000","109,070,000","194,806,000","207,946,000","174,981,000","77,550,000","204,523,000","104,618,000","128,959,000","127,980,000","282,951,000","125,685,000","115,085,000","93,406,000","103,536,000","107,339,000","108,349,000","100,467,000","96,961,000","110,679,000","73,424,000","109,122,000","118,907,000","74,843,000","129,610,000","87,326,000","80,662,000","75,256,000","100,119,000","149,893,000","30,541,000","53,919,000","68,833,000","42,521,000","60,466,000","11,224,000","37,123,000","23,198,000","18,271,000","36,062,000","109,042,000","34,700,000","36,448,000","24,042,000","34,960,000","21,422,000","23,777,000","24,021,000","22,697,000","28,360,000","29,416,000","30,041,000","27,977,000","21,055,000","-4,338,000","28,859,000","73,491,000","19,298,000","64,134,000","20,337,000","19,050,000","24,397,000","3,364,000","20,970,000","21,552,000","23,418,000","13,239,000","68,471,000","30,442,000","15,994,000","14,392,000","17,773,000","11,820,000","17,857,000","33,619,000","12,090,000","12,059,000","10,523,000","9,370,000","7,314,000","8,281,000","5,510,000","-3,560,000","4,662,000","2,993,000","3,379,000","-68,816,000","30,300,000","27,100,000","26,700,000","-56,568,000","26,200,000","25,600,000","27,000,000"
EBITDA,"1,287,766,000"
ReconciledCostOfRevenue,"58,850,000","19,071,000","12,692,000","16,341,000","10,746,000","12,776,000","11,021,000","13,834,000","11,946,000","16,420,000","8,450,000","5,852,000","19,009,000","18,599,000","13,761,000","4,931,000","6,287,000","10,087,000","1,256,000","8,089,000","17,393,000","30,399,000","40,010,000","33,234,000","31,016,000","46,667,000","55,747,000","28,168,000","25,147,000","25,688,000","52,308,000","33,855,000","62,262,000","49,416,000","14,347,000","27,198,000","20,852,000","16,927,000","102,023,000","4,119,000","5,395,000","4,180,000","5,910,000","6,199,000","5,988,000","5,705,000","-32,876,000","17,843,000","16,968,000","16,829,000","15,865,000","15,569,000","12,708,000","12,165,000","10,536,000","12,781,000","12,587,000",,,,,,,,,,,,,,,,,,,,,,,,,,,,,,,,,,,,,,,,,
ReconciledDepreciation,"551,268,000","130,775,000","154,783,000","132,184,000","133,526,000","127,139,000","126,854,000","125,038,000","124,777,000","132,277,000","137,447,000","142,986,000","133,150,000","131,325,000","110,910,000","82,868,000","78,228,000","77,292,000","83,958,000","78,577,000","77,575,000","76,356,000","63,691,000","63,866,000","67,180,000","84,956,000","75,562,000","78,144,000","67,135,000","66,994,000","63,741,000","60,900,000","66,351,000","57,557,000","37,637,000","35,021,000","33,855,000","33,803,000","32,582,000","7,478,000","7,173,000","7,881,000","9,456,000","7,378,000","7,325,000","5,457,000","5,947,000","6,119,000","5,974,000","6,403,000","6,091,000","5,628,000","7,234,000","5,523,000","6,785,000","6,906,000","6,918,000","6,588,000","7,198,000","8,948,000","7,201,000","7,308,000","5,093,000","6,141,000","9,837,000","6,136,000","6,713,000","6,648,000","6,122,000","6,076,000","10,785,000","5,458,000","5,652,000","5,701,000","1,996,000","5,692,000","5,324,000","5,902,000","3,132,000","5,666,000","6,085,000","6,001,000","6,877,000","6,714,000","6,601,000","6,954,000","8,039,000","6,903,000","4,100,000","3,127,000","4,192,000","2,900,000","2,100,000","2,000,000","2,000,000","2,000,000","1,800,000","1,600,000"
NetIncomeFromContinuingOperationNetMinorityInterest,"515,349,000","156,995,000","99,562,000","138,547,000","120,245,000","51,634,000","134,572,000","149,397,000","105,300,000","66,090,000","129,372,000","41,339,000","66,038,000","68,494,000","212,250,000","77,005,000","63,769,000","58,542,000","64,063,000","61,021,000","60,853,000","57,474,000","44,456,000","61,817,000","33,379,000","56,777,000","47,542,000","19,966,000","63,332,000","34,931,000","28,256,000","26,842,000","42,100,000","106,757,000","-16,070,000","17,918,000","40,394,000","15,190,000","23,585,000","3,339,000","32,306,000","14,779,000","13,211,000","24,086,000","79,269,000","22,413,000","19,630,000","16,342,000","24,155,000","13,710,000","12,586,000","13,281,000","15,154,000","17,766,000","21,590,000","19,198,000","16,023,000","17,062,000","-3,793,000","22,428,000","39,278,000","10,948,000","40,050,000","14,415,000","18,043,000","14,952,000","1,509,000","13,673,000","13,199,000","14,480,000","3,628,000","33,267,000","20,209,000","11,388,000","17,916,000","14,020,000","13,977,000","16,559,000","-3,397,000","12,542,000","23,729,000","13,729,000","133,000","11,237,000","11,752,000","12,639,000","-237,000","11,375,000","-30,041,000","9,625,000","5,117,000","9,500,000","9,600,000","9,900,000","9,185,000","10,100,000","10,000,000","10,300,000"
TotalUnusualItemsExcludingGoodwill,"4,268,000","-6,609,000","2,129,000","-13,691,000","22,439,000","9,848,000","60,694,000","21,529,000","-1,074,000","-7,856,000","11,554,000","-34,196,000","-1,058,000","787,000","129,321,000","-1,673,000","-2,692,000","-4,790,000","-3,058,000","-1,356,000","-8,718,000","-73,000","-9,451,000","-14,441,000","-35,674,000","-17,039,000","12,902,000","-24,198,000","-2,488,000","-8,359,000","-18,570,000","-4,843,000","-3,203,000","73,961,000","-6,229,000","-5,046,000","0","-3,279,000","13,786,000","-5,033,000","215,000","-2,993,000","-5,891,000","-5,230,000","4,717,000","481,000","-5,918,000","703,000","42,000","-7,816,000","-5,740,000","251,000","-1,573,000","3,154,000","-1,626,000","-1,104,000","1,544,000","7,433,000","6,659,000","9,419,000","-1,043,000","2,293,000","8,858,000","3,217,000","6,726,000","938,000","4,975,000","745,000","117,000","386,000","1,917,000","242,000","1,156,000","1,717,000","30,223,000","1,277,000","1,593,000","1,803,000","2,682,000","450,000","11,651,000","1,445,000","-12,360,000","1,827,000","1,020,000","1,713,000","-888,000","208,000","-38,943,000",,,,,,,,,
TotalUnusualItems,"4,268,000","-6,609,000","2,129,000","-13,691,000","22,439,000","9,848,000","60,694,000","21,529,000","-1,074,000","-7,856,000","11,554,000","-34,196,000","-1,058,000","787,000","129,321,000","-1,673,000","-2,692,000","-4,790,000","-3,058,000","-1,356,000","-8,718,000","-73,000","-9,451,000","-14,441,000","-35,674,000","-17,039,000","12,902,000","-24,198,000","-2,488,000","-8,359,000","-18,570,000","-4,843,000","-3,203,000","73,961,000","-6,229,000","-5,046,000","0","-3,279,000","13,786,000","-5,033,000","215,000","-2,993,000","-5,891,000","-5,230,000","4,717,000","481,000","-5,918,000","703,000","42,000","-7,816,000","-5,740,000","251,000","-1,573,000","3,154,000","-1,626,000","-1,104,000","1,544,000","7,433,000","6,659,000","9,419,000","-1,043,000","2,293,000","8,858,000","3,217,000","6,726,000","938,000","4,975,000","745,000","117,000","386,000","1,917,000","242,000","1,156,000","1,717,000","30,223,000","1,277,000","1,593,000","1,803,000","2,682,000","450,000","11,651,000","1,445,000","-12,360,000","1,827,000","1,020,000","1,713,000","-888,000","208,000","-38,943,000",,,,,,,,,
NormalizedEBITDA,"1,283,498,000","347,513,000","304,526,000","341,539,000","289,920,000","226,361,000","260,966,000","311,455,000","300,832,000","217,683,000","330,416,000","281,800,000","263,167,000","258,518,000","264,540,000","210,226,000","196,005,000","175,488,000","190,552,000","187,272,000","194,642,000","176,896,000","170,103,000","188,986,000","176,278,000","211,117,000","181,567,000","177,185,000","199,233,000","162,679,000","162,973,000","140,999,000","169,673,000","133,489,000","74,407,000","93,986,000","102,688,000","79,603,000","79,262,000","23,735,000","44,081,000","34,072,000","33,618,000","48,670,000","111,650,000","39,676,000","48,313,000","29,458,000","40,892,000","35,641,000","35,608,000","29,706,000","31,504,000","30,889,000","37,941,000","38,051,000","33,351,000","20,210,000","-3,799,000","28,388,000","81,735,000","24,313,000","63,610,000","23,261,000","22,161,000","29,595,000","5,102,000","26,873,000","27,557,000","29,108,000","22,107,000","75,514,000","34,938,000","19,978,000","-11,391,000","22,188,000","15,551,000","21,956,000","35,972,000","17,306,000","6,493,000","15,079,000","28,607,000","12,201,000","13,862,000","10,751,000","5,367,000","11,357,000","46,036,000","6,506,000","-64,624,000","33,200,000","29,200,000","28,700,000","-54,568,000","28,200,000","27,400,000","28,600,000"
TaxRateForCalcs,"0.055","0.043","0.048","0.057","0.072","0.101","0.052","0.038","0.062","0.27","0.14","0.09","0.045","0.27","0.051","0.032","0.085","0.27","0.4","0.027","0.037","0.4","0.148","0.048","0.4","0.009","0.247","0.134","0.183","0.05","0.179","0.031","0.154","0.02","0.35","0.203","0.35","0.35","0.204","0.113","0.35","0.107","0.35","0.197","0.239","0.25","0.362","0.171","0.216","0.232","0.34","0.299","0.198","0.258","0.126","0.233","0.317","0.295","0.35","0.339","0.35","0.368","0.4","0.279","0.181","0.31","0.4","0.251","0.279","0.288","0.4","0.4","0.302","0.23","0.004","0.383","0.193","0.298","0.4","0.244","0.157","0.174","0.4","0.204","0.198","0.014","0.4","0.054","0.4","0.4","0.4","0.4","0.4","0.4","0.4","0.4","0.4","0.4"
TaxEffectOfUnusualItems,"233,104.278","-285,304.048","102,764.16","-777,761.136","1,610,095.786","992,688.003","3,147,599.783","827,724.102","-66,425.867","-2,121,120","1,613,283.237","-3,090,815.185","-47,658.897","212,490","6,552,540.556","-54,109.179","-228,499.254","-1,293,300","-1,223,200","-36,074.187","-322,800.98","-29,200","-1,394,275.486","-686,671.401","-14,269,600","-147,306.388","3,187,203.359","-3,232,491.176","-455,886.812","-420,316.936","-3,329,785.965","-151,923.369","-492,378.861","1,482,316.781","-2,180,150","-1,025,920.112","0","-1,147,650","2,808,590.69","-568,387.068","75,250","-320,011.039","-2,061,850","-1,031,461.111","1,126,844.451","120,393.06","-2,142,749.656","120,240.63","9,089.341","-1,814,657.106","-1,949,063.8","75,030.697","-311,684.244","813,732.262","-205,076.338","-257,469.186","488,785.157","2,193,726.845","2,330,650","3,196,083.925","-365,050","844,092.924","3,543,200","897,767.442","1,220,023.955","290,912.43","1,990,000","187,025.362","32,603.727","111,112.871","766,800","96,800","348,785.184","395,212.939","119,299.105","489,581.255","307,099.856","537,008.523","1,072,800","109,883.09","1,830,156.016","251,497.112","-4,944,000","373,034.065","202,162.789","24,053.358","-355,200","11,210.513","-15,577,200","0","0","0","0","0","0","0","0","0"