name,ttm,03/31/2022,12/31/2021,09/30/2021,06/30/2021,03/31/2021,12/31/2020,09/30/2020,06/30/2020,03/31/2020,12/31/2019,09/30/2019,06/30/2019,03/31/2019,12/31/2018,09/30/2018,06/30/2018,03/31/2018,12/31/2017,09/30/2017,06/30/2017,03/31/2017,12/31/2016,09/30/2016,06/30/2016,03/31/2016,12/31/2015,09/30/2015,06/30/2015,03/31/2015,12/31/2014,09/30/2014,06/30/2014,03/31/2014,12/31/2013,09/30/2013,06/30/2013,03/31/2013,12/31/2012,09/30/2012,06/30/2012,03/31/2012,12/31/2011,09/30/2011,06/30/2011,03/31/2011,12/31/2010,09/30/2010,06/30/2010,03/31/2010,12/31/2009,09/30/2009,06/30/2009,03/31/2009,12/31/2008,09/30/2008,06/30/2008,03/31/2008,12/31/2007,09/30/2007,06/30/2007,03/31/2007,12/31/2006,09/30/2006,06/30/2006,03/31/2006,12/31/2005,09/30/2005,06/30/2005,03/31/2005,12/31/2004,09/30/2004,06/30/2004,03/31/2004,12/31/2003,09/30/2003,06/30/2003,03/31/2003,12/31/2002,09/30/2002,06/30/2002,03/31/2002,12/31/2001,09/30/2001,06/30/2001,03/31/2001,12/31/2000,09/30/2000,06/30/2000,03/31/2000,12/31/1999,09/30/1999,06/30/1999,03/31/1999,12/31/1998,09/30/1998,06/30/1998,03/31/1998,12/31/1997,09/30/1997,06/30/1997,03/31/1997,12/31/1996,09/30/1996,06/30/1996,03/31/1996,12/31/1995,09/30/1995,06/30/1995,03/31/1995,12/31/1994,09/30/1994,06/30/1994,03/31/1994,12/31/1993,09/30/1993,06/30/1993,03/31/1993,12/31/1992,09/30/1992,06/30/1992,03/31/1992,12/31/1991,09/30/1991,06/30/1991,03/31/1991,12/31/1990,09/30/1990,06/30/1990,03/31/1990,12/31/1989,09/30/1989,06/30/1989,03/31/1989,12/31/1988,09/30/1988,06/30/1988,03/31/1988,12/31/1987,09/30/1987,06/30/1987,03/31/1987,12/31/1986,09/30/1986,06/30/1986,03/31/1986,12/31/1985,09/30/1985
TotalRevenue,"176,348,000","47,804,000","44,748,000","42,499,000","41,297,000","69,633,000","71,229,000","73,227,000","72,870,000","76,792,000","80,667,000","80,259,000","76,820,000","83,174,000","82,901,000","82,502,000","86,606,000","84,881,000","81,302,000","82,819,000","83,456,000","77,501,000","76,952,000","79,770,000","79,405,000","77,137,000","79,102,000","78,243,000","74,226,000","74,856,000","74,359,000","73,413,000","72,254,000","68,611,000","66,721,000","65,828,000","78,272,000","76,924,000","77,071,000","77,108,000","76,777,000","76,499,000","76,708,000","71,931,000","80,570,000","78,155,000","70,112,000","76,274,000","75,145,000","76,446,000","77,866,000","75,607,000","76,752,000","77,860,000","73,085,000","70,639,000","69,768,000","70,278,000","64,627,000","66,028,000","64,202,000","60,798,000","59,432,000","56,546,000","52,916,000","50,925,000","48,603,000","49,274,000","46,816,000","45,501,000","37,422,000","45,587,000","44,944,000","44,441,000","43,926,000","41,211,000","39,613,000","39,069,000","39,154,000","38,501,000","37,556,000","38,022,000","37,806,000","37,873,000","37,418,000","35,324,000","35,212,000","34,230,000","33,350,000","31,935,000","24,475,000","29,700,000","29,100,000","35,800,000","20,797,000","26,400,000","25,700,000","30,400,000","21,729,000","19,900,000","19,300,000","18,600,000","17,441,000","17,400,000","15,900,000","14,800,000","25,797,497","9,300,000","8,800,000","8,700,000","22,111,482","7,900,000","7,700,000","8,000,000","10,300,000","10,200,000","10,800,000","10,300,000","9,500,000","9,900,000","8,800,000","9,200,000","9,100,000","9,400,000","8,800,000","8,300,000","8,200,000","8,300,000","8,200,000","7,800,000","7,800,000","7,800,000","7,400,000","6,800,000","7,200,000","6,500,000","6,300,000","6,300,000","7,100,000","6,000,000","5,700,000","5,600,000","5,700,000","5,900,000","6,100,000","5,000,000","5,300,000","5,200,000"
	OperatingRevenue,"176,348,000","47,804,000","44,748,000","42,499,000","41,297,000","69,633,000","71,229,000","73,227,000","72,870,000","76,792,000","80,667,000","80,259,000","76,820,000","83,174,000","82,901,000","82,502,000","86,606,000","84,881,000","81,302,000","82,819,000","83,456,000","77,501,000","76,952,000","79,770,000","79,405,000","77,137,000","77,792,000","78,662,000","74,718,000","75,255,000","74,786,000","73,872,000","72,672,000","69,328,000","67,601,000","66,641,000","79,409,000","78,043,000","82,114,000","77,108,000","76,777,000","76,499,000","76,708,000","71,931,000","80,570,000","78,155,000","70,112,000","76,274,000","75,145,000","76,446,000","77,866,000","75,607,000","76,752,000","77,860,000","73,085,000","70,639,000","69,768,000","70,516,000","65,107,000","66,385,000","64,622,000","62,719,000","59,701,000","56,839,000","53,091,000","51,095,000","50,025,000","49,274,000","46,816,000","45,501,000","37,422,000","45,587,000","44,944,000","44,441,000","43,926,000","41,211,000","39,613,000","39,069,000","39,154,000","38,501,000","37,784,000","38,170,000","43,788,000","37,873,000","38,168,000","35,523,000","35,476,000","34,230,000","33,592,000","31,935,000","24,475,000","29,700,000","29,100,000","35,800,000","20,797,000","26,400,000","25,700,000","30,400,000","22,700,000","19,900,000","19,300,000","18,600,000","18,100,000","17,400,000","15,900,000","14,800,000","26,500,000","9,300,000","8,800,000","8,700,000","22,100,000","7,900,000","7,700,000","8,000,000","10,300,000","10,200,000","10,800,000","10,300,000","9,500,000","9,900,000","8,800,000","9,200,000","9,100,000","9,400,000","8,800,000","8,300,000","8,200,000","8,300,000","8,200,000","7,800,000","7,800,000","7,800,000","7,400,000","6,800,000","7,200,000","6,500,000","6,300,000","6,300,000","7,100,000","6,000,000","5,700,000","5,600,000","5,700,000","5,900,000","6,100,000","5,000,000","5,300,000","5,200,000"
CostOfRevenue,"69,363,000","18,902,000","17,287,000","16,944,000","16,230,000","26,694,000","28,713,000","28,672,000","26,885,000","28,639,000","30,611,000","30,692,000","28,134,000","29,210,000","28,255,000","28,571,000","29,503,000","29,901,000","29,450,000","29,646,000","28,691,000","27,863,000","28,940,000","29,164,000","28,175,000","28,734,000","9,684,000","28,109,000","27,229,000","29,208,000","7,855,000","25,914,000","25,528,000","26,342,000","7,515,000","23,243,000","27,429,000","27,091,000","6,370,000","26,901,000","25,479,000","26,013,000","26,068,000","24,070,000","26,214,000","26,088,000","22,212,000","25,152,000","24,157,000","27,401,000","26,164,000","25,868,000","25,590,000","27,404,000","25,472,000","24,031,000","22,803,000",,,,,,,,,,,,,,,,,,,,,,,,,,,,,,,,,,,,,,,,,,,,,,,,,,,,,,,,,,,,,,,,,,,,,,,,,,,,,,,,,,,,,,,,,,,
GrossProfit,"106,985,000","28,902,000","27,461,000","25,555,000","25,067,000","42,939,000","42,516,000","44,555,000","45,985,000","48,153,000","50,056,000","49,567,000","48,686,000","53,964,000","54,646,000","53,931,000","57,103,000","54,980,000","51,852,000","53,173,000","54,765,000","49,638,000","48,012,000","50,606,000","51,230,000","48,403,000","69,418,000","50,134,000","46,997,000","45,648,000","66,504,000","47,499,000","46,726,000","42,269,000","59,206,000","42,585,000","50,843,000","49,833,000","70,701,000","50,207,000","51,298,000","50,486,000","50,640,000","47,861,000","54,356,000","52,067,000","47,900,000","51,122,000","50,988,000","49,045,000","51,702,000","49,739,000","51,162,000","50,456,000","47,613,000","46,608,000","46,965,000",,,,,,,,,,,,,,,,,,,,,,,,,,,,,,,,,,,,,,,,,,,,,,,,,,,,,,,,,,,,,,,,,,,,,,,,,,,,,,,,,,,,,,,,,,,
OperatingExpense,"115,600,000","31,362,000","29,653,000","27,177,000","27,408,000","35,247,000","36,229,000","36,800,000","34,895,000","36,057,000","45,077,000","43,801,000","38,579,000","37,354,000","36,461,000","35,539,000","35,527,000","35,790,000","34,653,000","33,268,000","35,020,000","31,695,000","30,829,000","35,444,000","30,129,000","31,549,000","51,730,000","34,302,000","29,809,000","31,355,000","48,540,000","28,877,000","29,229,000","27,182,000","44,541,000","25,018,000","29,587,000","29,386,000","50,097,000","29,300,000","29,755,000","29,600,000","29,538,000","27,316,000","29,508,000","28,452,000","26,484,000","27,431,000","27,188,000","27,350,000","27,121,000","27,477,000","27,217,000","26,457,000","26,980,000","24,202,000","24,309,000","46,738,000","42,502,000","42,063,000","42,003,000","38,220,000","36,116,000","34,123,000","33,805,000","30,141,000","27,875,000","28,953,000","29,549,000","27,002,000","21,187,000","26,030,000","25,248,000","24,564,000","24,517,000","22,823,000","20,744,000","20,808,000","20,091,000","19,790,000","10,803,000","10,525,000","10,342,000","10,813,000","10,756,000","10,239,000","9,637,000","9,676,000","9,633,000","9,372,000","75,281,000","-13,800,000","-13,200,000","-12,900,000","65,614,000","-12,200,000","-11,500,000","-10,800,000","51,659,000","-9,000,000","-8,700,000","-8,400,000","43,432,000","-8,100,000","-6,900,000","-6,400,000","20,000,615","-1,200,000","-1,100,000","-1,000,000","17,330,844","-1,100,000","-1,000,000","-1,600,000","-4,000,000","-4,000,000","-3,700,000","-3,800,000","-2,100,000","-4,100,000","-3,300,000","-3,300,000","-6,000,000","-3,500,000","-3,300,000","-3,300,000","-3,200,000","-3,200,000","-3,100,000","-3,100,000","-3,200,000","-3,100,000","-2,900,000",,,,,,,,,,,,,,,
	SellingGeneralAndAdministration,"37,731,000","9,162,000","9,539,000","8,925,000","10,105,000","5,604,000","5,988,000","6,330,000","5,296,000","6,337,000","6,265,000","6,461,000","5,535,000","7,807,000","5,352,000","5,267,000","5,649,000","5,821,000","5,868,000","5,327,000","5,759,000","5,626,000","4,527,000","4,539,000","4,968,000","5,511,000","22,922,000","4,953,000","4,306,000","6,080,000","24,037,000","4,523,000","4,828,000","4,429,000","22,129,000","3,850,000","4,005,000","3,862,000","23,966,000","3,173,000","4,164,000","3,606,000","4,140,000","3,837,000","4,049,000","3,702,000","3,951,000","3,153,000","3,519,000","3,838,000","3,174,000","3,834,000","3,716,000","3,182,000","3,350,000","2,780,000","3,111,000","3,080,000","3,675,000","3,174,000","5,367,000","2,883,000","2,461,000","2,230,000","5,276,000","2,656,000","1,644,000","2,036,000","2,092,000","2,232,000","1,622,000","1,616,000","1,727,000","1,229,000","1,583,000","1,296,000","1,264,000","1,132,000","1,070,000","1,034,000","1,227,000","1,240,000","4,627,000","1,303,000","1,567,000","1,666,000","4,529,000","1,914,000","2,061,000","1,780,000","1,673,000","1,600,000","1,700,000","1,300,000","1,858,000","1,500,000","1,700,000","1,500,000","1,343,000","1,000,000","1,000,000","1,000,000","695,000","700,000","900,000","800,000","755,199","800,000","900,000","900,000","915,659","900,000","800,000","600,000","700,000","700,000","700,000","600,000","2,200,000","200,000","700,000","700,000",,"700,000","700,000","600,000","700,000","600,000","700,000","600,000","600,000","700,000","700,000",,,,,,,,,,,,,,,
		GeneralAndAdministrativeExpense,"37,731,000","9,162,000","9,539,000","8,925,000","10,105,000","5,604,000","5,988,000","6,330,000","5,296,000","6,337,000","6,265,000","6,461,000","5,535,000","7,807,000","5,352,000","5,267,000","5,649,000","5,821,000","5,868,000","5,327,000","5,759,000","5,626,000","4,527,000","4,539,000","4,968,000","5,511,000","22,922,000","4,953,000","4,306,000","6,080,000","24,037,000","4,523,000","4,828,000","4,429,000","22,129,000","3,850,000","4,005,000","3,862,000","4,545,000",,,,,,,,,,,,,,,,,,,"3,080,000","3,675,000","3,174,000","5,367,000","2,883,000","2,461,000","2,230,000","5,276,000","2,656,000","1,644,000","2,036,000","2,092,000","2,232,000","1,622,000","1,616,000","1,727,000","1,229,000","1,583,000","1,296,000","1,264,000","1,132,000","1,070,000","1,034,000","1,227,000","1,240,000","4,627,000","1,303,000","1,567,000","1,666,000","4,529,000","1,914,000","2,061,000","1,780,000","1,673,000","1,600,000","1,700,000","1,300,000","1,858,000","1,500,000","1,700,000","1,500,000","1,343,000","1,000,000","1,000,000","1,000,000","695,000","700,000","900,000","800,000","755,199","800,000","900,000","900,000","915,659","900,000","800,000","600,000","700,000","700,000","700,000","600,000","2,200,000","200,000","700,000","700,000",,"700,000","700,000","600,000","700,000","600,000","700,000","600,000","600,000","700,000","700,000",,,,,,,,,,,,,,,
			SalariesAndWages,,,,,,,,,,,,,,,,,,,,,,,,,,,,,,,,,,,,,,,,,,,,,,,,,,,,,,,,,,"3,080,000","3,675,000","3,174,000","5,367,000","2,883,000","2,461,000","2,230,000","5,276,000","2,656,000","1,644,000","2,036,000","2,092,000","2,232,000","1,622,000","1,616,000","1,727,000","1,229,000","1,583,000","1,296,000","1,264,000","1,132,000","1,070,000","1,034,000","1,227,000","1,240,000","1,559,000","1,303,000","1,567,000","1,666,000","1,776,000","1,914,000","2,061,000","1,780,000","1,700,000","1,600,000","1,700,000","1,300,000","1,900,000","1,500,000","1,700,000","1,500,000","1,300,000","1,000,000","1,000,000","1,000,000","700,000","700,000","900,000","800,000","800,000","800,000","900,000","900,000","900,000","900,000","800,000","600,000","700,000","700,000","700,000","600,000","2,200,000","200,000","700,000","700,000",,"700,000","700,000","600,000","700,000","600,000","700,000","600,000","600,000","700,000","700,000",,,,,,,,,,,,,,,
			RentAndLandingFees,,,,,,,,,,,"412,000","416,000","492,000","378,000",,,,,,,,,,,,,,,,,,,,,,,,,,,,,,,,,,,,,,,,,,,,,,,,,,,,,,,,,,,,,,,,,,,,,,,,,,,,,,,,,,,,,,,,,,,,,,,,,,,,,,,,,,,,,,,,,,,,,,,,,,,,,,,,,,,,,,
			OtherGandA,"37,731,000","9,162,000","9,539,000","8,925,000","10,105,000","5,604,000","5,988,000","6,330,000","5,296,000","6,337,000","5,853,000","6,045,000","5,043,000","7,429,000","5,352,000","5,267,000","5,649,000","5,821,000","5,868,000","5,327,000","5,759,000","5,626,000","4,527,000","4,539,000","4,968,000","5,511,000","22,922,000","4,953,000","4,306,000","6,080,000","24,037,000","4,523,000","4,828,000","4,429,000","22,129,000","3,850,000","4,005,000","3,862,000","4,545,000",,,,,,,,,,,,,,,,,,,,,,,,,,,,,,,,,,,,,,,,,,,,,,,,,,,,,,,,,,,,,,,,,,,,,,,,,,,,,,,,,,,,,,,,,,,,,,,,,,,,,,,,,,,,,
	DepreciationAmortizationDepletionIncomeStatement,"77,869,000","22,200,000","20,114,000","18,252,000","17,303,000","29,643,000","30,241,000","30,470,000","29,599,000","29,720,000","38,812,000","37,340,000","33,044,000","29,547,000","31,109,000","30,272,000","29,878,000","29,969,000","28,785,000","27,941,000","29,261,000","26,069,000","26,302,000","30,905,000","25,161,000","26,038,000","28,808,000","29,349,000","25,503,000","25,275,000","24,503,000","24,354,000","24,401,000","22,753,000","22,412,000","21,168,000","25,582,000","25,524,000","26,131,000","26,127,000","25,591,000","25,994,000","25,398,000","23,479,000","25,459,000","24,750,000","22,533,000","24,278,000","23,669,000","23,512,000","23,947,000","23,643,000","23,501,000","23,275,000","23,630,000","21,422,000","21,198,000","20,525,000","18,232,000","18,285,000","16,880,000","16,378,000","15,139,000","14,138,000","12,955,000","11,968,000","11,694,000","11,988,000","12,967,000","10,565,000","8,933,000","10,515,000","10,121,000","9,872,000","10,336,000","9,101,000","8,245,000","8,073,000","7,895,000","7,303,000","7,053,000","6,950,000","7,041,000","6,800,000","6,680,000","6,214,000","5,834,000","5,810,000","5,624,000","5,430,000",,,,,,,,,,,,,,,,,,,,,,,,,,,,,,,,,,,,,,,,,,,,,,,,,,,,,,,,,,
		DepreciationAndAmortizationInIncomeStatement,"77,869,000","22,200,000","20,114,000","18,252,000","17,303,000","29,643,000","30,241,000","30,470,000","29,599,000","29,720,000","38,812,000","37,340,000","33,044,000","29,547,000","31,109,000","30,272,000","29,878,000","29,969,000","28,785,000","27,941,000","29,261,000","26,069,000","26,302,000","30,905,000","25,161,000","26,038,000","28,808,000","29,349,000","25,503,000","25,275,000","24,503,000","24,354,000","24,401,000","22,753,000","22,412,000","21,168,000","25,582,000","25,524,000","26,131,000",,,"25,994,000",,,,"24,750,000",,"24,278,000","23,669,000",,,"23,643,000","23,823,000",,"23,630,000","21,422,000","21,198,000","20,525,000","18,232,000","18,285,000","16,880,000","16,378,000","15,139,000","14,138,000","12,955,000","11,968,000","11,694,000","11,988,000","12,967,000","10,565,000","8,933,000","10,515,000","10,121,000","9,872,000","10,336,000","9,101,000","8,245,000","8,073,000","7,895,000","7,303,000","7,053,000","6,950,000","7,041,000","6,800,000","6,680,000","6,214,000","5,834,000","5,810,000","5,624,000","5,430,000",,,,,,,,,,,,,,,,,,,,,,,,,,,,,,,,,,,,,,,,,,,,,,,,,,,,,,,,,,
	OtherTaxes,,,,,,,,,,,,,,,,,,,,,,,,,,,,,,,,,,,,,,,,,,,,,,,,,,,,,,,,,,"-55,187,000","-42,502,000","-42,063,000","-42,003,000","-38,220,000","-36,116,000","-34,123,000","-33,805,000","-30,141,000","-28,379,000","-28,953,000","-29,045,000","-27,002,000","-21,187,000","-26,030,000","-25,248,000","-24,564,000","-24,517,000","-22,823,000","-20,744,000","-20,808,000","-20,091,000","-19,790,000","-19,083,000","-18,715,000",,,"-19,003,000","-18,119,000","-17,247,000",,"-17,318,000",,,"-15,400,000","-14,900,000","-14,200,000",,"-13,700,000","-13,200,000","-12,300,000","-11,400,000","-10,000,000","-9,700,000","-9,400,000","-8,900,000","-8,800,000","-7,800,000","-7,200,000","-19,000,000","-2,000,000","-2,000,000","-1,900,000","-16,200,000","-2,000,000","-1,800,000","-2,200,000","-4,700,000","-4,700,000","-4,400,000","-4,400,000","-4,300,000","-4,300,000","-4,000,000","-4,000,000","-4,000,000","-4,200,000","-4,000,000","-3,900,000","-3,900,000","-3,800,000","-3,800,000","-3,700,000","-3,800,000","-3,800,000","-3,600,000",,,,,,,,,,,,,,,
	OtherOperatingExpenses,,,,,,,,,,,,,,,,,,,,,,,,,,,,,,,,,,,,,,,,,,,,,,,,,,,,,,,,"24,031,000",,"78,320,000","63,097,000","62,667,000","61,759,000","57,179,000","54,632,000","51,878,000","49,379,000","45,658,000","42,916,000","43,882,000","43,535,000","41,207,000","31,819,000","39,929,000","38,648,000","38,027,000","37,115,000","35,249,000","31,979,000","32,411,000","31,217,000","31,243,000","21,606,000","21,050,000","73,656,000","2,710,000","21,512,000","20,478,000","16,521,000","1,952,000","19,266,000","2,162,000",,,,,,,,,,,,,,,,,,,,,,,,,,,,,,,,,,,,,,,,,,,,,,,,,,,,,,,,,,
OperatingIncome,"-8,615,000","-2,460,000","-2,192,000","-1,622,000","-2,341,000","7,692,000","6,287,000","7,755,000","11,090,000","12,096,000","4,979,000","5,766,000","10,107,000","16,610,000","18,185,000","18,392,000","21,576,000","19,190,000","17,199,000","19,905,000","19,745,000","17,943,000","17,183,000","15,162,000","21,101,000","16,854,000","17,688,000","15,832,000","17,188,000","14,293,000","17,964,000","18,622,000","17,497,000","15,087,000","14,665,000","17,567,000","21,256,000","20,447,000","20,604,000","20,907,000","21,543,000","20,886,000","21,102,000","20,545,000","24,848,000","23,615,000","21,416,000","23,691,000","23,800,000","21,695,000","24,581,000","22,262,000","23,945,000","23,999,000","20,633,000","22,406,000","22,656,000","23,540,000","22,125,000","23,965,000","22,199,000","22,578,000","23,316,000","22,423,000","19,111,000","20,784,000","20,728,000","20,321,000","17,267,000","18,499,000","16,235,000","19,557,000","19,696,000","19,877,000","19,409,000","18,388,000","18,869,000","18,261,000","19,063,000","18,711,000","26,753,000","27,497,000","27,464,000","27,060,000","26,662,000","25,085,000","25,575,000","24,554,000","23,717,000","22,563,000","-50,806,000","43,500,000","42,300,000","48,700,000","-44,817,000","38,600,000","37,200,000","41,200,000","-29,930,000","28,900,000","28,000,000","27,000,000","-25,991,000","25,500,000","22,800,000","21,200,000","5,796,882","10,500,000","9,900,000","9,700,000","4,780,638","9,000,000","8,700,000","9,600,000","14,300,000","14,200,000","14,500,000","14,100,000","11,600,000","14,000,000","12,100,000","12,500,000","15,100,000","12,900,000","12,100,000","11,600,000","11,400,000","11,500,000","11,300,000","10,900,000","11,000,000","10,900,000","10,300,000","6,800,000","20,900,000","6,500,000","6,300,000","6,300,000","19,700,000","6,000,000","5,700,000","5,600,000","16,900,000","5,900,000","6,100,000","5,000,000","15,200,000","5,200,000"
NetNonOperatingInterestIncomeExpense,"-29,590,000","-5,650,000","-5,676,000","-8,106,000","-10,158,000","-10,123,000","-8,998,000","-8,711,000","-8,751,000","-10,845,000","-11,788,000","-14,198,000","-15,252,000","-12,641,000","-12,497,000","-12,499,000","-13,321,000","-12,827,000","-11,900,000","-12,176,000","-12,053,000","-11,405,000","-11,773,000","-13,173,000","-13,820,000","-14,360,000","-15,012,000","-14,486,000","-14,700,000","-15,348,000","-15,183,000","-15,087,000","-14,985,000","-14,530,000","-15,629,000","-15,930,000","-16,152,000","-16,518,000","-17,411,000","-15,985,000","-15,533,000","-15,895,000","-16,207,000","-16,508,000","-17,097,000","-17,126,000","-17,211,000","-17,100,000","-17,013,000","-17,065,000","-17,780,000","-18,224,000","-19,316,000","-19,681,000","-17,514,000","-17,148,000","-17,582,000",,,,,,,,,,,,,,,,,,,,,,,,,,,,,,,,,,,,,,,,,,,,,,,,,,,,,,,,,,,,,,,,,,,,,,,,,,,,,,,,,,,,,,,,,,,
	InterestIncomeNonOperating,,,,,,,,,,,,,,,,,,,,,,,,,,,,,,,,,,,,,,,,,,,,,,,,,,,"284,000",,,,,,,,,,,,,,,,,,,,,,,,,,,,,,,,,,,,,,,,,,,,,,,,,,,,,,,,,,,,,,,,,,,,,,,,,,,,,,,,,,,,,,,,,,,,,,,,,
	InterestExpenseNonOperating,"29,590,000","5,650,000","5,676,000","8,106,000","10,158,000","10,123,000","8,998,000","8,711,000","8,751,000","10,845,000","11,788,000","14,198,000","15,252,000","12,641,000","12,497,000","12,499,000","13,321,000","12,827,000","11,900,000","12,176,000","12,053,000","11,405,000","11,773,000","13,173,000","13,820,000","14,360,000","15,012,000","14,486,000","14,700,000","15,348,000","15,183,000","15,087,000","14,985,000","14,530,000","15,629,000","15,930,000","16,152,000","16,518,000","17,411,000","15,985,000","15,533,000","15,895,000","16,207,000","16,508,000","17,097,000","17,126,000","17,211,000","17,100,000","17,013,000","17,065,000","17,780,000","18,224,000","19,316,000","19,681,000","17,514,000","17,148,000","17,582,000",,,,,,,,,,,,,,,,,,,,,,,,,,,,,,,,,,,,,,,,,,,,,,,,,,,,,,,,,,,,,,,,,,,,,,,,,,,,,,,,,,,,,,,,,,,
OtherIncomeExpense,"-15,382,000","386,000","1,072,000","-12,602,000","-4,238,000","1,284,000","-8,326,000",,"-7,745,000","468,000","61,007,000",,"-1,046,000","-8,374,000","0",,"2,495,000","-3,064,000","-2,939,000","-4,916,000","48,000","77,000","92,000","77,675,000","23,847,000","-115,000","59,419,000","-766,000","-5,374,000","30,453,000","-472,000","123,000","-1,144,000","-2,822,000","-3,333,000","72,000","159,000","26,000","-1,945,000","401,000","-2,000","190,000","-15,280,000","-1,330,000","-12,000","-1,343,000","-9,284,000","67,000","-112,000","247,000","-1,300,000","191,000","1,558,000","6,165,000","3,770,000","355,000","220,000","-8,211,000","480,000","357,000","420,000",,"269,000","293,000","175,000","170,000","918,000",,"504,000",,,,"115,000","65,000",,"102,000","132,000","108,000",,"177,000","228,000","148,000","435,000","302,000","750,000","199,000","264,000","288,000","242,000","149,000","-7,168,000",,,"7,900,000",,,,,,,,,,,,,,,,,,,,,"0",,"700,000",,,,,,,"-400,000","-300,000","-400,000","-400,000","-400,000","-400,000","-400,000","-500,000","-400,000","-400,000",,,,,,,,,,,,,,,
	GainOnSaleOfSecurity,,,"0","-106,000","-5,760,000",,"-8,030,000",,"-7,539,000",,"61,007,000",,"-1,046,000",,"0",,"2,495,000",,"24,915,000",,,,"0","77,592,000","24,112,000",,"59,376,000",,"1,454,000","30,277,000","0",,"570,000",,,,,,,,,,,,,,,,,,,,,,,,,,,,,,,,,,,,,,,,,,,,,,,,,,,,,,,,,,,,,"7,900,000",,,,,,,,,,,,,,,,,,,,,"0",,"700,000",,,,,,,,,,,,,,,,,,,,,,,,,,,,,,,
	SpecialIncomeCharges,,,"0","-12,727,000","0","0","-296,000","0","-206,000","468,000","0","0","0","-8,374,000","0","0",,"-3,064,000","-28,152,000","-5,000,000","0","0","0",,"-348,000","-154,000","-119,000","-929,000","-7,020,000","-16,000","-663,000","-69,000","-1,933,000","-3,045,000","-3,554,000","-148,000","-87,000","-213,000","-2,920,000","401,000","-2,000","190,000","-15,280,000","-1,330,000","-12,000","-1,343,000","-9,284,000","67,000","-112,000","247,000","-1,300,000","191,000","1,558,000","6,165,000","3,770,000","355,000","220,000","-8,211,000","480,000","357,000","420,000",,"269,000","293,000","175,000","170,000","918,000",,"504,000",,,,"115,000","65,000",,"102,000","132,000","108,000",,"177,000","228,000","148,000","-3,861,000","302,000","750,000","199,000","3,831,000","288,000","242,000","149,000",,,,,,,,,,,,,,,,,,,,,,,,,,,,,,,,,,"-400,000","-300,000","-400,000","-400,000","-400,000","-400,000","-400,000","-500,000","-400,000","-400,000",,,,,,,,,,,,,,,
		RestructuringAndMergernAcquisition,,,,,,,,,,,,,,,,,,,"0","0","0","0","0",,"1,024,000","154,000","119,000","929,000","992,000","16,000","663,000","69,000","1,933,000","3,045,000","817,000","148,000","87,000","213,000","90,000","-164,000","254,000",,,,,,,,,,,,,,,,,,,,,,,,,,,,,,,,,,,,,,,,,,,,,,,,,,,,,,,,,,,,,,,,,,,,,,,,,,,,,,,,,,,"400,000","300,000","400,000","400,000","400,000","400,000","400,000","500,000","400,000","400,000",,,,,,,,,,,,,,,
		ImpairmentOfCapitalAssets,,,,,,,"0","0","0","0","0","0","0","8,374,000","0","0",,"1,886,000","28,152,000","5,000,000",,,,,,,"0","0","5,909,000",,,,,,,,,,"2,097,000",,,"0",,,,,,,,,,,,,,,,,,,,,,,,,,,,,,,,,,,,,,,,,,,,,,,,,,,,,,,,,,,,,,,,,,,,,,,,,,,,,,,,,,,,,,,,,,,,,,,,,,,,,,,,,,
		OtherSpecialCharges,,,"0","12,727,000",,,"296,000",,"206,000","-468,000",,,,,"0",,,"1,178,000",,,,,"0",,"-676,000",,"0",,"119,000",,,,,,"2,737,000",,,,,"-237,000","-252,000","-190,000","754,000","1,330,000","12,000","1,343,000",,,,"-247,000",,"-191,000","-1,558,000","-6,165,000",,,,,,,,,,,,,,,,,,,,,,,,,,,,,,,,,,,,,,,,,,,,,,,,,,,,,,,,,,,,,,,,,,,,,,,,,,,,,,,,,,,,,,,,,,,,,,
	OtherNonOperatingIncomeExpenses,"3,211,000","386,000","1,072,000","231,000","1,522,000","1,284,000",,,,,,,,,,,,,"298,000","84,000","48,000","77,000","92,000","83,000","83,000","39,000","162,000","163,000","192,000","192,000","191,000","192,000","219,000","223,000","221,000","220,000","246,000","239,000","242,000",,,,,,,,,,,,,,,,,,,,,,,,,,,,,,,,,,,,,,,,,,,,,,,,,,,,,,,,,,,,,,,,,,,,,,,,,,,,,,,,,,,,,,,,,,,,,,,,,,,,,,,,,,,,,
PretaxIncome,"-53,587,000","-7,724,000","-6,796,000","-22,330,000","-16,737,000","-1,147,000","-11,037,000","-956,000","-5,406,000","1,719,000","54,198,000","-8,432,000","-6,191,000","-4,405,000","5,688,000","5,893,000","10,750,000","3,299,000","2,360,000","2,813,000","7,740,000","6,615,000","5,502,000","79,664,000","31,128,000","2,379,000","62,095,000","580,000","-2,886,000","29,398,000","2,309,000","3,658,000","1,368,000","-2,265,000","-4,297,000","1,709,000","5,263,000","3,955,000","1,248,000","5,323,000","6,008,000","5,181,000",,"2,707,000","7,739,000","5,146,000",,"6,658,000","6,675,000","4,877,000","5,501,000","4,229,000","6,187,000","10,483,000",,,,,,,,,,,,,,,,,,,,,,,,,,,,,,,,,,,,,,,,,,,,,,,,,,,,,,,,,,,,,,,,,,,,,,,,,,,,,,,,,,,,,,,,,,,,,,
TaxProvision,,,,,,,,,,,,,,,"0","0",,,"23,000","0","-107,000",,"76,000","2,000","-693,000",,,,,,,,,,,,,,,,,,,,,,,,,,,,,,,,,,,,,,,,,,,,,,,,,,,,,,,,,,,,,,,,,,,,,,,,,,,,,,,,,,,,,,,,,,,,,,,,,,,,,,,,,,,,,,,,,,,,,,,,,,,
NetIncomeCommonStockholders,"9,414,000","-7,724,000","-7,189,000","31,319,000","-6,992,000","-1,147,000","-11,582,000","-956,000","-5,406,000","1,568,000","53,988,000","330,976,000","854,000","-4,539,000","5,162,000","5,893,000","10,606,000","3,155,000","1,975,000","2,833,000","7,757,000","6,556,000","5,464,000","79,474,000","31,737,000","2,294,000","62,048,000","600,000","-2,626,000","29,398,000","2,337,000","3,624,000","1,070,000","104,259,000","18,864,000","5,731,000","5,121,000","7,215,000","2,376,000","9,561,000","6,008,000","5,181,000","30,689,000","63,008,000","6,522,000","4,665,000","10,591,000","6,625,000","14,994,000","5,216,000","7,254,000","9,550,000","13,090,000","10,851,000","7,242,000","5,879,000","21,208,000","-1,488,000","8,442,000","34,390,000","8,337,000","10,712,000","10,081,000","10,230,000","7,719,000","10,632,000","11,067,000","13,461,000","10,875,000","42,234,000","12,383,000","10,797,000","11,082,000","11,302,000","11,398,000","10,987,000","11,288,000","11,214,000","12,052,000","11,643,000","11,813,000","16,328,000","12,406,000","16,824,000","12,394,000","10,728,000","11,494,000","12,793,000","9,963,000","10,910,000","10,401,000","8,800,000","8,800,000","16,400,000","9,964,000","8,300,000","8,400,000","14,500,000","8,336,000","7,700,000","7,100,000","7,000,000","7,064,000","6,800,000","7,100,000","7,000,000","6,903,329","6,800,000","6,200,000","6,200,000","5,622,240","5,800,000","5,800,000","5,800,000","5,600,000","5,500,000","6,300,000","5,800,000","5,200,000","5,500,000","4,800,000","4,900,000","4,800,000","4,900,000","4,600,000","4,100,000","4,000,000","4,200,000","4,100,000","3,800,000","3,800,000","3,800,000","3,500,000","3,100,000","3,100,000","2,900,000","2,900,000","2,700,000","2,800,000","2,600,000","2,600,000","2,500,000","2,600,000","2,700,000","2,600,000","2,400,000","3,800,000","4,600,000"
	NetIncome,"9,807,000","-7,724,000","-6,796,000","31,319,000","-6,992,000","-1,147,000","-11,037,000","-956,000","-5,406,000","1,719,000","54,198,000","332,770,000","987,000","-4,405,000","5,688,000","5,893,000","10,750,000","3,299,000","2,337,000","2,833,000","7,864,000","6,634,000","5,445,000","79,674,000","31,836,000","2,384,000","62,133,000","647,000","-2,546,000","29,506,000","2,330,000","3,668,000","1,087,000","104,554,000","18,908,000","5,840,000","5,263,000","7,335,000","2,958,000","9,561,000","6,008,000","5,181,000","30,689,000","63,008,000","6,522,000","4,665,000","10,591,000","6,625,000","14,994,000","5,216,000","7,254,000","9,550,000","13,090,000","10,851,000","7,242,000","5,879,000","21,208,000","-1,488,000","8,442,000","34,390,000","8,337,000","10,712,000","10,081,000","10,230,000","7,719,000","10,632,000","11,067,000","13,461,000","10,875,000","42,234,000","12,383,000","10,797,000","11,082,000","11,302,000","11,398,000","10,987,000","11,288,000","11,214,000","12,052,000","11,643,000","11,813,000","16,328,000","12,406,000","16,824,000","12,394,000","10,728,000","11,494,000","12,793,000","9,963,000","10,910,000","10,401,000","8,800,000","8,800,000","16,400,000","9,964,000","8,300,000","8,400,000","14,500,000","8,336,000","7,700,000","7,100,000","7,000,000","7,064,000","6,800,000","7,100,000","7,000,000","6,903,329","6,800,000","6,200,000","6,200,000","5,622,240","5,800,000","5,800,000","5,800,000","5,600,000","5,500,000","6,300,000","5,800,000","5,200,000","5,500,000","4,800,000","4,900,000","4,800,000","4,900,000","4,600,000","4,100,000","4,000,000","4,200,000","4,100,000","3,800,000","3,800,000","3,800,000","3,500,000","3,100,000","3,100,000","2,900,000","2,900,000","2,700,000","2,800,000","2,600,000","2,600,000","2,500,000","2,600,000","2,700,000","2,600,000","2,400,000","3,800,000","4,600,000"
		NetIncomeIncludingNoncontrollingInterests,"9,807,000","-7,724,000","-6,796,000","31,319,000","-6,992,000","-1,147,000","-11,037,000","-956,000","-5,406,000","1,719,000","54,198,000","332,770,000","987,000","-4,405,000","5,688,000","5,893,000","10,750,000","3,299,000","2,337,000","2,813,000","7,847,000","6,615,000","5,426,000","79,662,000","31,821,000","2,379,000","62,095,000","580,000","-2,886,000","29,398,000","2,309,000","3,658,000","1,080,000","104,554,000","18,908,000","5,840,000","5,263,000","7,335,000","2,958,000","9,561,000","6,008,000","5,181,000","31,098,000","63,036,000","6,556,000","4,688,000","10,615,000","6,658,000","15,021,000","5,265,000","7,303,000","9,603,000","13,142,000","10,900,000","7,242,000","5,879,000","21,208,000","-1,488,000","8,442,000","34,390,000","8,337,000","10,712,000","10,081,000","10,230,000","7,719,000","10,632,000","11,067,000","13,461,000","10,875,000","42,234,000","12,383,000","10,797,000","11,082,000","11,302,000","11,398,000","10,987,000","11,288,000","11,214,000","12,052,000","11,643,000","11,813,000","16,328,000","12,406,000","16,824,000","12,394,000","10,728,000","11,494,000","12,793,000","9,963,000","10,910,000","10,401,000","8,800,000","8,800,000","16,400,000","9,964,000","8,300,000","8,400,000","14,500,000","8,336,000","7,700,000","7,100,000","7,000,000","7,064,000","6,800,000","7,100,000","7,000,000","6,903,329","6,800,000","6,200,000","6,200,000","5,622,240","5,800,000","5,800,000","5,800,000","5,600,000","5,500,000","6,300,000","5,800,000","5,200,000","5,500,000","4,800,000","4,900,000","4,800,000","4,900,000","4,600,000","4,100,000","4,000,000","4,200,000","4,100,000","3,800,000","3,800,000","3,800,000","3,500,000","3,100,000","3,100,000","2,900,000","2,900,000","2,700,000","2,800,000","2,600,000","2,600,000","2,500,000","2,600,000","2,700,000","2,600,000","2,400,000","3,800,000","4,600,000"
			NetIncomeContinuousOperations,"-53,587,000","-7,724,000","-6,796,000","-22,330,000","-16,737,000","-1,147,000","-11,037,000","-956,000","-5,406,000","1,719,000","54,198,000","-8,432,000","-6,191,000","-4,405,000","5,688,000","5,893,000","10,750,000","3,299,000","2,337,000","2,813,000","7,847,000","6,615,000","5,426,000","79,662,000","31,821,000","2,379,000","62,095,000","580,000","-2,886,000","29,398,000","2,309,000","3,658,000","1,368,000","-2,265,000","-4,297,000","1,709,000","5,263,000","3,955,000","1,248,000","5,323,000","6,008,000","5,181,000","-10,385,000","2,707,000","7,739,000","5,146,000","-5,079,000","6,658,000","6,675,000","4,877,000","5,501,000","4,229,000","6,187,000","10,483,000","6,889,000","5,613,000","5,294,000","-2,335,000","6,197,000","8,498,000","7,321,000","10,123,000","10,193,000","10,189,000","7,682,000","10,632,000","11,067,000","10,523,000","8,992,000","9,911,000","7,684,000","10,797,000","11,082,000","11,302,000","11,398,000","10,987,000","11,288,000","11,214,000","12,052,000","11,643,000","11,813,000","12,572,000","12,406,000","12,528,000","12,394,000","10,728,000","11,494,000","10,724,000","9,963,000","9,412,000","2,492,000","8,800,000","8,800,000","16,400,000","3,200,000","8,300,000","8,400,000","14,500,000","8,336,000","7,700,000","7,100,000","7,000,000","7,064,000","6,800,000","7,100,000","7,000,000","6,903,329","6,800,000","6,200,000","6,200,000","5,622,240","5,800,000","5,800,000","5,800,000","5,600,000","5,500,000","6,300,000","5,800,000","5,200,000","5,500,000","4,800,000","4,900,000","4,800,000","4,900,000","4,600,000","4,100,000","4,000,000","4,200,000","4,100,000","3,800,000","3,800,000","3,800,000","3,500,000","3,100,000","3,100,000","2,900,000","2,900,000","2,700,000","2,800,000","2,600,000","2,600,000","2,500,000","2,600,000","2,700,000","2,600,000","2,400,000","3,800,000","4,600,000"
			NetIncomeDiscontinuousOperations,"63,394,000","0","0","53,649,000","9,745,000",,"0","0","0","0","0","341,202,000","7,178,000",,,,,,,,,,,,,,,"0","0","0","0","0","-288,000","106,819,000","23,205,000","4,131,000","0","3,380,000","1,710,000","4,238,000","0","0","41,483,000","60,329,000","-1,183,000","-458,000","15,694,000","0","8,346,000","388,000","1,802,000","5,374,000","6,955,000","417,000","353,000","266,000","15,914,000","847,000","2,245,000","25,892,000","1,016,000","589,000","-112,000","41,000","37,000","0","0","2,938,000","1,883,000","32,323,000",,,,,"0","0","0","0","0","0","0",,,,,,,,,,,,,,,,,,,,,,,,,,,,,,,,,,,,,,,,,,,,,,,,,,,,,,,,,,,,,,,,,,,
			NetIncomeFromTaxLossCarryforward,,,,,,,,,,,,,,,,,,,,,,,,,,,,,,,,,,,,,,,,,,,,,,,,,,,,,,,,,,,,,,,,,,,,,,,,,,,,,,,,,,"3,756,000",,,,,,,,,,,,,,,,,,,,,,,,,,,,,,,,,,,,,,,,,,,,,,,,,,,,,,,,,,,,,,,,,,
		MinorityInterests,"0",,,,,,,"0","0","0","0","0","0","0","0","0",,"0","0","20,000","17,000","19,000","19,000","12,000","15,000","5,000","38,000","67,000","340,000","108,000","21,000","10,000","7,000","0","0","0",,,"0","0","0","0","-409,000","-28,000","-34,000","-23,000","-24,000","-33,000","-27,000","-49,000","-49,000","-53,000","-52,000","-49,000",,,,,,,,,,,,,,,,,,,,,,,,,,,,,,,,,,,,,,,,,,,,,,,,,,,,,,,,,,,,,,,,,,,,,,,,,,,,,,,,,,,,,,,,,,,,,,
	OtherunderPreferredStockDividend,,,,,,,,,,"151,000","210,000","1,794,000","133,000","134,000",,,"144,000","144,000",,,"107,000","78,000","-19,000","200,000","99,000","90,000","85,000","47,000","80,000","108,000","-7,000","44,000","17,000","295,000","44,000","109,000","142,000","120,000",,,,,,,,,,,,,,,,,,,,,,,,,,,,,,,,,,,,,,,,,,,,,,,,,,,,,,,,,,,,,,,,,,,,,,,,,,,,,,,,,,,,,,,,,,,,,,,,,,,,,,,,,,,,,,
DilutedNIAvailtoComStockholders,"9,414,000","-7,724,000","-7,189,000","31,319,000","-6,992,000","-1,147,000","-11,582,000","-956,000","-5,406,000","1,568,000","53,988,000","330,976,000","854,000","-4,539,000","5,162,000","5,893,000","10,606,000","3,155,000","1,975,000","2,833,000","7,757,000","6,556,000","5,464,000","79,474,000","31,737,000","2,294,000","62,048,000","600,000","-2,626,000","29,398,000","2,337,000","3,624,000","1,070,000","104,259,000","18,864,000","5,731,000","5,121,000","7,215,000","2,376,000","9,561,000","6,008,000","5,181,000","30,689,000","63,008,000","6,522,000","4,665,000","10,591,000","6,625,000","14,994,000","5,216,000","7,254,000","9,550,000","13,090,000","10,851,000","7,242,000","5,879,000","21,208,000","-1,488,000","8,442,000","34,390,000","8,337,000","10,712,000","10,081,000","10,230,000","7,719,000","10,632,000","11,067,000","13,461,000","10,875,000","42,234,000","12,383,000","10,797,000","11,082,000","11,302,000","11,398,000","10,987,000","11,288,000","11,214,000","12,052,000","11,643,000","11,813,000","16,328,000","12,406,000","16,824,000","12,394,000","10,728,000","11,494,000","12,793,000","9,963,000","10,910,000","10,401,000","8,800,000","8,800,000","16,400,000","9,964,000","8,300,000","8,400,000","14,500,000","8,336,000","7,700,000","7,100,000","7,000,000","7,064,000","6,800,000","7,100,000","7,000,000","6,903,329","6,800,000","6,200,000","6,200,000","5,622,240","5,800,000","5,800,000","5,800,000","5,600,000","5,500,000","6,300,000","5,800,000","5,200,000","5,500,000","4,800,000","4,900,000","4,800,000","4,900,000","4,600,000","4,100,000","4,000,000","4,200,000","4,100,000","3,800,000","3,800,000","3,800,000","3,500,000","3,100,000","3,100,000","2,900,000","2,900,000","2,700,000","2,800,000","2,600,000","2,600,000","2,500,000","2,600,000","2,700,000","2,600,000","2,400,000","3,800,000","4,600,000"
BasicEPS,,"-0.09","-0.08","0.37","-0.08","-0.02","-0.13","-0.01","-0.07","0.02","0.66","4.14","0.01","-0.06","0.07","0.07","0.14","0.04","0.03","0.04","0.1","0.09","0.07","1.07","0.44","0.03","0.91","0.01","-0.04","0.43","0.03","0.05","0.02","1.56","0.28","0.09","0.08","0.11","0.04","0.14","0.09","0.078",,"0.95","0.1","0.071",,"0.11","0.24","0.09","0.12","0.16","0.23","0.2",,"0.12","0.44","-0.03",,"0.74","0.18","0.24",,"0.23","0.18","0.25",,"0.32","0.26","1.01",,"0.26","0.27","0.27",,"0.28","0.29","0.29",,"0.3","0.3","0.42",,"0.44","0.33","0.3",,"0.36","0.28","0.305",,"0.25","0.25","0.46",,"0.23","0.23","0.41",,"0.23","0.22","0.22",,"0.22","0.22","0.22",,"0.22","0.22","0.22",,"0.21","0.21","0.21",,"0.2","0.22","0.2",,"0.2","0.19","0.19",,"0.2","0.19","0.18",,"0.18","0.18","0.16",,"0.17","0.16","0.15",,"0.14","0.14","0.13",,"0.13","0.13","0.12",,"0.13","0.13","0.12",,"0.26"
DilutedEPS,,"-0.09","-0.08","0.37","-0.08","-0.02","-0.13","-0.01","-0.07","0.02","0.66","4.14","0.01","-0.06","0.07","0.07","0.13","0.04","0.03","0.04","0.1","0.09","0.07","1.07","0.44","0.03","0.91","0.01","-0.04","0.43","0.03","0.05","0.02","1.56","0.28","0.09","0.08","0.11","0.04","0.14","0.09","0.078",,"0.95","0.1","0.07",,"0.1","0.24","0.09","0.12","0.16","0.23","0.2",,"0.12","0.44","-0.03",,"0.73","0.18","0.24",,"0.23","0.18","0.25",,"0.32","0.26","1.005",,"0.26","0.26","0.27",,"0.28","0.286","0.28",,"0.3","0.3","0.42",,"0.43","0.33","0.3",,"0.36","0.28","0.305",,"0.25","0.25","0.46",,"0.23","0.23","0.41",,"0.23","0.22","0.22",,"0.22","0.22","0.22",,"0.22","0.22","0.22",,"0.21","0.21","0.21",,"0.2","0.22","0.2",,"0.2","0.19","0.19",,"0.2","0.19","0.18",,"0.18","0.18","0.16",,"0.17","0.16","0.15",,"0.14","0.14","0.13",,"0.13","0.13","0.12",,"0.13","0.13","0.12",,"0.26"
BasicAverageShares,,"87,214,000","84,804,000","84,496,000","84,461,000","84,413,000","82,962,000","82,186,000","82,153,000","82,086,000","81,220,000","79,981,000","79,934,000","79,881,000","79,748,000","79,076,000","78,520,000","78,483,000","78,386,000","77,291,000","76,705,000","74,854,000","74,592,000","73,994,000","71,719,000","68,301,000","68,204,000","68,186,000","68,176,000","68,141,000","67,002,000","66,738,000","66,732,000","66,701,000","66,591,000","66,410,000","66,405,000","66,393,000","66,273,000","66,246,000","66,241,000","66,309,000",,"66,017,000","65,954,000","65,885,000",,"62,894,000","61,171,000","59,898,000","59,735,000","58,556,000","56,276,000","52,914,000",,"49,599,000","47,933,000","46,623,000",,"46,596,000","45,490,000","44,931,000",,"44,874,000","42,852,000","42,052,000",,"42,005,000","41,932,000","41,866,000",,"41,648,000","41,638,000","41,572,000",,"39,311,000","39,241,000","39,174,000",,"39,134,000","39,056,000","38,899,000",,"38,460,000","37,668,000","35,778,000",,"35,734,000","35,734,000","35,734,000",,"35,200,000","35,200,000","35,652,174",,"36,086,957","36,521,739","35,365,854",,"33,478,261","32,272,727","31,818,182",,"30,909,091","32,272,727","31,818,182",,"30,909,091","28,181,818","28,181,818",,"27,619,048","27,619,048","27,619,048",,"27,500,000","28,636,364","29,000,000",,"27,500,000","25,263,158","25,789,474",,"24,500,000","24,210,526","22,777,778",,"23,333,333","22,777,778","23,750,000",,"22,352,941","21,875,000","20,666,667",,"13,771,000","13,766,000","13,766,000",,"20,000,000","20,000,000","20,833,333",,"20,769,231","20,000,000","20,000,000",,"17,692,308"
DilutedAverageShares,,"87,214,000","84,804,000","84,496,000","84,461,000","84,413,000","82,962,000","82,186,000","82,153,000","82,287,000","81,313,000","79,981,000","79,934,000","79,881,000","79,760,000","79,238,000","78,616,000","78,547,000","78,478,000","77,423,000","76,830,000","74,966,000","74,779,000","74,133,000","71,912,000","68,488,000","68,371,000","68,305,000","68,176,000","68,191,000","67,065,000","66,790,000","66,761,000","66,701,000","66,591,000","66,561,000","66,556,000","66,519,000","66,416,000","66,379,000","66,380,000","66,328,000",,"66,064,000","65,989,000","65,907,000",,"63,055,000","61,287,000","60,001,000","59,833,000","58,571,000","56,277,000","52,915,000",,"49,849,000","48,148,000","46,623,000",,"46,802,000","45,658,000","45,153,000",,"45,093,000","43,037,000","42,197,000",,"42,147,000","42,059,000","42,015,000",,"41,883,000","41,838,000","41,820,000",,"39,529,000","39,452,000","39,358,000",,"39,358,000","39,349,000","39,186,000",,"38,795,000","38,072,000","36,164,000",,"35,932,000","35,810,000","35,763,000",,"35,200,000","35,200,000","35,652,174",,"36,086,957","36,521,739","35,365,854",,"33,478,261","32,272,727","31,818,182",,"30,909,091","32,272,727","31,818,182",,"30,909,091","28,181,818","28,181,818",,"27,619,048","27,619,048","27,619,048",,"27,500,000","28,636,364","29,000,000",,"27,500,000","25,263,158","25,789,474",,"24,500,000","24,210,526","22,777,778",,"23,333,333","22,777,778","23,750,000",,"22,352,941","21,875,000","20,666,667",,"13,771,000","13,766,000","13,766,000",,"20,000,000","20,000,000","20,833,333",,"20,769,231","20,000,000","20,000,000",,"17,692,308"
TotalOperatingIncomeAsReported,"-8,615,000","-2,460,000","-2,192,000","-1,622,000","-2,341,000","7,692,000","-1,183,000","7,755,000","3,551,000","12,096,000","65,986,000","5,766,000","9,061,000","8,236,000","18,185,000","18,392,000","24,071,000","17,304,000","13,962,000","14,905,000","19,745,000","17,943,000","17,183,000","92,754,000","44,865,000","16,700,000","76,945,000","14,903,000","11,741,000","44,554,000","17,301,000","18,553,000","16,134,000","12,042,000","13,848,000","17,419,000","21,169,000","20,234,000","18,417,000","21,071,000","21,289,000","20,886,000","21,102,000","20,545,000","24,848,000","23,615,000","21,416,000","23,691,000","23,800,000","21,695,000","24,581,000","22,262,000","23,945,000","23,999,000","20,633,000","22,406,000","22,656,000","23,540,000","22,125,000","23,965,000","22,199,000","22,578,000","23,316,000","22,423,000","19,111,000","20,784,000","20,224,000","20,321,000","17,771,000","18,499,000","16,235,000","19,557,000","19,696,000","19,877,000","19,409,000","18,388,000","18,869,000","18,261,000","19,063,000","18,711,000","26,753,000","27,497,000","27,464,000","27,060,000","26,662,000","25,085,000","25,575,000","24,554,000","23,717,000","22,563,000",,,,,,,,,,,,,,,,,,,,,,,,,,,,,,,,,,,,,,,,,,,,,,,,,,,,,,,,,,
RentExpenseSupplemental,,,,,,,,,,,"412,000","416,000","492,000","378,000",,,,,,,,,,,,,,,,,,,,,,,,,,,,,,,,,,,,,,,,,,,,,,,,,,,,,,,,,,,,,,,,,,,,,,,,,,,,,,,,,,,,,,,,,,,,,,,,,,,,,,,,,,,,,,,,,,,,,,,,,,,,,,,,,,,,,,
TotalExpenses,"184,963,000","50,264,000","46,940,000","44,121,000","43,638,000","61,941,000","64,942,000","65,472,000","61,780,000","64,696,000","75,688,000","74,493,000","66,713,000","66,564,000","64,716,000","64,110,000","65,030,000","65,691,000","64,103,000","62,914,000","63,711,000","59,558,000","59,769,000","64,608,000","58,304,000","60,283,000","61,414,000","62,411,000","57,038,000","60,563,000","56,395,000","54,791,000","54,757,000","53,524,000","52,056,000","48,261,000","57,016,000","56,477,000","56,467,000","56,201,000","55,234,000","55,613,000","55,606,000","51,386,000","55,722,000","54,540,000","48,696,000","52,583,000","51,345,000","54,751,000","53,285,000","53,345,000","52,807,000","53,861,000","52,452,000","48,233,000","47,112,000","46,738,000","42,502,000","42,063,000","42,003,000","38,220,000","36,116,000","34,123,000","33,805,000","30,141,000","27,875,000","28,953,000","29,549,000","27,002,000","21,187,000","26,030,000","25,248,000","24,564,000","24,517,000","22,823,000","20,744,000","20,808,000","20,091,000","19,790,000","10,803,000","10,525,000","10,342,000","10,813,000","10,756,000","10,239,000","9,637,000","9,676,000","9,633,000","9,372,000","75,281,000","-13,800,000","-13,200,000","-12,900,000","65,614,000","-12,200,000","-11,500,000","-10,800,000","51,659,000","-9,000,000","-8,700,000","-8,400,000","43,432,000","-8,100,000","-6,900,000","-6,400,000","20,000,615","-1,200,000","-1,100,000","-1,000,000","17,330,844","-1,100,000","-1,000,000","-1,600,000","-4,000,000","-4,000,000","-3,700,000","-3,800,000","-2,100,000","-4,100,000","-3,300,000","-3,300,000","-6,000,000","-3,500,000","-3,300,000","-3,300,000","-3,200,000","-3,200,000","-3,100,000","-3,100,000","-3,200,000","-3,100,000","-2,900,000",,,,,,,,,,,,,,,
NetIncomeFromContinuingAndDiscontinuedOperation,"9,807,000","-7,724,000","-6,796,000","31,319,000","-6,992,000","-1,147,000","-11,037,000","-956,000","-5,406,000","1,719,000","54,198,000","332,770,000","987,000","-4,405,000","5,688,000","5,893,000","10,750,000","3,299,000","2,337,000","2,833,000","7,864,000","6,634,000","5,445,000","79,674,000","31,836,000","2,384,000","62,133,000","647,000","-2,546,000","29,506,000","2,330,000","3,668,000","1,087,000","104,554,000","18,908,000","5,840,000","5,263,000","7,335,000","2,958,000","9,561,000","6,008,000","5,181,000","30,689,000","63,008,000","6,522,000","4,665,000","10,591,000","6,625,000","14,994,000","5,216,000","7,254,000","9,550,000","13,090,000","10,851,000","7,242,000","5,879,000","21,208,000","-1,488,000","8,442,000","34,390,000","8,337,000","10,712,000","10,081,000","10,230,000","7,719,000","10,632,000","11,067,000","13,461,000","10,875,000","42,234,000","12,383,000","10,797,000","11,082,000","11,302,000","11,398,000","10,987,000","11,288,000","11,214,000","12,052,000","11,643,000","11,813,000","12,572,000","12,406,000","16,824,000","12,394,000","10,728,000","11,494,000","12,793,000","9,963,000","10,910,000","10,401,000","8,800,000","8,800,000","16,400,000","9,964,000","8,300,000","8,400,000","14,500,000","8,336,000","7,700,000","7,100,000","7,000,000","7,064,000","6,800,000","7,100,000","7,000,000","6,903,329","6,800,000","6,200,000","6,200,000","5,622,240","5,800,000","5,800,000","5,800,000","5,600,000","5,500,000","6,300,000","5,800,000","5,200,000","5,500,000","4,800,000","4,900,000","4,800,000","4,900,000","4,600,000","4,100,000","4,000,000","4,200,000","4,100,000","3,800,000","3,800,000","3,800,000","3,500,000","3,100,000","3,100,000","2,900,000","2,900,000","2,700,000","2,800,000","2,600,000","2,600,000","2,500,000","2,600,000","2,700,000","2,600,000","2,400,000","3,800,000","4,600,000"
NormalizedIncome,"-34,994,000","-7,724,000","-6,796,000","-9,497,000","-10,977,000","-1,147,000","-2,711,000","-956,000","2,339,000","1,377,360","9,662,890","-8,432,000","-5,145,000","3,969,000","5,688,000","5,893,000","8,928,650","5,535,720","5,542,452.966","7,833,000","7,864,000","6,634,000","5,445,000","2,083,947.982","17,577,600","2,476,400","26,578,800","1,204,400","3,020,000","11,349,400","2,760,950","3,712,850","2,260,950","780,000","-743,000","1,805,200","5,319,550","4,093,450","3,146,000","5,062,350","6,009,300","5,057,500","-862,000","3,543,500","7,712,800","5,995,950","931,600","6,581,450","6,720,800","4,667,450","6,297,000","4,051,850","5,122,300","6,426,750","4,438,500","5,382,250","5,151,000","3,002,150","5,885,000","8,265,950","7,048,000","10,123,000","10,031,600","10,013,200","7,577,000","10,530,000","10,516,200","10,523,000","8,689,600","9,911,000","7,684,000","10,797,000","11,013,000","11,263,000","11,398,000","10,925,800","11,208,800","11,149,200","12,052,000","11,536,800","11,676,200","12,483,200","12,145,000","16,642,800","11,944,000","10,608,600","11,335,600","12,620,200","9,817,800","10,820,600","14,701,800","8,800,000","8,800,000","11,660,000","9,964,000","8,300,000","8,400,000","14,500,000","8,336,000","7,700,000","7,100,000","7,000,000","7,064,000","6,800,000","7,100,000","7,000,000","6,903,329","6,800,000","6,200,000","6,200,000","5,622,240","5,800,000","5,800,000","5,800,000","5,600,000","5,500,000","5,880,000","5,800,000","5,200,000","5,500,000","4,800,000","4,900,000","4,800,000","5,140,000","4,780,000","4,340,000","4,240,000","4,440,000","4,340,000","4,040,000","4,100,000","4,040,000","3,740,000","3,100,000","3,100,000","2,900,000","2,900,000","2,700,000","2,800,000","2,600,000","2,600,000","2,500,000","2,600,000","2,700,000","2,600,000","2,400,000","3,800,000","4,600,000"
InterestIncome,,,,,,,,,,,,,,,,,,,,,,,,,,,,,,,,,,,,,,,,,,,,,,,,,,,"284,000",,,,,,,,,,,,,,,,,,,,,,,,,,,,,,,,,,,,,,,,,,,,,,,,,,,,,,,,,,,,,,,,,,,,,,,,,,,,,,,,,,,,,,,,,,,,,,,,,
InterestExpense,"29,590,000","5,650,000","5,676,000","8,106,000","10,158,000","10,123,000","8,998,000","8,711,000","8,751,000","10,845,000","11,788,000","14,198,000","15,252,000","12,641,000","12,497,000","12,499,000","13,321,000","12,827,000","11,900,000","12,176,000","12,053,000","11,405,000","11,773,000","13,173,000","13,820,000","14,360,000","15,012,000","14,486,000","14,700,000","15,348,000","15,183,000","15,087,000","14,985,000","14,530,000","15,629,000","15,930,000","16,152,000","16,518,000","17,411,000","15,985,000","15,533,000","15,895,000","16,207,000","16,508,000","17,097,000","17,126,000","17,211,000","17,100,000","17,013,000","17,065,000","17,780,000","18,224,000","19,316,000","19,681,000","17,514,000","17,148,000","17,582,000",,,,,,,,,,,,,,,,,,,,,,,,,,,,,,,,,,,,,,,,,,,,,,,,,,,,,,,,,,,,,,,,,,,,,,,,,,,,,,,,,,,,,,,,,,,
NetInterestIncome,"-29,590,000","-5,650,000","-5,676,000","-8,106,000","-10,158,000","-10,123,000","-8,998,000","-8,711,000","-8,751,000","-10,845,000","-11,788,000","-14,198,000","-15,252,000","-12,641,000","-12,497,000","-12,499,000","-13,321,000","-12,827,000","-11,900,000","-12,176,000","-12,053,000","-11,405,000","-11,773,000","-13,173,000","-13,820,000","-14,360,000","-15,012,000","-14,486,000","-14,700,000","-15,348,000","-15,183,000","-15,087,000","-14,985,000","-14,530,000","-15,629,000","-15,930,000","-16,152,000","-16,518,000","-17,411,000","-15,985,000","-15,533,000","-15,895,000","-16,207,000","-16,508,000","-17,097,000","-17,126,000","-17,211,000","-17,100,000","-17,013,000","-17,065,000","-17,780,000","-18,224,000","-19,316,000","-19,681,000","-17,514,000","-17,148,000","-17,582,000",,,,,,,,,,,,,,,,,,,,,,,,,,,,,,,,,,,,,,,,,,,,,,,,,,,,,,,,,,,,,,,,,,,,,,,,,,,,,,,,,,,,,,,,,,,
EBIT,"-23,997,000","-2,074,000","-1,120,000","-14,224,000","-6,579,000","8,976,000","-2,039,000","7,755,000","3,345,000","12,564,000","65,986,000","5,766,000","9,061,000","8,236,000","18,185,000","18,392,000","24,071,000","16,126,000","14,260,000","14,989,000","19,793,000","18,020,000","17,275,000","92,837,000","44,948,000","16,739,000","77,107,000","15,066,000","11,814,000","44,746,000","17,492,000","18,745,000","16,353,000","12,265,000","11,332,000","17,639,000","21,415,000","20,473,000","18,659,000","21,308,000","21,541,000","21,076,000","23,787,000","19,215,000","24,836,000","22,272,000","21,269,000","23,758,000","23,688,000","21,942,000","16,667,000","22,453,000","25,503,000","30,164,000","20,633,000","22,406,000","22,656,000","23,540,000","22,125,000","23,965,000","22,199,000","22,578,000","23,316,000","22,423,000","19,111,000","20,784,000","20,728,000","20,321,000","17,267,000","18,499,000","16,235,000","19,557,000","19,696,000","19,877,000","19,409,000","18,388,000","18,869,000","18,261,000","19,063,000","18,711,000","26,753,000","27,497,000","27,464,000","27,060,000","26,662,000","25,085,000","25,575,000","24,554,000","23,717,000","22,563,000","-50,806,000","43,500,000","42,300,000","48,700,000","-44,817,000","38,600,000","37,200,000","41,200,000","-29,930,000","28,900,000","28,000,000","27,000,000","-25,991,000","25,500,000","22,800,000","21,200,000","5,796,882","10,500,000","9,900,000","9,700,000","4,780,638","9,000,000","8,700,000","9,600,000","14,300,000","14,200,000","14,500,000","14,100,000","11,600,000","14,000,000","12,100,000","12,500,000","15,100,000","12,900,000","12,100,000","11,600,000","11,400,000","11,500,000","11,300,000","10,900,000","11,000,000","10,900,000","10,300,000","6,800,000","20,900,000","6,500,000","6,300,000","6,300,000","19,700,000","6,000,000","5,700,000","5,600,000","16,900,000","5,900,000","6,100,000","5,000,000","15,200,000","5,200,000"
EBITDA,"64,120,000"
ReconciledCostOfRevenue,"59,115,000","18,902,000","17,287,000","16,944,000","5,982,000","26,694,000","28,713,000","28,672,000","26,885,000","28,639,000","30,611,000","30,633,000","25,757,000","29,210,000","28,255,000","28,571,000","29,503,000","29,901,000","29,450,000","29,646,000","28,691,000","27,863,000","28,940,000","29,164,000","28,175,000","28,734,000","9,684,000","28,109,000","27,229,000","29,208,000","7,855,000","25,914,000","25,528,000","26,342,000","7,515,000","20,028,000","27,429,000","27,091,000","6,370,000","26,810,000","25,479,000","26,013,000","26,068,000","23,127,000","26,214,000","25,589,000","20,554,000","25,152,000","24,157,000","27,305,000","26,163,000","25,822,000","25,583,000","27,377,000","25,472,000","23,908,000","23,309,000",,,,,,,,,,,,,,,,,,,,,,,,,,,,,,,,,,,,,,,,,,,,,,,,,,,,,,,,,,,,,,,,,,,,,,,,,,,,,,,,,,,,,,,,,,,
ReconciledDepreciation,"88,117,000","22,200,000","20,114,000","18,252,000","27,551,000","29,643,000","30,241,000","30,470,000","29,599,000","29,720,000","38,812,000","37,399,000","35,421,000","29,547,000","31,109,000","30,272,000","29,878,000","29,969,000","28,785,000","27,941,000","29,261,000","26,069,000","26,302,000","30,905,000","25,161,000","26,038,000","28,808,000","29,349,000","25,503,000","25,275,000","24,503,000","24,354,000","24,401,000","22,753,000","22,412,000","24,383,000","25,582,000","25,524,000","26,131,000","26,218,000","25,591,000","25,994,000","25,398,000","24,422,000","25,459,000","25,249,000","24,191,000","24,278,000","23,669,000","23,608,000","23,948,000","23,689,000","23,508,000","23,302,000","23,630,000","21,545,000","20,692,000","21,031,000","19,084,000","18,285,000","16,880,000","16,775,000","15,074,000","12,399,000","14,434,000","12,263,000","11,695,000","12,007,000","12,966,000","10,565,000","10,585,000","10,515,000","10,121,000","9,872,000","10,336,000","9,101,000","8,245,000","8,073,000","7,895,000","7,303,000","7,024,000","6,990,000","7,042,000","6,800,000","6,680,000","6,214,000","6,020,000","5,649,000","5,624,000","5,430,000","5,690,000","4,800,000","4,600,000","4,500,000","4,099,000","3,900,000","3,800,000","3,600,000","3,311,000","2,600,000","2,700,000","2,300,000","2,296,000","1,900,000","1,800,000","1,500,000","1,683,742","1,200,000","1,100,000","1,100,000","978,301","1,100,000","1,000,000","900,000","1,000,000","900,000","900,000","900,000","900,000","800,000","900,000","800,000","800,000","900,000","800,000","800,000","800,000","700,000","800,000","800,000","800,000","700,000",,,,,,,,,,,,,,,,
NetIncomeFromContinuingOperationNetMinorityInterest,"-53,587,000","-7,724,000","-6,796,000","-22,330,000","-16,737,000","-1,147,000","-11,037,000","-956,000","-5,406,000","1,719,000","54,198,000","-8,432,000","-6,191,000","-4,405,000","5,688,000","5,893,000","10,750,000","3,299,000","2,337,000","2,833,000","7,864,000","6,634,000","5,445,000","79,674,000","31,836,000","2,384,000","62,133,000","647,000","-2,546,000","29,506,000","2,330,000","3,668,000","1,375,000","-2,265,000","-4,297,000","1,709,000","5,263,000","3,955,000","1,248,000","5,323,000","6,008,000","5,181,000","-10,794,000","2,679,000","7,705,000","5,123,000","-5,103,000","6,625,000","6,648,000","4,828,000","5,452,000","4,176,000","6,135,000","10,434,000","6,889,000","5,613,000","5,294,000","-2,335,000","6,197,000","8,498,000","7,321,000","10,123,000","10,193,000","10,189,000","7,682,000","10,632,000","11,067,000","10,523,000","8,992,000","9,911,000","7,684,000","10,797,000","11,082,000","11,302,000","11,398,000","10,987,000","11,288,000","11,214,000","12,052,000","11,643,000","11,813,000","12,572,000","12,406,000","16,824,000","12,394,000","10,728,000","11,494,000","12,793,000","9,963,000","10,910,000","10,401,000","8,800,000","8,800,000","16,400,000","9,964,000","8,300,000","8,400,000","14,500,000","8,336,000","7,700,000","7,100,000","7,000,000","7,064,000","6,800,000","7,100,000","7,000,000","6,903,329","6,800,000","6,200,000","6,200,000","5,622,240","5,800,000","5,800,000","5,800,000","5,600,000","5,500,000","6,300,000","5,800,000","5,200,000","5,500,000","4,800,000","4,900,000","4,800,000","4,900,000","4,600,000","4,100,000","4,000,000","4,200,000","4,100,000","3,800,000","3,800,000","3,800,000","3,500,000","3,100,000","3,100,000","2,900,000","2,900,000","2,700,000","2,800,000","2,600,000","2,600,000","2,500,000","2,600,000","2,700,000","2,600,000","2,400,000","3,800,000","4,600,000"
TotalUnusualItemsExcludingGoodwill,"-18,593,000",,"0","-12,833,000","-5,760,000","0","-8,326,000","0","-7,745,000","468,000","61,007,000","0","-1,046,000","-8,374,000","0","0","2,495,000","-3,064,000","-3,237,000","-5,000,000","0","0","0","77,592,000","23,764,000","-154,000","59,257,000","-929,000","-5,566,000","30,261,000","-663,000","-69,000","-1,363,000","-3,045,000","-3,554,000","-148,000","-87,000","-213,000","-2,920,000","401,000","-2,000","190,000","-15,280,000","-1,330,000","-12,000","-1,343,000","-9,284,000","67,000","-112,000","247,000","-1,300,000","191,000","1,558,000","6,165,000","3,770,000","355,000","220,000","-8,211,000","480,000","357,000","420,000",,"269,000","293,000","175,000","170,000","918,000",,"504,000",,,,"115,000","65,000",,"102,000","132,000","108,000",,"177,000","228,000","148,000","435,000","302,000","750,000","199,000","264,000","288,000","242,000","149,000","-7,168,000",,,"7,900,000",,,,,,,,,,,,,,,,,,,,,"0",,"700,000",,,,,,,"-400,000","-300,000","-400,000","-400,000","-400,000","-400,000","-400,000","-500,000","-400,000","-400,000",,,,,,,,,,,,,,,
TotalUnusualItems,"-18,593,000",,"0","-12,833,000","-5,760,000","0","-8,326,000","0","-7,745,000","468,000","61,007,000","0","-1,046,000","-8,374,000","0","0","2,495,000","-3,064,000","-3,237,000","-5,000,000","0","0","0","77,592,000","23,764,000","-154,000","59,257,000","-929,000","-5,566,000","30,261,000","-663,000","-69,000","-1,363,000","-3,045,000","-3,554,000","-148,000","-87,000","-213,000","-2,920,000","401,000","-2,000","190,000","-15,280,000","-1,330,000","-12,000","-1,343,000","-9,284,000","67,000","-112,000","247,000","-1,300,000","191,000","1,558,000","6,165,000","3,770,000","355,000","220,000","-8,211,000","480,000","357,000","420,000",,"269,000","293,000","175,000","170,000","918,000",,"504,000",,,,"115,000","65,000",,"102,000","132,000","108,000",,"177,000","228,000","148,000","435,000","302,000","750,000","199,000","264,000","288,000","242,000","149,000","-7,168,000",,,"7,900,000",,,,,,,,,,,,,,,,,,,,,"0",,"700,000",,,,,,,"-400,000","-300,000","-400,000","-400,000","-400,000","-400,000","-400,000","-500,000","-400,000","-400,000",,,,,,,,,,,,,,,
NormalizedEBITDA,"82,713,000","20,126,000","18,994,000","16,861,000","26,732,000","38,619,000","36,528,000","38,225,000","40,689,000","41,816,000","43,791,000","43,165,000","45,528,000","46,157,000","49,294,000","48,664,000","51,454,000","49,159,000","46,282,000","47,930,000","49,054,000","44,089,000","43,577,000","46,150,000","46,345,000","42,931,000","46,658,000","45,344,000","42,883,000","39,760,000","42,658,000","43,168,000","42,117,000","38,063,000","37,298,000","42,170,000","47,084,000","46,210,000","47,710,000","47,125,000","47,134,000","46,880,000","64,465,000","44,967,000","50,307,000","48,864,000","54,744,000","47,969,000","47,469,000","45,303,000","41,915,000","45,951,000","47,453,000","47,301,000","40,493,000","43,596,000","43,634,000","52,782,000","40,729,000","41,893,000","38,659,000","39,353,000","38,186,000","36,268,000","33,370,000","32,877,000","31,505,000","32,328,000","29,730,000","29,064,000","26,820,000","30,072,000","29,702,000","29,684,000","29,745,000","27,387,000","26,982,000","26,226,000","26,958,000","25,837,000","33,578,000","34,339,000","34,071,000","33,558,000","32,592,000","31,100,000","31,331,000","30,076,000","29,099,000","27,844,000","-37,948,000","48,300,000","46,900,000","45,300,000","-40,718,000","42,500,000","41,000,000","44,800,000","-26,619,000","31,500,000","30,700,000","29,300,000","-23,695,000","27,400,000","24,600,000","22,700,000","7,480,624","11,700,000","11,000,000","10,800,000","5,758,939","10,100,000","9,700,000","10,500,000","15,300,000","15,100,000","14,700,000","15,000,000","12,500,000","14,800,000","13,000,000","13,300,000","15,900,000","14,200,000","13,200,000","12,800,000","12,600,000","12,600,000","12,500,000","12,100,000","12,300,000","12,000,000","10,700,000","6,800,000","20,900,000","6,500,000","6,300,000","6,300,000","19,700,000","6,000,000","5,700,000","5,600,000","16,900,000","5,900,000","6,100,000","5,000,000","15,200,000","5,200,000"
TaxRateForCalcs,"0","0","0","0","0","0","0","0","0","0.27","0.27","0","0","0","0","0","0.27","0.27","0.01","0","0.4","0.4","0.014","0","0.4","0.4","0.4","0.4","0","0.4","0.35","0.35","0.35","0","0","0.35","0.35","0.35","0.35","0.35","0.35","0.35","0.35","0.35","0.35","0.35","0.35","0.35","0.35","0.35","0.35","0.35","0.35","0.35","0.35","0.35","0.35","0.35","0.35","0.35","0.35","0.35","0.4","0.4","0.4","0.4","0.4","0.4","0.4","0.4","0.4","0.4","0.4","0.4","0.4","0.4","0.4","0.4","0.4","0.4","0.4","0.4","0.4","0.4","0.4","0.4","0.4","0.4","0.4","0.4","0.4","0.4","0.4","0.4","0.4","0.4","0.4","0.4","0.4","0.4","0.4","0.4","0.4","0.4","0.4","0.4","0.4","0.4","0.4","0.4","0.4","0.4","0.4","0.4","0.4","0.4","0.4","0.4","0.4","0.4","0.4","0.4","0.4","0.4","0.4","0.4","0.4","0.4","0.4","0.4","0.4","0.4","0.4","0.4","0.4","0.4","0.4","0.4","0.4","0.4","0.4","0.4","0.4","0.4","0.4","0.4","0.4","0.4"
TaxEffectOfUnusualItems,"0","0","0","0","0","0","0","0","0","126,360","16,471,890","0","0","0","0","0","673,650","-827,280","-31,547.034","0","0","0","0","1,947.982","9,505,600","-61,600","23,702,800","-371,600","0","12,104,400","-232,050","-24,150","-477,050","0","0","-51,800","-30,450","-74,550","-1,022,000","140,350","-700","66,500","-5,348,000","-465,500","-4,200","-470,050","-3,249,400","23,450","-39,200","86,450","-455,000","66,850","545,300","2,157,750","1,319,500","124,250","77,000","-2,873,850","168,000","124,950","147,000","0","107,600","117,200","70,000","68,000","367,200","0","201,600","0","0","0","46,000","26,000","0","40,800","52,800","43,200","0","70,800","91,200","59,200","174,000","120,800","300,000","79,600","105,600","115,200","96,800","59,600","-2,867,200","0","0","3,160,000","0","0","0","0","0","0","0","0","0","0","0","0","0","0","0","0","0","0","0","0","0","0","280,000","0","0","0","0","0","0","-160,000","-120,000","-160,000","-160,000","-160,000","-160,000","-160,000","-200,000","-160,000","-160,000","0","0","0","0","0","0","0","0","0","0","0","0","0","0","0"