name,ttm,03/31/2022,12/31/2021,09/30/2021,06/30/2021,03/31/2021,12/31/2020,09/30/2020,06/30/2020,03/31/2020,12/31/2019,09/30/2019,06/30/2019,03/31/2019,12/31/2018,09/30/2018,06/30/2018,03/31/2018,12/31/2017,09/30/2017,06/30/2017,03/31/2017,12/31/2016,09/30/2016,06/30/2016,03/31/2016,12/31/2015,09/30/2015,06/30/2015,03/31/2015,12/31/2014,09/30/2014,06/30/2014,03/31/2014,12/31/2013,09/30/2013,06/30/2013,03/31/2013,12/31/2012,09/30/2012,06/30/2012,03/31/2012,12/31/2011,09/30/2011,06/30/2011,03/31/2011,12/31/2010,09/30/2010,06/30/2010,03/31/2010,12/31/2009,09/30/2009,06/30/2009,03/31/2009,12/31/2008,09/30/2008,06/30/2008,03/31/2008,12/31/2007,09/30/2007,06/30/2007,03/31/2007,12/31/2006,09/30/2006,06/30/2006,03/31/2006,12/31/2005,09/30/2005,06/30/2005,03/31/2005,12/31/2004,09/30/2004,06/30/2004,03/31/2004,12/31/2003,09/30/2003,06/30/2003,03/31/2003,12/31/2002,09/30/2002,06/30/2002,03/31/2002,12/31/2001,09/30/2001,06/30/2001,03/31/2001,12/31/2000,09/30/2000,06/30/2000,03/31/2000,12/31/1999,09/30/1999,06/30/1999,03/31/1999,12/31/1998,09/30/1998,06/30/1998,03/31/1998,12/31/1997,09/30/1997,06/30/1997,03/31/1997,12/31/1996,09/30/1996,06/30/1996,03/31/1996,12/31/1995,09/30/1995,06/30/1995,03/31/1995,12/31/1994,09/30/1994,06/30/1994,03/31/1994,12/31/1993,09/30/1993,06/30/1993,03/31/1993,12/31/1992,09/30/1992,06/30/1992,03/31/1992,12/31/1991,09/30/1991,06/30/1991,03/31/1991,12/31/1990,09/30/1990,06/30/1990,03/31/1990,12/31/1989,09/30/1989,06/30/1989,03/31/1989,12/31/1988,09/30/1988,06/30/1988,03/31/1988,12/31/1987,09/30/1987,06/30/1987,03/31/1987,12/31/1986,09/30/1986,06/30/1986,03/31/1986,12/31/1985,09/30/1985
TotalRevenue,"1,993,854,000","699,275,000","535,687,000","361,860,000","397,032,000","583,565,000","473,998,000","348,647,000","384,468,000","255,585,000","226,042,000","243,626,000","218,892,000","201,132,000","205,747,000","226,137,000","211,860,000","194,347,000","203,312,000","215,008,000","203,418,000","187,787,000","196,799,000","226,593,000","203,876,000","192,607,000","197,067,000","221,051,000","205,760,000","190,326,000","191,389,000","210,535,000","195,307,000","182,672,000","188,608,000","204,345,000","195,655,000","180,035,000","187,481,000","214,565,000","198,204,000","170,244,000","172,700,000","197,328,000","188,229,000","171,324,000","179,314,000","207,797,000","178,444,000","160,517,000","167,893,000","180,826,000","167,333,000","154,487,000","159,840,000","177,098,000","150,751,000","139,283,000","149,083,000","165,491,000","150,624,000","137,301,000","136,843,000","146,950,000","131,749,000","117,949,000","122,908,000","136,783,000","123,100,000","113,988,000","115,442,000","120,305,000","106,524,000","99,768,000","101,212,000","102,153,000","83,379,000","80,489,000","81,826,000","91,918,000","76,615,000","71,669,000","75,121,000","84,726,000","77,240,000","70,193,000","69,198,000","73,336,000","68,494,000","64,510,000","63,200,000","69,300,000","66,200,000","58,600,000","37,700,000","41,700,000","37,300,000","34,300,000","35,100,000","36,800,000","33,300,000","31,000,000","31,700,000","30,800,000","30,700,000","29,300,000","30,100,000","32,400,000","28,800,000","25,700,000","28,200,000","28,800,000","26,700,000","24,800,000","25,500,000","27,900,000","25,000,000","22,700,000","23,000,000","24,200,000","23,200,000","22,900,000","23,700,000","22,600,000","22,400,000","19,900,000","5,800,000","26,000,000","34,400,000","35,500,000","34,600,000","34,500,000","32,900,000","31,500,000","35,000,000","32,600,000","30,000,000","28,300,000","26,800,000","26,900,000","25,300,000","24,900,000","25,600,000","24,700,000","24,100,000","21,500,000","21,800,000","20,900,000"
	OperatingRevenue,"1,993,854,000","699,275,000","535,687,000","361,860,000","397,032,000","583,565,000","473,998,000","348,647,000","384,468,000","255,585,000","226,042,000","243,626,000","218,892,000","201,132,000","205,747,000","226,137,000","211,860,000","194,347,000","203,312,000","215,008,000","203,418,000","187,787,000","196,799,000","226,593,000","203,876,000","192,607,000","197,067,000","221,051,000","205,760,000","190,326,000","191,389,000","210,535,000","195,307,000","182,672,000","188,608,000","204,345,000","195,655,000","180,035,000","187,481,000","214,565,000","198,204,000","170,244,000","172,700,000","197,328,000","188,229,000","171,324,000","179,314,000","207,797,000","178,444,000","160,517,000","167,893,000","180,826,000","167,333,000","154,487,000","159,840,000","177,098,000","150,751,000","139,283,000","149,083,000","165,491,000","150,624,000","137,301,000","136,843,000","146,950,000","131,749,000","117,949,000","122,908,000","136,783,000","123,100,000","113,988,000","115,442,000","120,305,000","106,524,000","99,768,000","101,212,000","102,153,000","83,379,000","80,489,000","81,826,000","91,918,000","76,615,000","71,669,000","75,121,000","84,726,000","77,240,000","70,193,000","69,198,000","73,336,000","68,494,000","64,510,000","63,200,000","69,300,000","66,200,000","58,600,000","37,700,000","41,700,000","37,300,000","34,300,000","35,100,000","36,800,000","33,300,000","31,000,000","31,700,000","30,800,000","30,700,000","29,300,000","30,100,000","32,400,000","28,800,000","25,700,000","28,200,000","28,800,000","26,700,000","24,800,000","25,500,000","27,900,000","25,000,000","22,700,000","23,000,000","24,200,000","23,200,000","22,900,000","23,700,000","22,600,000","22,400,000","19,900,000","5,800,000","26,000,000","34,400,000","35,500,000","34,600,000","34,500,000","32,900,000","31,500,000","35,000,000","32,600,000","30,000,000","28,300,000","26,800,000","26,900,000","25,300,000","24,900,000","25,600,000","24,700,000","24,100,000","21,500,000","21,800,000","20,900,000"
CostOfRevenue,"1,003,907,000","370,293,000","296,359,000","164,843,000","172,412,000","257,228,000","250,007,000","152,918,000","172,024,000","119,407,000","85,321,000","82,022,000","86,445,000","79,314,000","92,393,000","68,624,000","73,515,000","73,946,000","79,243,000","67,982,000","70,853,000","69,128,000","77,550,000","79,812,000","73,994,000","73,541,000","77,856,000","78,519,000","79,746,000","73,189,000","74,121,000","72,374,000","70,375,000","71,686,000","74,106,000","72,065,000","70,858,000","68,311,000","271,843,000","0","0","0","0","0","0","0","0","0","0","0","0","0","0","0",,,,,,,,,,,,,,,,,,,,,,,,,,,,,,,,,,,,,,,,,,,,,,,,,,,,,,,,,,,,,,,,,,,,,,,,,,,,,,,,,,,,,,,,,,,,,,
GrossProfit,"989,947,000","328,982,000","239,328,000","197,017,000","224,620,000","326,337,000","223,991,000","195,729,000","212,444,000","136,178,000","140,721,000","161,604,000","132,447,000","121,818,000","113,354,000","157,513,000","138,345,000","120,401,000","124,069,000","147,026,000","132,565,000","118,659,000","119,249,000","146,781,000","129,882,000","119,066,000","119,211,000","142,532,000","126,014,000","117,137,000","117,268,000","138,161,000","124,932,000","110,986,000","114,502,000","132,280,000","124,797,000","111,724,000","-84,362,000","214,565,000","198,204,000","170,244,000","172,700,000","197,328,000","188,229,000","171,324,000","179,314,000","207,797,000","178,444,000","160,517,000","167,893,000","180,826,000","167,333,000","154,487,000",,"177,098,000",,,,,"150,624,000",,"136,843,000",,,,"122,908,000",,"123,100,000",,,,,"99,768,000","101,212,000","102,153,000",,,,,"76,615,000",,,,,,"69,198,000",,,,,,,,,"41,700,000",,,,,,,,"30,800,000",,,,,,,,,,,,,,,,,,,,,,,,,,,,,,,,,,,,,,,,,,,,
OperatingExpense,"391,961,000","101,353,000","99,751,000","95,565,000","95,292,000","93,985,000","91,154,000","90,496,000","89,325,000","62,681,000","55,420,000","55,134,000","51,498,000","54,379,000","50,560,000","53,220,000","51,591,000","51,064,000","47,096,000","49,540,000","47,953,000","48,763,000","47,287,000","48,982,000","46,389,000","46,735,000","44,596,000","47,460,000","45,768,000","45,970,000","44,671,000","43,103,000","44,998,000","44,216,000","44,866,000","44,900,000","44,132,000","44,163,000","-156,473,000","114,030,000","109,809,000","107,165,000","108,266,000","109,569,000","113,392,000","110,339,000","113,584,000","118,210,000","112,369,000","109,833,000","107,519,000","109,371,000","108,469,000","107,721,000","101,958,000","102,524,000","97,622,000","99,067,000","96,929,000","100,144,000","95,854,000","93,556,000","81,530,000","87,427,000","81,660,000","77,327,000","76,856,000","77,692,000","74,507,000","71,217,000","66,122,000","69,308,000","66,051,000","63,324,000","61,689,000","55,851,000","48,089,000","48,043,000","41,425,000","46,879,000","44,512,000","43,032,000","45,807,000","43,720,000","42,164,000","41,249,000","38,324,000","36,072,000","36,941,000","39,431,000","40,300,000","38,200,000","37,700,000","46,200,000","22,200,000","21,900,000","20,200,000","20,000,000","21,500,000","20,000,000","19,000,000","19,000,000","19,400,000","17,300,000","17,900,000","18,700,000","18,800,000","18,600,000","17,100,000","16,600,000","18,200,000","16,900,000","16,300,000","16,400,000",,,,,,,,,,,,,,,,,,,,,,,,,,,,,,,,,,
	DepreciationAmortizationDepletionIncomeStatement,"303,354,000","78,346,000","76,329,000","74,507,000","74,172,000","72,944,000","70,981,000","69,941,000","69,892,000","46,245,000","40,503,000","39,933,000","36,630,000","39,410,000","36,158,000","37,656,000","36,762,000","36,097,000","34,858,000","34,306,000","33,534,000","34,026,000","33,996,000","34,270,000","32,147,000","32,595,000","32,618,000","32,797,000","31,973,000","31,349,000","32,161,000","30,288,000","31,972,000","32,114,000","31,919,000","31,363,000","30,882,000","30,629,000","30,487,000","29,571,000","30,236,000","28,810,000","27,723,000","28,206,000","29,509,000","29,249,000","30,519,000","31,060,000","30,116,000","29,372,000","29,296,000","28,465,000","28,036,000","29,142,000","25,391,000","24,624,000","21,631,000","22,654,000","22,751,000","22,226,000","21,689,000","21,345,000","19,494,000","19,460,000","18,143,000","17,944,000","16,971,000","16,750,000","15,856,000","15,911,000","14,476,000","15,289,000","14,755,000","14,344,000","13,773,000","13,517,000","12,114,000","12,059,000","11,914,000","10,999,000","10,976,000","10,433,000","10,165,000","10,176,000","10,352,000","9,475,000","8,969,000","8,557,000","8,053,000","8,521,000","8,100,000","8,000,000","7,900,000","7,800,000","4,200,000","4,200,000","3,900,000","3,800,000","3,900,000","3,400,000","3,600,000","3,700,000","3,300,000","3,400,000","3,300,000","3,300,000","3,100,000","2,900,000","2,800,000","2,800,000","2,700,000","2,600,000","2,600,000","2,700,000",,,,,,,,,,,,,,,,,,,,,,,,,,,,,,,,,,
		DepreciationAndAmortizationInIncomeStatement,"303,354,000","78,346,000","76,329,000","74,507,000","74,172,000","72,944,000","70,981,000","69,941,000","69,892,000","46,245,000","40,503,000","39,933,000","36,630,000","39,410,000","36,158,000","37,656,000","36,762,000","36,097,000","34,858,000","34,306,000","33,534,000","34,026,000","33,996,000","34,270,000","32,147,000","32,595,000","32,618,000","32,797,000","31,973,000","31,349,000","32,161,000","30,288,000","31,972,000","32,114,000","31,919,000","31,363,000","30,882,000","30,629,000","30,487,000","29,571,000","30,236,000","28,810,000","27,723,000","28,206,000","29,509,000","29,249,000","30,519,000","31,060,000","30,116,000","29,372,000","29,296,000","28,465,000","28,036,000","29,142,000",,,,,,,,,,,,,,,,,,,,,,,,,,,,,,,,,,,,,,,,,,,,,,,,,,,,,,,,,,,,,,,,,,,,,,,,,,,,,,,,,,,,,,,,,,,,,,
			DepreciationIncomeStatement,"298,432,000","77,878,000","75,184,000","72,606,000","72,764,000","71,637,000","69,777,000","68,175,000","67,925,000","45,566,000","40,066,000","39,489,000","39,550,000","39,074,000","35,995,000","37,457,000","36,613,000","35,967,000","34,794,000","34,264,000","33,407,000","33,837,000","33,342,000","33,881,000","31,619,000","32,145,000","31,760,000","31,981,000","31,049,000","30,500,000","31,365,000","29,482,000","31,226,000","30,981,000","30,287,000","30,188,000","29,524,000","29,259,000","29,031,000","28,251,000","28,696,000","27,595,000","26,787,000","27,132,000","27,578,000","27,293,000","27,628,000","27,431,000","26,802,000","26,200,000","26,206,000","25,436,000","24,972,000","26,387,000",,,,,,,,,,,,,,,,,,,,,,,,,,,,,,,,,,,,,,,,,,,,,,,,,,,,,,,,,,,,,,,,,,,,,,,,,,,,,,,,,,,,,,,,,,,,,,
			Amortization,"4,922,000","468,000","1,145,000","1,901,000","1,408,000","1,307,000","1,204,000","1,766,000","1,967,000","679,000","437,000","444,000","-2,920,000","336,000","163,000","199,000","149,000","130,000","64,000","42,000","127,000","189,000","654,000","389,000","528,000","450,000","858,000","816,000","924,000","849,000","796,000","806,000","746,000","1,133,000","1,632,000","1,175,000","1,358,000","1,370,000","1,456,000","1,320,000","1,540,000","1,215,000","936,000","1,074,000","1,931,000","1,956,000","2,891,000","3,629,000","3,314,000","3,172,000","3,090,000","3,029,000","3,064,000","2,755,000",,,,,,,,,,,,,,,,,,,,,,,,,,,,,,,,,,,,,,,,,,,,,,,,,,,,,,,,,,,,,,,,,,,,,,,,,,,,,,,,,,,,,,,,,,,,,,
				AmortizationOfIntangiblesIncomeStatement,"4,922,000","468,000","1,145,000","1,901,000","1,408,000","1,307,000","1,204,000","1,766,000","1,967,000","679,000","437,000","444,000","-2,920,000","336,000","163,000","199,000","149,000","130,000","64,000","42,000","127,000","189,000","654,000","389,000","528,000","450,000","858,000","816,000","924,000","849,000","796,000","806,000","746,000","1,133,000","1,632,000","1,175,000","1,358,000","1,370,000","1,456,000","1,320,000","1,540,000","1,215,000","936,000","1,074,000","1,931,000","1,956,000","2,891,000","3,629,000","3,314,000","3,172,000","3,090,000","3,029,000","3,064,000","2,755,000",,,,,,,,,,,,,,,,,,,,,,,,,,,,,,,,,,,,,,,,,,,,,,,,,,,,,,,,,,,,,,,,,,,,,,,,,,,,,,,,,,,,,,,,,,,,,,
	OtherTaxes,"88,607,000","23,007,000","23,422,000","21,058,000","21,120,000","21,041,000","20,173,000","20,555,000","19,433,000","16,436,000","14,917,000","15,201,000","14,868,000","14,969,000","14,402,000","15,564,000","14,829,000","14,967,000","12,238,000","15,234,000","14,419,000","14,737,000","13,291,000","14,712,000","14,242,000","14,140,000","11,978,000","14,663,000","13,795,000","14,621,000","12,510,000","12,815,000","13,026,000","12,102,000","12,947,000","13,537,000","13,250,000","13,534,000","12,704,000","13,191,000","12,593,000","10,090,000","10,562,000","11,324,000","13,446,000","13,765,000","12,982,000","14,182,000","12,943,000","12,860,000","12,189,000","12,418,000","11,884,000","11,590,000","10,638,000","11,157,000","10,845,000","12,109,000","11,784,000","10,849,000","10,831,000","11,916,000","8,352,000","8,840,000","8,084,000","8,067,000","7,663,000","8,276,000","7,760,000","7,997,000","6,141,000","7,493,000","6,813,000","7,149,000","5,784,000","5,557,000","4,946,000","5,320,000","4,795,000","4,737,000","4,621,000","5,314,000","5,399,000","4,550,000","5,350,000","5,588,000","5,481,000","5,460,000","5,597,000","5,982,000","5,000,000","5,600,000","5,600,000","5,600,000","2,200,000","3,000,000","2,300,000","2,500,000","2,500,000","2,100,000","2,100,000","2,200,000","1,900,000","2,100,000","2,000,000","2,300,000","1,900,000","1,900,000","1,900,000","2,000,000","1,800,000","1,800,000","1,700,000","1,900,000",,,,,,,,,,,,,,,,,,,,,,,,,,,,,,,,,,
	OtherOperatingExpenses,"-23,697,000","-5,839,000","-6,870,000","-6,082,000","-4,906,000","-2,934,000","-3,966,000","-3,543,000","-2,230,000","-2,948,000","-3,892,000","-4,613,000","-3,611,000","-4,056,000","-4,513,000","-3,066,000","-2,577,000","-2,867,000","-4,641,000","-3,914,000","-3,463,000","-3,193,000","-2,369,000","-2,267,000","-1,871,000","-2,308,000","-2,289,000","-1,708,000","-1,040,000","-1,182,000","-1,835,000","-1,195,000","-937,000","-1,167,000","-806,000","-426,000","-490,000","-552,000","-658,000",,,,,,,,,,,,,,,,,,,,,,,,,,,,,,,,,,,,,,,,,,,,,,,,"-3,552,000","-2,982,000","-1,059,000",,"0",,,"10,100,000",,,,,,,,,,,,,,,,,,,,,,,,,,,,,,,,,,,,,,,,,,,,,,,,,,,,,,
OperatingIncome,"597,986,000","227,629,000","139,577,000","101,452,000","129,328,000","232,352,000","132,837,000","105,233,000","123,119,000","73,497,000","85,301,000","106,470,000","80,949,000","67,439,000","62,794,000","104,293,000","86,754,000","69,337,000","76,973,000","97,486,000","84,612,000","69,896,000","71,962,000","97,799,000","83,493,000","72,331,000","74,615,000","95,072,000","80,246,000","71,167,000","72,597,000","95,058,000","79,934,000","66,770,000","69,636,000","87,380,000","80,665,000","67,561,000","72,111,000","100,535,000","88,395,000","63,079,000","64,434,000","87,759,000","74,837,000","60,985,000","65,730,000","89,587,000","66,075,000","50,684,000","60,374,000","71,455,000","58,864,000","46,766,000","57,882,000","74,574,000","53,129,000","40,216,000","52,154,000","65,347,000","54,770,000","43,745,000","55,313,000","59,523,000","50,089,000","40,622,000","46,052,000","59,091,000","48,593,000","42,771,000","49,320,000","50,997,000","40,473,000","36,444,000","39,523,000","46,302,000","35,290,000","32,446,000","40,401,000","45,039,000","32,103,000","28,637,000","29,314,000","41,006,000","35,076,000","28,944,000","30,874,000","37,264,000","31,553,000","25,079,000","22,900,000","31,100,000","28,500,000","12,400,000","15,500,000","19,800,000","17,100,000","14,300,000","13,600,000","16,800,000","14,300,000","12,000,000","12,300,000","13,500,000","12,800,000","10,600,000","11,300,000","13,800,000","11,700,000","9,100,000","10,000,000","11,900,000","10,400,000","8,400,000","25,500,000","27,900,000","25,000,000","22,700,000","23,000,000","24,200,000","23,200,000","22,900,000","23,700,000","22,600,000","22,400,000","19,900,000","5,800,000","26,000,000","34,400,000","35,500,000","34,600,000","34,500,000","32,900,000","31,500,000","35,000,000","32,600,000","30,000,000","28,300,000","26,800,000","26,900,000","25,300,000","24,900,000","25,600,000","24,700,000","24,100,000","21,500,000","21,800,000","20,900,000"
NetNonOperatingInterestIncomeExpense,"-207,970,000","-53,027,000","-51,678,000","-51,567,000","-51,698,000","-50,382,000","-51,768,000","-49,747,000","-51,470,000","-30,087,000","-25,855,000","-22,963,000","-23,309,000","-27,850,000","-26,349,000","-25,359,000","-23,723,000","-23,471,000","-23,217,000","-22,411,000","-21,387,000","-21,326,000","-20,458,000","-20,168,000","-20,115,000","-19,853,000","-19,732,000","-19,239,000","-18,900,000","-18,665,000","-19,004,000","-18,990,000","-19,093,000","-19,310,000","-19,482,000","-19,350,000","-19,209,000","-19,275,000","-19,373,000","-19,597,000","-19,538,000","-19,248,000","-19,345,000","-19,560,000","-20,106,000","-19,943,000","-19,568,000","-19,150,000","-18,504,000","-18,430,000","-17,914,000","-17,256,000","-16,809,000","-16,628,000",,,,,,,,,,,,,,,,,,,,,,,,,,,,,,,,,,,,,,,,,,,,,,,,,,,,,,,,,,,,,,,,,,,,,,,,,,,,,,,,,,,,,,,,,,,,,,
	InterestIncomeNonOperating,"2,606,000","609,000","1,094,000","565,000","338,000","387,000","17,000","114,000","196,000","5,035,000","7,289,000","9,680,000",,,,,,,,,,,,,,,,,,,,,,,,,,,,,,,,,,,,,,,,,,,,,,,,,,,,,,,,,,,,,,,,,,,,,,,,,,,,,,,,,,,,,,,,,,,,,,,,,,,,,,,,,,,,,,,,,,,,,,,,,,,,,,,,,,,,,,,,
	InterestExpenseNonOperating,"210,576,000","53,636,000","52,772,000","52,132,000","52,036,000","50,769,000","51,785,000","49,861,000","51,666,000","35,122,000","33,144,000","32,643,000","23,309,000","27,850,000","26,349,000","25,359,000","23,723,000","23,471,000","23,217,000","22,411,000","21,387,000","21,326,000","20,458,000","20,168,000","20,115,000","19,853,000","19,732,000","19,239,000","18,900,000","18,665,000","19,004,000","18,990,000","19,093,000","19,310,000","19,482,000","19,350,000","19,209,000","19,275,000","19,373,000","19,597,000","19,538,000","19,248,000","19,345,000","19,560,000","20,106,000","19,943,000","19,568,000","19,150,000","18,504,000","18,430,000","17,914,000","17,256,000","16,809,000","16,628,000",,,,,,,,,,,,,,,,,,,,,,,,,,,,,,,,,,,,,,,,,,,,,,,,,,,,,,,,,,,,,,,,,,,,,,,,,,,,,,,,,,,,,,,,,,,,,,
	TotalOtherFinanceCost,,,,,,,,,,,,,"23,309,000","27,850,000","26,349,000","25,359,000","23,723,000","23,471,000","23,217,000","22,411,000","21,387,000","21,326,000","20,458,000","20,168,000","20,115,000","19,853,000","19,732,000","19,239,000","18,900,000","18,665,000","19,004,000","18,990,000","19,093,000","19,310,000","19,482,000","19,350,000","19,209,000","19,275,000","19,373,000",,"19,538,000","19,248,000",,,"20,106,000",,,,,,,,,,,,,,,,,,,,,,,,,,,,,,,,,,,,,,,,,,,,,,,,,,,,,,,,,,,,,,,,,,,,,,,,,,,,,,,,,,,,,,,,,,,,,,,,,,,,,,,
OtherIncomeExpense,"25,672,000","7,541,000","8,678,000","2,383,000","7,070,000","6,485,000","4,391,000","4,277,000","3,442,000","1,247,000","3,658,000","3,429,000","-4,908,000","-30,835,000","-55,208,000","3,217,000","3,192,000","2,842,000","4,732,000","4,550,000","3,312,000","3,432,000","2,190,000","3,950,000","1,763,000","2,266,000","-30,584,000","1,180,000","955,000","637,000","648,000","534,000","-174,000","133,000","-100,000","642,000","-773,000","-12,000","1,967,000","1,921,000","1,557,000","1,786,000","1,660,000","2,020,000","2,070,000","2,098,000","1,236,000","1,368,000","1,571,000","3,470,000","1,028,000","909,000","648,000","758,000","514,000","532,000","553,000","956,000","2,846,000","260,000","319,000","69,000","360,000","91,000","476,000","267,000","595,000","77,000","24,000","481,000","305,000","491,000","26,000","450,000","1,278,000","4,194,000","165,000","55,000","0","321,000","1,409,000","349,000","287,000","188,000","118,000","2,791,000","1,627,000","541,000","985,000","1,061,000","1,800,000","200,000","500,000","400,000","100,000","200,000","300,000","100,000","200,000","100,000","100,000","100,000","100,000","100,000","100,000",,"100,000",,,,"0",,,,,,,,,,,,,,,,,,,,,,,,,,,,,,,,,,,,,
	GainOnSaleOfSecurity,"-23,742,000",,,,,,,,,,"0",,"11,040,000","-34,782,000","-59,779,000",,,,,,,,,,,,,,,,,,,,,,,,,,,,,,,,,,,,,,,,,,,,,,,,,,,,,,,,,,,,,,,,,,,,,,,,,,,,,,,,,,,,,,,,,,,,,,,,,,,,,,,,,,,,,,,,,,,,,,,,,,,,,,,,,,,,,
	EarningsFromEquityInterest,,,"0","0","0","0","-91,000","-3,626,000","470,000","-127,000","292,000","135,000","1,240,000","543,000","573,000","215,000","911,000","382,000","-71,000","593,000","-161,000","-30,000","-167,000","1,621,000","-229,000","-249,000","-33,681,000","-698,000","-84,000","-714,000","-1,316,000","-736,000","-1,251,000","-686,000","-933,000","78,000","-1,154,000","-656,000","1,045,000","682,000","249,000",,,,,,,,,,,,,,,,,,,,,,,,,,,,,,,,,,,,,,,,,,,,,,,,,,,,,,,,,,,,,,,,,,,,,,,,,,,,,,,,,,,,,,,,,,,,,,,,,,,,,,,,,,,
	SpecialIncomeCharges,"24,593,000","5,839,000","7,223,000","6,402,000","5,129,000","3,014,000","4,269,000","3,776,000","2,250,000","3,053,000","4,764,000","4,788,000","-15,276,000","4,276,000","4,629,000","3,327,000","2,718,000","3,063,000","4,803,000","3,957,000","3,473,000","3,462,000","2,357,000","2,329,000","1,992,000","2,515,000","3,097,000","1,878,000","1,039,000","1,351,000","1,964,000","1,270,000","1,077,000","819,000","833,000","564,000","381,000","644,000","922,000","1,239,000","1,308,000","1,786,000","1,660,000","2,020,000","2,070,000","2,098,000","1,236,000","1,368,000","1,571,000","3,470,000","1,028,000","909,000","648,000","758,000","514,000","532,000","553,000","956,000","2,846,000","260,000","319,000","69,000","360,000","91,000","476,000","267,000","595,000","77,000","24,000","481,000","305,000","491,000","26,000","450,000","1,278,000","4,194,000","165,000","55,000","0","321,000","1,409,000","349,000","287,000","188,000","118,000","2,791,000","1,627,000","541,000","985,000","1,061,000","1,800,000","200,000","500,000","400,000","100,000","200,000","300,000","100,000","200,000","100,000","100,000","100,000","100,000","100,000","100,000",,"100,000",,,,"0",,,,,,,,,,,,,,,,,,,,,,,,,,,,,,,,,,,,,
		OtherSpecialCharges,"-23,697,000","-5,839,000","-6,870,000","-6,082,000","-4,906,000","-2,934,000","-3,966,000","-3,543,000","-2,230,000","-2,948,000","-4,284,000","-4,613,000","15,324,000","-4,056,000","-4,513,000","-3,066,000","-2,577,000","-2,867,000","-4,641,000","-3,914,000","-3,463,000","-3,193,000","-2,369,000","-2,267,000","-1,871,000","-2,308,000","-2,967,000","-1,708,000","-1,040,000","-1,182,000","-1,835,000","-1,195,000","-937,000","-1,167,000","-806,000","-426,000","-490,000","-552,000","-658,000",,,,,,,,,,,,,,,,,,,,,,,,,,,,,,,,,,,,,,,,,,,,,,,,,,,,,,,,,,,,,,,,,,,,,,,,,,,,,,,,,,,,,,,,,,,,,,,,,,,,,,,,,,,,,
		GainOnSaleOfPPE,"896,000","0","353,000","320,000","223,000","80,000","303,000","233,000","20,000","105,000","480,000","175,000","48,000","220,000","116,000","261,000","141,000","196,000","162,000","43,000","10,000","269,000","-12,000","62,000","121,000","207,000","130,000","170,000","-1,000","169,000","129,000","75,000","140,000","-348,000","27,000","138,000","-109,000","92,000","264,000",,,,,,,,,,,,,,,,,,,,,,,,,,,,,,,,,,,,,,,,,,,,,,,,,,,,,,,,,,,,,,,,,,,,,,,,,,,,,,,,,,,,,,,,,,,,,,,,,,,,,,,,,,,,,
	OtherNonOperatingIncomeExpenses,"1,079,000","1,702,000","1,455,000","-4,019,000","1,941,000","3,471,000","213,000","4,127,000","722,000","-1,679,000","-1,398,000","-1,494,000","-1,912,000","-872,000","-631,000","-325,000","-437,000","-603,000",,,,,,,,,,,,,,,,,,,,,,,,,,,,,,,,,,,,,,,,,,,,,,,,,,,,,,,,,,,,,,,,,,,,,,,,,,,,,,,,,,,,,,,,,,,,,,,,,,,,,,,,,,,,,,,,,,,,,,,,,,,,,,,,,,
PretaxIncome,"415,688,000","182,143,000","96,577,000","52,268,000","84,700,000","188,455,000","85,460,000","59,763,000","75,091,000","44,657,000","63,104,000","86,936,000","52,732,000","8,754,000","-18,763,000","82,151,000","66,223,000","48,708,000","58,488,000","79,625,000","66,537,000","52,002,000","53,694,000","81,581,000","65,141,000","54,744,000","24,299,000","77,013,000","62,301,000","53,139,000","54,241,000","76,602,000","60,667,000","47,593,000","50,054,000","68,672,000","60,683,000","48,274,000","54,705,000","82,859,000","70,414,000","45,617,000","46,749,000","70,219,000","56,801,000","43,140,000","47,398,000","71,805,000","49,142,000","35,724,000","43,488,000","55,108,000","42,703,000","30,896,000","41,673,000","59,068,000","37,719,000","24,042,000","39,007,000","49,159,000","39,390,000","27,986,000","41,949,000","45,565,000","37,101,000","27,635,000","34,150,000","46,322,000","36,776,000","30,821,000","36,806,000","39,837,000","29,787,000","25,701,000","29,762,000","39,387,000","25,304,000","22,265,000","30,453,000","35,040,000","24,167,000","19,592,000","20,126,000","31,686,000","25,554,000","21,721,000","19,981,000","27,493,000","22,520,000","17,001,000","14,400,000","23,300,000","20,400,000","4,700,000","10,900,000","15,200,000","12,700,000","9,600,000","9,300,000","12,400,000","9,800,000","7,600,000","8,400,000","9,800,000","8,900,000","6,700,000","7,500,000","9,700,000","8,000,000","5,700,000","6,600,000","8,500,000","7,000,000","5,000,000",,,,,,,,,,,,,,,,,,,,,,,,,,,,,,,,,,
TaxProvision,"-31,611,000","-17,233,000","-19,929,000","1,765,000","3,786,000","4,766,000","-17,247,000","4,031,000","462,000","-7,124,000","-1,123,000","-1,553,000","-2,171,000","-8,170,000","-15,106,000","3,935,000","-367,000","-2,131,000","5,015,000","3,400,000","5,569,000","2,930,000","4,045,000","8,411,000","5,515,000","3,007,000","-4,135,000","9,584,000","4,919,000","4,594,000","5,287,000","8,891,000","5,849,000","5,192,000","3,324,000","5,188,000","7,135,000","7,043,000","-10,429,000","32,575,000","27,787,000","17,959,000","14,788,000","24,703,000","19,211,000","12,789,000","18,540,000","28,054,000","19,287,000","14,213,000","16,829,000","21,638,000","16,850,000","12,525,000","16,008,000","23,688,000","15,167,000","9,721,000","14,096,000","19,641,000","15,663,000","11,128,000","16,226,000","18,234,000","14,715,000","11,071,000","12,000,000","18,405,000","14,558,000","11,950,000","14,332,000","15,750,000","11,916,000","10,126,000","11,154,000","15,764,000","10,067,000","8,938,000","11,794,000","13,213,000","9,337,000","7,702,000","7,891,000","12,380,000","10,096,000","8,609,000","7,521,000","10,927,000","8,929,000","6,728,000","4,900,000","9,000,000","8,300,000","4,300,000","4,300,000","6,200,000","5,200,000","3,900,000","3,800,000","5,000,000","4,000,000","3,100,000","3,700,000","4,000,000","3,600,000","2,700,000","3,200,000","4,000,000","3,300,000","2,400,000","2,900,000","3,600,000","3,000,000","2,100,000",,,,,,,,,,,,,,,,,,,,,,,,,,,,,,,,,,
NetIncomeCommonStockholders,"447,299,000","199,376,000","116,506,000","50,503,000","80,914,000","183,689,000","102,707,000","55,732,000","74,629,000","51,781,000","64,227,000","88,489,000","54,903,000","16,924,000","-3,657,000","78,216,000","66,590,000","50,839,000","53,473,000","76,225,000","60,968,000","49,072,000","49,649,000","73,170,000","59,626,000","51,737,000","28,434,000","67,429,000","57,382,000","48,545,000","66,815,000","67,996,000","55,569,000","42,859,000","57,532,000","63,617,000","53,586,000","46,565,000","66,555,000","50,659,000","41,445,000","37,904,000","34,005,000","41,123,000","37,590,000","30,351,000","28,858,000","43,751,000","29,855,000","21,511,000","26,659,000","33,470,000","25,853,000","18,371,000","25,665,000","35,380,000","22,552,000","14,321,000","24,911,000","29,518,000","23,727,000","16,858,000","25,723,000","27,331,000","22,386,000","16,564,000","22,150,000","27,917,000","22,218,000","18,871,000","22,474,000","24,087,000","17,871,000","15,575,000","18,714,000","23,620,000","15,235,000","13,324,000","18,646,000","21,815,000","14,818,000","11,875,000","12,209,000","19,279,000","15,432,000","13,085,000","12,434,000","16,539,000","13,565,000","10,273,000","9,500,000","14,300,000","12,100,000","400,000","6,500,000","9,000,000","7,500,000","5,700,000","5,400,000","7,400,000","5,800,000","4,500,000","5,300,000","6,200,000","5,300,000","4,000,000","4,700,000","5,700,000","4,700,000","3,300,000","3,700,000","4,900,000","4,000,000","2,900,000","2,500,000","4,300,000","3,600,000","2,600,000","2,500,000","-3,200,000","2,600,000","1,900,000","2,600,000","-2,300,000","2,900,000","1,600,000","2,200,000","-1,000,000","1,400,000","1,500,000",,,,,,,,,,,,,,,,,,
	NetIncome,"447,299,000","199,376,000","116,506,000","50,503,000","80,914,000","183,689,000","102,707,000","55,732,000","74,629,000","51,781,000","64,227,000","88,489,000","54,903,000","16,924,000","-3,657,000","78,216,000","66,590,000","50,839,000","53,473,000","76,225,000","60,968,000","49,072,000","49,649,000","73,170,000","59,626,000","51,737,000","28,434,000","67,429,000","57,382,000","48,545,000","66,815,000","67,996,000","55,569,000","42,859,000","57,532,000","63,617,000","53,586,000","46,565,000","66,555,000","50,659,000","41,445,000","37,904,000","34,005,000","41,123,000","37,590,000","30,351,000","28,858,000","43,751,000","29,855,000","21,511,000","26,659,000","33,470,000","25,853,000","18,371,000","25,665,000","35,380,000","22,552,000","14,321,000","24,911,000","29,518,000","23,727,000","16,858,000","25,723,000","27,331,000","22,386,000","16,564,000","22,150,000","27,917,000","22,218,000","18,871,000","22,474,000","24,087,000","17,871,000","15,575,000","18,716,000","23,623,000","15,237,000","13,327,000","18,659,000","21,827,000","14,830,000","11,890,000","12,235,000","19,306,000","15,458,000","13,112,000","12,460,000","16,566,000","13,591,000","10,273,000","9,500,000","14,300,000","12,100,000","400,000","6,600,000","9,000,000","7,500,000","5,700,000","5,500,000","7,400,000","5,800,000","4,500,000","5,300,000","6,200,000","5,300,000","4,000,000","4,700,000","5,700,000","4,700,000","3,300,000","3,700,000","4,900,000","4,000,000","2,900,000","3,400,000","4,300,000","3,600,000","2,600,000","2,800,000","-3,200,000","2,600,000","2,100,000","2,600,000","-2,300,000","2,900,000","1,600,000","2,200,000","-1,000,000","1,400,000","1,500,000",,,,,,,,,,,,,,,,,,
		NetIncomeIncludingNoncontrollingInterests,"447,299,000","199,376,000","116,506,000","50,503,000","80,914,000","183,689,000","102,707,000","55,732,000","74,629,000","51,781,000","64,227,000","88,489,000","54,903,000","16,924,000","-3,657,000","78,216,000","66,590,000","50,839,000","53,473,000","76,225,000","60,968,000","49,072,000","49,649,000","73,170,000","59,626,000","51,737,000","28,434,000","67,429,000","57,382,000","48,545,000","66,815,000","67,996,000","55,569,000","42,859,000","57,532,000","63,617,000","53,586,000","46,565,000","66,555,000","50,659,000","41,445,000","37,904,000","34,005,000","41,123,000","37,590,000","30,351,000","28,858,000","43,751,000","29,855,000","21,511,000","26,659,000","33,470,000","25,853,000","18,371,000","25,665,000","35,380,000","22,552,000","14,321,000","24,911,000","29,518,000","23,727,000","16,858,000","25,723,000","27,331,000","22,386,000","16,564,000","22,150,000","27,917,000","22,218,000","18,871,000","22,474,000","24,087,000","17,871,000","15,575,000","18,716,000","23,623,000","15,237,000","13,327,000","18,659,000","21,827,000","14,830,000","11,890,000","12,235,000","19,306,000","15,458,000","13,112,000","12,487,000","16,596,000","13,619,000","10,291,000","9,500,000","14,300,000","12,100,000","400,000","6,600,000","9,000,000","7,500,000","5,700,000","5,600,000","7,500,000","5,900,000","4,600,000","5,400,000","6,300,000","5,400,000","4,100,000","4,800,000","5,900,000","4,900,000","3,500,000","4,000,000","5,100,000","4,200,000","3,100,000","3,400,000","4,300,000","3,600,000","2,600,000","2,800,000","-3,200,000","2,600,000","2,100,000","2,600,000","-2,300,000","2,900,000","1,600,000","2,200,000","-1,000,000","1,400,000","1,500,000","2,100,000","2,700,000","1,800,000","1,200,000","2,900,000","2,600,000","1,700,000","1,200,000","2,400,000","2,200,000","2,000,000","1,500,000","1,800,000","2,400,000","2,600,000","1,700,000","1,900,000","2,100,000"
			NetIncomeContinuousOperations,"447,299,000","199,376,000","116,506,000","50,503,000","80,914,000","183,689,000","102,707,000","55,732,000","74,629,000","51,781,000","64,227,000","88,489,000","54,903,000","16,924,000","-3,657,000","78,216,000","66,590,000","50,839,000","53,473,000","76,225,000","60,968,000","49,072,000","49,649,000","73,170,000","59,626,000","51,737,000","28,434,000","67,429,000","57,382,000","48,545,000","48,954,000","67,711,000","54,818,000","42,401,000","46,730,000","63,484,000","53,548,000","41,231,000","65,134,000","50,284,000","42,627,000","27,658,000","31,961,000","45,516,000","37,590,000","30,351,000","28,858,000","43,751,000","29,855,000","21,511,000","26,659,000","33,470,000","25,853,000","18,371,000","25,665,000","35,380,000","22,552,000","14,321,000","24,911,000","29,518,000","23,727,000","16,858,000","25,723,000","27,331,000","22,386,000","16,564,000","22,150,000","27,917,000","22,218,000","18,871,000","22,474,000","24,087,000","17,871,000","15,575,000","18,608,000","23,623,000","15,237,000","13,327,000","18,659,000","21,827,000","14,830,000","11,890,000","12,235,000","19,306,000","15,458,000","13,112,000","12,460,000","16,566,000","13,591,000","10,273,000","9,500,000","14,300,000","12,100,000","400,000","6,600,000","9,000,000","7,500,000","5,700,000","5,500,000","7,400,000","5,800,000","4,500,000","4,700,000","5,800,000","5,300,000","4,000,000","4,300,000","5,700,000","4,700,000","3,300,000","3,700,000","4,900,000","4,000,000","2,900,000","3,400,000","4,300,000","3,600,000","2,600,000","2,800,000","3,100,000","2,600,000","2,100,000","2,600,000","2,700,000","2,900,000","1,900,000","4,100,000","1,800,000","1,400,000","1,500,000","2,100,000","2,700,000","1,800,000","1,200,000","2,900,000","2,600,000","1,700,000","1,200,000","2,400,000","2,200,000","2,000,000","1,500,000","1,800,000","2,400,000","2,600,000","1,700,000","1,900,000","2,100,000"
			NetIncomeDiscontinuousOperations,,,,,,,,,,,,,,,,,,,,,,,,,,,"0","0","0","0","17,861,000","285,000","751,000","458,000","10,802,000","133,000","38,000","5,334,000","1,421,000","375,000","-1,182,000","10,246,000","2,044,000","-4,393,000",,,,,,,,,,,,,,,,,,,,,,,,,,,,,,,,,,,,,,,,,,,,,,,,,,,,,,,,,,,"600,000","400,000",,,,,,,,,,,,,,,"0","-5,500,000",,,"0","-5,000,000",,"-300,000","-1,900,000","-2,800,000",,,,,,,,,,,,,,,,,,,,
			NetIncomeFromTaxLossCarryforward,,,,,,,,,,,,,,,,,,,,,,,,,,,,,,,,,,,,,,,,,,,,,,,,,,,,,,,,,,,,,,,,,,,,,,,,,,,,,,,,,,,,,,,,,,,,,,,,,,,,,,,,,,,,,,,,,,,,,,,"0","-800,000",,,,,,,,,,,,,,,,,,,,,,,,,,,,
		MinorityInterests,,,,,,,,,,,,,,,,,,,,,,,,,,,,,,,,,,,,,,,,,,,,,,,,,,,,,,,,,,,,,,,,,,,,,,,,,,,,,,,,,,,,,,,"-27,000","-30,000","-28,000","-18,000","0",,,,,,,,"-100,000","-100,000","-100,000","-100,000","-100,000","-100,000","-100,000","-100,000","-100,000","-200,000","-200,000","-200,000","-300,000","-200,000","-200,000","-200,000",,,,,,,,,,,,,,,,,,,,,,,,,,,,,,,,,,
	PreferredStockDividends,,,,,,,,,,,,,,,,,,,,,,,,,,,,,,,,,,,,,,,,,,,,,,,,,,,,,,,,,,,,,,,,,,,,,,,,,,,"2,000","3,000","2,000","3,000","13,000","12,000","12,000","15,000","26,000","27,000","26,000","27,000","26,000","27,000","26,000",,"0",,,,"100,000",,,,"100,000",,,,,,,,,,,,,,,,,,,,,,,,,,,,,,,,,,,,,,,,,,,,,,,,,
	OtherunderPreferredStockDividend,,,,,,,,,,,,,,,,,,,,,,,,,,,,,,,,,,,,,,,,,,,,,,,,,,,,,,,,,,,,,,,,,,,,,,,,,,,,,,,,,,,,,,,,,,,,,,,,,,,,,,,,,,,,,,,,,,,,,,,,,,"200,000",,,,,,,,,,,,,,,,,,,,,,,,,,
DilutedNIAvailtoComStockholders,"447,299,000","199,376,000","116,506,000","50,503,000","80,914,000","183,689,000","102,707,000","55,732,000","74,629,000","51,781,000","64,227,000","88,489,000","54,903,000","16,924,000","-3,657,000","78,216,000","66,590,000","50,839,000","53,473,000","76,225,000","60,968,000","49,072,000","49,649,000","73,170,000","59,626,000","51,737,000","28,434,000","67,429,000","57,382,000","48,545,000","66,815,000","67,996,000","55,569,000","42,859,000","57,532,000","63,617,000","53,586,000","46,565,000","66,555,000","50,659,000","41,445,000","37,904,000","34,005,000","41,123,000","37,590,000","30,351,000","28,858,000","43,751,000","29,855,000","21,511,000","26,659,000","33,470,000","25,853,000","18,371,000","25,665,000","35,380,000","22,552,000","14,321,000","24,911,000","29,518,000","23,727,000","16,858,000","25,723,000","27,331,000","22,386,000","16,564,000","22,150,000","27,917,000","22,218,000","18,871,000","22,474,000","24,087,000","17,871,000","15,575,000","18,714,000","23,620,000","15,235,000","13,324,000","18,646,000","21,815,000","14,818,000","11,875,000","12,209,000","19,279,000","15,432,000","13,085,000","12,434,000","16,539,000","13,565,000","10,273,000","9,500,000","14,300,000","12,100,000","400,000","6,500,000","9,000,000","7,500,000","5,700,000","5,400,000","7,400,000","5,800,000","4,500,000","5,300,000","6,200,000","5,300,000","4,000,000","4,700,000","5,700,000","4,700,000","3,300,000","3,700,000","4,900,000","4,000,000","2,900,000","2,500,000","4,300,000","3,600,000","2,600,000","2,500,000","-3,200,000","2,600,000","1,900,000","2,600,000","-2,300,000","2,900,000","1,600,000","2,200,000","-1,000,000","1,400,000","1,500,000",,,,,,,,,,,,,,,,,,
BasicEPS,,"0.76","0.45","0.2","0.32","0.72","0.4","0.22","0.29","0.22","0.28","0.38","0.25","0.09","-0.02","0.44","0.37","0.29","0.3","0.43","0.34","0.28","0.28","0.41","0.34","0.29","0.16","0.38","0.32","0.27","0.38","0.38","0.31","0.24","0.33","0.36","0.304","0.264","0.384","0.288","0.24","0.216",,"0.24","0.216","0.176",,"0.256","0.176","0.128",,"0.2","0.152","0.112",,"0.208","0.136","0.088",,"0.176","0.144","0.104",,"0.168","0.136","0.104",,"0.174","0.138","0.12",,"0.156","0.114","0.102",,"0.158","0.106","0.096",,"0.154","0.106","0.082",,"0.134","0.108","0.092",,"0.123","0.101","0.077",,"0.108","0.088","0.004",,"0.1","0.084","0.065",,"0.084","0.069","0.054",,"0.081","0.065","0.05",,"0.073","0.061","0.042",,"0.065","0.054","0.038",,"0.058","0.054","0.038",,"-0.061","0.05","0.038",,"0.054","0.058","0.031",,"-0.019","0.027","0.031",,"0.054","0.038","0.023",,"0.054","0.038","0.023",,"0.046","0.042","0.031",,"0.054","0.058","0.038",,"0.046"
DilutedEPS,,"0.76","0.44","0.19","0.32","0.72","0.4","0.22","0.29","0.2","0.28","0.38","0.25","0.09","-0.02","0.44","0.37","0.29","0.3","0.43","0.34","0.28","0.28","0.41","0.33","0.29","0.16","0.38","0.32","0.27","0.38","0.38","0.31","0.24","0.32","0.36","0.304","0.264","0.376","0.288","0.24","0.216",,"0.24","0.216","0.176",,"0.256","0.176","0.128",,"0.2","0.152","0.112",,"0.208","0.136","0.088",,"0.176","0.144","0.104",,"0.168","0.136","0.104",,"0.174","0.138","0.12",,"0.156","0.114","0.102",,"0.158","0.106","0.091",,"0.149","0.101","0.082",,"0.134","0.108","0.092",,"0.12","0.101","0.077",,"0.108","0.088","0.004",,"0.1","0.084","0.065",,"0.084","0.069","0.054",,"0.077","0.065","0.05",,"0.073","0.061","0.042",,"0.065","0.054","0.038",,"0.058","0.054","0.038",,"-0.061","0.05","0.038",,"0.054","0.058","0.031",,"-0.019","0.027","0.031",,"0.054","0.038","0.023",,"0.054","0.038","0.023",,"0.046","0.042","0.031",,"0.054","0.058","0.038",,"0.046"
BasicAverageShares,,"261,952,000","261,749,000","258,773,000","254,769,000","254,565,000","254,403,000","254,280,000","254,167,000","236,122,000","232,107,000","232,053,000","219,055,000","178,213,000","177,987,000","177,923,000","177,901,000","177,801,000","177,697,000","177,660,000","177,609,000","177,479,000","177,365,000","177,336,000","177,288,000","177,104,000","176,480,000","176,704,000","177,084,000","176,888,000","176,660,000","176,900,000","177,058,000","176,839,000","176,660,000","176,483,000","175,982,500","175,415,000","174,855,000","174,595,000","173,885,000","173,452,500",,"172,871,250","172,642,500","172,281,250",,"171,368,750","170,981,250","170,636,250",,"169,968,750","169,538,750","169,257,500",,"168,665,000","167,103,750","166,768,750",,"166,253,750","165,815,000","165,441,250",,"164,575,000","162,325,000","161,476,250",,"160,304,325","159,811,004","159,197,686",,"155,104,455","154,827,795","154,476,138",,"149,208,769","143,419,331","141,615,209",,"143,544,327","143,123,505","142,602,684",,"141,668,333","141,150,116","140,496,487",,"134,492,080","133,398,357","133,297,448",,"132,998,512","137,001,812","104,166,667",,"90,144,231","88,778,409","87,316,176",,"87,594,697","83,912,037","83,705,357",,"76,884,921","81,188,725","80,128,205",,"78,125,000","76,497,396","78,125,000",,"75,061,275","74,404,762","75,520,833",,"74,652,778","66,964,286","67,708,333",,"52,083,333","52,083,333","49,479,167",,"50,951,087","50,347,222","52,083,333",,"52,083,333","52,083,333","48,828,125",,"48,854,166","48,854,166","48,854,166",,"47,112,631","47,034,506","44,619,141",,"44,619,141","44,619,141","44,319,663",,"44,319,663","44,300,131","44,365,235",,"44,345,705"
DilutedAverageShares,,"262,431,000","262,217,000","259,437,000","255,441,000","254,969,000","254,774,000","255,162,000","254,434,000","255,054,000","232,581,000","232,464,000","219,790,000","178,552,000","178,431,000","178,357,000","178,273,000","178,238,000","178,247,000","178,124,000","178,045,000","177,969,000","177,880,000","177,817,000","178,084,000","177,819,000","177,261,000","177,495,000","177,913,000","177,792,000","177,651,000","177,908,000","178,012,000","177,810,000","177,733,000","177,575,000","177,077,500","176,500,000","175,838,750","175,608,750","174,803,750","174,320,000",,"173,688,750","173,476,250","172,980,000",,"171,742,500","171,265,000","171,000,000",,"170,325,000","169,923,750","169,845,000",,"169,098,750","167,575,000","167,462,500",,"167,292,500","166,900,000","166,553,750",,"165,832,500","163,690,000","163,616,250",,"162,785,930","161,867,619","161,104,305",,"156,701,082","156,409,423","156,339,424",,"150,579,568","145,027,624","142,883,927",,"144,625,550","144,706,798","144,371,390",,"143,420,893","142,887,052","142,178,737",,"135,904,805","134,895,716","134,293,517",,"132,998,512","137,001,812","104,166,667",,"90,144,231","88,778,409","87,316,176",,"87,594,697","83,912,037","83,705,357",,"80,729,167","81,188,725","80,128,205",,"78,125,000","76,497,396","78,125,000",,"75,061,275","74,404,762","75,520,833",,"74,652,778","66,964,286","67,708,333",,"52,083,333","52,083,333","49,479,167",,"50,951,087","50,347,222","52,083,333",,"52,083,333","52,083,333","48,828,125",,"48,854,166","48,854,166","48,854,166",,"47,112,631","47,034,506","44,619,141",,"44,619,141","44,619,141","44,319,663",,"44,319,663","44,300,131","44,365,235",,"44,345,705"
TotalOperatingIncomeAsReported,"597,986,000","227,629,000","139,577,000","101,452,000","129,328,000","232,352,000","132,837,000","105,233,000","123,119,000","73,497,000","85,301,000","106,470,000","80,949,000","67,439,000","62,794,000","104,293,000","86,754,000","69,337,000","76,973,000","97,486,000","84,612,000","69,896,000","71,962,000","97,799,000","83,493,000","72,331,000","74,615,000","95,072,000","80,246,000","71,167,000","72,597,000","95,058,000","79,934,000","66,770,000","69,636,000","87,380,000","80,665,000","67,561,000","72,111,000","100,535,000","88,395,000","63,079,000","64,434,000","87,759,000","74,837,000","60,985,000","65,730,000","89,587,000","66,075,000","50,684,000","60,374,000","71,455,000","58,864,000","46,766,000","57,882,000","74,574,000","53,129,000","40,216,000","52,154,000","65,347,000","54,770,000","43,745,000","55,313,000","59,523,000","50,089,000","40,622,000","46,052,000","59,091,000","48,593,000","42,771,000","49,320,000","50,997,000","40,473,000","36,444,000","39,523,000","46,302,000","35,290,000","32,446,000","40,401,000","45,039,000","32,103,000","28,637,000","29,314,000","41,006,000","35,076,000","28,944,000","30,874,000","37,264,000","31,553,000","25,079,000","22,900,000","31,100,000","28,500,000","12,400,000","15,500,000","19,800,000","17,100,000","14,300,000","13,600,000","16,800,000","14,300,000","12,000,000","12,300,000","13,500,000","12,800,000","10,600,000","11,300,000","13,800,000","11,700,000","9,100,000","10,000,000","11,900,000","10,400,000","8,400,000",,,,,,,,,,,,,,,,,,,,,,,,,,,,,,,,,,
TotalExpenses,"1,395,868,000","471,646,000","396,110,000","260,408,000","267,704,000","351,213,000","341,161,000","243,414,000","261,349,000","182,088,000","140,741,000","137,156,000","137,943,000","133,693,000","142,953,000","121,844,000","125,106,000","125,010,000","126,339,000","117,522,000","118,806,000","117,891,000","124,837,000","128,794,000","120,383,000","120,276,000","122,452,000","125,979,000","125,514,000","119,159,000","118,792,000","115,477,000","115,373,000","115,902,000","118,972,000","116,965,000","114,990,000","112,474,000","115,370,000","114,030,000","109,809,000","107,165,000","108,266,000","109,569,000","113,392,000","110,339,000","113,584,000","118,210,000","112,369,000","109,833,000","107,519,000","109,371,000","108,469,000","107,721,000","101,958,000","102,524,000","97,622,000","99,067,000","96,929,000","100,144,000","95,854,000","93,556,000","81,530,000","87,427,000","81,660,000","77,327,000","76,856,000","77,692,000","74,507,000","71,217,000","66,122,000","69,308,000","66,051,000","63,324,000","61,689,000","55,851,000","48,089,000","48,043,000","41,425,000","46,879,000","44,512,000","43,032,000","45,807,000","43,720,000","42,164,000","41,249,000","38,324,000","36,072,000","36,941,000","39,431,000","40,300,000","38,200,000","37,700,000","46,200,000","22,200,000","21,900,000","20,200,000","20,000,000","21,500,000","20,000,000","19,000,000","19,000,000","19,400,000","17,300,000","17,900,000","18,700,000","18,800,000","18,600,000","17,100,000","16,600,000","18,200,000","16,900,000","16,300,000","16,400,000",,,,,,,,,,,,,,,,,,,,,,,,,,,,,,,,,,
NetIncomeFromContinuingAndDiscontinuedOperation,"447,299,000","199,376,000","116,506,000","50,503,000","80,914,000","183,689,000","102,707,000","55,732,000","74,629,000","51,781,000","64,227,000","88,489,000","54,903,000","16,924,000","-3,657,000","78,216,000","66,590,000","50,839,000","53,473,000","76,225,000","60,968,000","49,072,000","49,649,000","73,170,000","59,626,000","51,737,000","28,434,000","67,429,000","57,382,000","48,545,000","66,815,000","67,996,000","55,569,000","42,859,000","57,532,000","63,617,000","53,586,000","46,565,000","66,555,000","50,659,000","41,445,000","37,904,000","34,005,000","41,123,000","37,590,000","30,351,000","28,858,000","43,751,000","29,855,000","21,511,000","26,659,000","33,470,000","25,853,000","18,371,000","25,665,000","35,380,000","22,552,000","14,321,000","24,911,000","29,518,000","23,727,000","16,858,000","25,723,000","27,331,000","22,386,000","16,564,000","22,150,000","27,917,000","22,218,000","18,871,000","22,474,000","24,087,000","17,871,000","15,575,000","18,608,000","23,623,000","15,237,000","13,327,000","18,659,000","21,827,000","14,830,000","11,890,000","12,235,000","19,306,000","15,458,000","13,112,000","12,460,000","16,566,000","13,591,000","10,273,000","9,500,000","14,300,000","12,100,000","400,000","6,600,000","9,000,000","7,500,000","5,700,000","5,500,000","7,400,000","5,800,000","4,500,000","5,300,000","6,200,000","5,300,000","4,000,000","4,700,000","5,700,000","4,700,000","3,300,000","3,700,000","4,900,000","4,000,000","2,900,000","3,400,000","4,300,000","3,600,000","2,600,000","2,800,000","-2,400,000","2,600,000","2,100,000","2,600,000","-2,300,000","2,900,000","1,600,000","2,200,000","-1,000,000","1,400,000","1,500,000",,,,,,,,,,,,,,,,,,
NormalizedIncome,"432,543,200","195,872,600","111,233,210","44,318,668","76,015,805","180,750,350","99,590,630","52,208,992","72,392,500","49,552,310","60,749,280","84,993,760","57,995,280","39,193,380","36,602,500","75,048,696","64,605,860","48,603,010","49,081,828.837","72,438,151","57,786,732","45,803,872","47,469,562.949","71,080,887","57,803,320","49,360,325","26,575,800","65,783,872","56,425,081","47,310,186","47,181,435.777","66,588,320","53,844,392","41,671,271","45,952,318.096","62,962,864","53,211,958","40,681,024","64,534,700","49,531,927","41,835,660","26,575,684","30,826,103.852","44,206,634.728","36,220,106.864","28,874,959.249","28,105,468.501","42,917,473.532","28,900,578.019","19,421,559.568","26,028,815.765","32,917,916.273","25,460,691.638","17,878,300","25,348,444.676","35,060,800","22,220,200","13,747,400","23,093,461.968","29,361,880.469","23,534,846.839","16,816,436.29","25,502,249.088","27,276,400","22,098,791.138","16,403,800","21,764,077.599","27,870,594.21","22,203,500.544","18,576,494.598","22,287,764.875","23,790,122.298","17,855,400","15,302,296.603","17,808,960.151","21,106,600","15,137,643.969","13,294,000","18,659,000","21,627,043.75","13,965,371.788","11,678,198.755","12,060,526.93","19,191,453.26","15,386,620.02","11,427,197.643","11,445,415.144","16,240,018.623","12,996,544.627","9,631,881.654","8,312,500","14,177,253.219","11,800,000","160,000","6,539,449.541","8,880,000","7,320,000","5,640,000","5,380,000","7,340,000","5,740,000","4,440,000","4,640,000","5,740,000","5,240,000","4,000,000","4,240,000","5,700,000","4,700,000","3,300,000","3,700,000","4,900,000","4,000,000","2,900,000","3,400,000","4,300,000","3,600,000","2,600,000","2,800,000","3,100,000","2,600,000","2,100,000","2,600,000","2,700,000","2,900,000","1,900,000","4,100,000","1,800,000","1,400,000","1,500,000",,,,,,,,,,,,,,,,,,
InterestIncome,"2,606,000","609,000","1,094,000","565,000","338,000","387,000","17,000","114,000","196,000","5,035,000","7,289,000","9,680,000",,,,,,,,,,,,,,,,,,,,,,,,,,,,,,,,,,,,,,,,,,,,,,,,,,,,,,,,,,,,,,,,,,,,,,,,,,,,,,,,,,,,,,,,,,,,,,,,,,,,,,,,,,,,,,,,,,,,,,,,,,,,,,,,,,,,,,,,
InterestExpense,"210,576,000","53,636,000","52,772,000","52,132,000","52,036,000","50,769,000","51,785,000","49,861,000","51,666,000","35,122,000","33,144,000","32,643,000","23,309,000","27,850,000","26,349,000","25,359,000","23,723,000","23,471,000","23,217,000","22,411,000","21,387,000","21,326,000","20,458,000","20,168,000","20,115,000","19,853,000","19,732,000","19,239,000","18,900,000","18,665,000","19,004,000","18,990,000","19,093,000","19,310,000","19,482,000","19,350,000","19,209,000","19,275,000","19,373,000","19,597,000","19,538,000","19,248,000","19,345,000","19,560,000","20,106,000","19,943,000","19,568,000","19,150,000","18,504,000","18,430,000","17,914,000","17,256,000","16,809,000","16,628,000",,"17,014,000",,,,,"16,441,000",,"14,764,000",,,,"13,447,000",,"12,541,000",,,,,"11,802,000","11,677,000","11,722,000",,,,,"9,891,000",,,,,,"10,233,000",,,,,,,,,"4,800,000",,,,,,,,"3,800,000",,,,,,,,,,,,,,,,,,,,,,,,,,,,,,,,,,,,,,,,,,,,
NetInterestIncome,"-207,970,000","-53,027,000","-51,678,000","-51,567,000","-51,698,000","-50,382,000","-51,768,000","-49,747,000","-51,470,000","-30,087,000","-25,855,000","-22,963,000","-23,309,000","-27,850,000","-26,349,000","-25,359,000","-23,723,000","-23,471,000","-23,217,000","-22,411,000","-21,387,000","-21,326,000","-20,458,000","-20,168,000","-20,115,000","-19,853,000","-19,732,000","-19,239,000","-18,900,000","-18,665,000","-19,004,000","-18,990,000","-19,093,000","-19,310,000","-19,482,000","-19,350,000","-19,209,000","-19,275,000","-19,373,000","-19,597,000","-19,538,000","-19,248,000","-19,345,000","-19,560,000","-20,106,000","-19,943,000","-19,568,000","-19,150,000","-18,504,000","-18,430,000","-17,914,000","-17,256,000","-16,809,000","-16,628,000",,"-17,014,000",,,,,"-16,441,000",,"-14,764,000",,,,"-13,447,000",,"-12,541,000",,,,,"-11,802,000","-11,677,000","-11,722,000",,,,,"-9,891,000",,,,,,"-10,233,000",,,,,,,,,"-4,800,000",,,,,,,,"-3,800,000",,,,,,,,,,,,,,,,,,,,,,,,,,,,,,,,,,,,,,,,,,,,
EBIT,"626,264,000","235,779,000","149,349,000","104,400,000","136,736,000","239,224,000","137,245,000","109,624,000","126,757,000","79,779,000","96,248,000","119,579,000","76,041,000","36,604,000","7,586,000","107,510,000","89,946,000","72,179,000","81,705,000","102,036,000","87,924,000","73,328,000","74,152,000","101,749,000","85,256,000","74,597,000","44,031,000","96,252,000","81,201,000","71,804,000","73,245,000","95,592,000","79,760,000","66,903,000","69,536,000","88,022,000","79,892,000","67,549,000","74,078,000","102,456,000","88,395,000","63,079,000","66,094,000","89,779,000","76,907,000","63,083,000","66,966,000","90,955,000","67,646,000","54,154,000","61,402,000","72,364,000","59,512,000","47,524,000","57,882,000","74,574,000","53,129,000","40,216,000","52,154,000","65,347,000","54,770,000","43,745,000","55,313,000","59,523,000","50,089,000","40,622,000","46,052,000","59,091,000","48,593,000","42,771,000","49,320,000","50,997,000","40,473,000","36,444,000","39,523,000","46,302,000","35,290,000","32,446,000","40,401,000","45,039,000","32,103,000","28,637,000","29,314,000","41,006,000","35,076,000","28,944,000","30,874,000","37,264,000","31,553,000","25,079,000","22,900,000","31,100,000","28,500,000","12,400,000","15,500,000","19,800,000","17,100,000","14,300,000","13,600,000","16,800,000","14,300,000","12,000,000","12,300,000","13,500,000","12,800,000","10,600,000","11,300,000","13,800,000","11,700,000","9,100,000","10,000,000","11,900,000","10,400,000","8,400,000","25,500,000","27,900,000","25,000,000","22,700,000","23,000,000","24,200,000","23,200,000","22,900,000","23,700,000","22,600,000","22,400,000","19,900,000","5,800,000","26,000,000","34,400,000","35,500,000","34,600,000","34,500,000","32,900,000","31,500,000","35,000,000","32,600,000","30,000,000","28,300,000","26,800,000","26,900,000","25,300,000","24,900,000","25,600,000","24,700,000","24,100,000","21,500,000","21,800,000","20,900,000"
EBITDA,"929,618,000"
ReconciledCostOfRevenue,"1,003,907,000","370,293,000","296,359,000","164,843,000","172,412,000","257,228,000","250,007,000","152,918,000","172,024,000","119,407,000","85,321,000","82,022,000","86,445,000","79,314,000","92,393,000","68,624,000","73,515,000","73,946,000","79,243,000","67,982,000","70,853,000","69,128,000","77,550,000","79,812,000","73,994,000","73,541,000","77,856,000","78,519,000","79,746,000","73,189,000","74,121,000","72,374,000","70,375,000","71,686,000","74,106,000","72,065,000","70,858,000","68,311,000","271,843,000","2,108,000","0","0","0","2,745,000","0","0","0","0","0","0","0","0","0","0",,,,,,,,,,,,,,,,,,,,,,,,,,,,,,,,,,,,,,,,,,,,,,,,,,,,,,,,,,,,,,,,,,,,,,,,,,,,,,,,,,,,,,,,,,,,,,
ReconciledDepreciation,"303,354,000","78,346,000","76,329,000","74,507,000","74,172,000","72,944,000","70,981,000","69,941,000","69,892,000","46,245,000","40,503,000","39,933,000","36,630,000","39,410,000","36,158,000","37,656,000","36,762,000","36,097,000","34,858,000","34,306,000","33,534,000","34,026,000","33,996,000","34,270,000","32,147,000","32,595,000","32,618,000","32,797,000","31,973,000","31,349,000","32,161,000","30,288,000","31,972,000","32,114,000","31,919,000","31,363,000","30,882,000","30,629,000","30,487,000","27,463,000","30,236,000","28,810,000","27,723,000","25,461,000","29,509,000","29,249,000","30,519,000","31,060,000","30,116,000","29,372,000","29,296,000","28,465,000","28,036,000","29,142,000","25,391,000","24,624,000","21,631,000","22,654,000","22,751,000","22,226,000","21,689,000","21,345,000","19,494,000","19,460,000","18,143,000","17,944,000","16,971,000","16,750,000","15,856,000","15,911,000","14,476,000","15,289,000","14,755,000","14,344,000","13,773,000","13,517,000","12,114,000","12,059,000","11,914,000","10,999,000","10,976,000","10,433,000","10,165,000","10,176,000","10,352,000","9,475,000","8,969,000","8,557,000","8,053,000","8,521,000",,,,,,,,,,,,,,,,,,,,,,,,,,,,,,,,,,,,,,,,,,,,,,,,,,,,,,,,,,
NetIncomeFromContinuingOperationNetMinorityInterest,"447,299,000","199,376,000","116,506,000","50,503,000","80,914,000","183,689,000","102,707,000","55,732,000","74,629,000","51,781,000","64,227,000","88,489,000","54,903,000","16,924,000","-3,657,000","78,216,000","66,590,000","50,839,000","53,473,000","76,225,000","60,968,000","49,072,000","49,649,000","73,170,000","59,626,000","51,737,000","28,434,000","67,429,000","57,382,000","48,545,000","48,954,000","67,711,000","54,818,000","42,401,000","46,730,000","63,484,000","53,548,000","41,231,000","65,134,000","50,284,000","42,627,000","27,658,000","31,961,000","45,516,000","37,590,000","30,351,000","28,858,000","43,751,000","29,855,000","21,511,000","26,659,000","33,470,000","25,853,000","18,371,000","25,665,000","35,380,000","22,552,000","14,321,000","24,911,000","29,518,000","23,727,000","16,858,000","25,723,000","27,331,000","22,386,000","16,564,000","22,150,000","27,917,000","22,218,000","18,871,000","22,474,000","24,087,000","17,871,000","15,575,000","18,608,000","23,623,000","15,237,000","13,327,000","18,659,000","21,827,000","14,830,000","11,890,000","12,235,000","19,306,000","15,458,000","13,112,000","12,460,000","16,566,000","13,591,000","10,273,000","9,500,000","14,300,000","12,100,000","400,000","6,600,000","9,000,000","7,500,000","5,700,000","5,500,000","7,400,000","5,800,000","4,500,000","4,700,000","5,800,000","5,300,000","4,000,000","4,300,000","5,700,000","4,700,000","3,300,000","3,700,000","4,900,000","4,000,000","2,900,000","3,400,000","4,300,000","3,600,000","2,600,000","2,800,000","3,100,000","2,600,000","2,100,000","2,600,000","2,700,000","2,900,000","1,900,000","4,100,000","1,800,000","1,400,000","1,500,000",,,,,,,,,,,,,,,,,,
TotalUnusualItemsExcludingGoodwill,"24,593,000","5,839,000","7,223,000","6,402,000","5,129,000","3,014,000","4,269,000","3,776,000","2,250,000","3,053,000","4,764,000","4,788,000","-4,236,000","-30,506,000","-55,150,000","3,327,000","2,718,000","3,063,000","4,803,000","3,957,000","3,473,000","3,462,000","2,357,000","2,329,000","1,992,000","2,515,000","3,097,000","1,878,000","1,039,000","1,351,000","1,964,000","1,270,000","1,077,000","819,000","833,000","564,000","381,000","644,000","922,000","1,239,000","1,308,000","1,786,000","1,660,000","2,020,000","2,070,000","2,098,000","1,236,000","1,368,000","1,571,000","3,470,000","1,028,000","909,000","648,000","758,000","514,000","532,000","553,000","956,000","2,846,000","260,000","319,000","69,000","360,000","91,000","476,000","267,000","595,000","77,000","24,000","481,000","305,000","491,000","26,000","450,000","1,278,000","4,194,000","165,000","55,000","0","321,000","1,409,000","349,000","287,000","188,000","118,000","2,791,000","1,627,000","541,000","985,000","1,061,000","1,800,000","200,000","500,000","400,000","100,000","200,000","300,000","100,000","200,000","100,000","100,000","100,000","100,000","100,000","100,000",,"100,000",,,,"0",,,,,,,,,,,,,,,,,,,,,,,,,,,,,,,,,,,,,
TotalUnusualItems,"24,593,000","5,839,000","7,223,000","6,402,000","5,129,000","3,014,000","4,269,000","3,776,000","2,250,000","3,053,000","4,764,000","4,788,000","-4,236,000","-30,506,000","-55,150,000","3,327,000","2,718,000","3,063,000","4,803,000","3,957,000","3,473,000","3,462,000","2,357,000","2,329,000","1,992,000","2,515,000","3,097,000","1,878,000","1,039,000","1,351,000","1,964,000","1,270,000","1,077,000","819,000","833,000","564,000","381,000","644,000","922,000","1,239,000","1,308,000","1,786,000","1,660,000","2,020,000","2,070,000","2,098,000","1,236,000","1,368,000","1,571,000","3,470,000","1,028,000","909,000","648,000","758,000","514,000","532,000","553,000","956,000","2,846,000","260,000","319,000","69,000","360,000","91,000","476,000","267,000","595,000","77,000","24,000","481,000","305,000","491,000","26,000","450,000","1,278,000","4,194,000","165,000","55,000","0","321,000","1,409,000","349,000","287,000","188,000","118,000","2,791,000","1,627,000","541,000","985,000","1,061,000","1,800,000","200,000","500,000","400,000","100,000","200,000","300,000","100,000","200,000","100,000","100,000","100,000","100,000","100,000","100,000",,"100,000",,,,"0",,,,,,,,,,,,,,,,,,,,,,,,,,,,,,,,,,,,,
NormalizedEBITDA,"905,025,000","308,286,000","218,455,000","172,505,000","205,779,000","309,154,000","203,957,000","175,789,000","194,399,000","122,971,000","131,987,000","154,724,000","116,907,000","106,520,000","98,894,000","141,839,000","123,990,000","105,213,000","111,760,000","132,385,000","117,985,000","103,892,000","105,791,000","133,690,000","115,411,000","104,677,000","73,552,000","127,171,000","112,135,000","101,802,000","103,442,000","124,610,000","110,655,000","98,198,000","100,622,000","118,821,000","110,393,000","97,534,000","103,643,000","130,788,000","117,323,000","90,103,000","92,157,000","115,965,000","104,346,000","90,234,000","96,249,000","120,647,000","96,191,000","80,056,000","89,670,000","99,920,000","86,900,000","75,908,000","82,759,000","98,666,000","74,207,000","61,914,000","72,059,000","87,313,000","76,140,000","65,021,000","74,447,000","78,892,000","67,756,000","58,299,000","62,428,000","75,764,000","64,425,000","58,201,000","63,491,000","65,795,000","55,202,000","50,338,000","52,018,000","55,625,000","47,239,000","44,450,000","52,315,000","55,717,000","41,670,000","38,721,000","39,192,000","50,994,000","45,310,000","35,628,000","38,216,000","45,280,000","38,621,000","32,539,000","29,200,000","38,900,000","35,900,000","19,800,000","19,600,000","23,800,000","20,700,000","18,000,000","17,300,000","20,100,000","17,800,000","15,600,000","15,500,000","16,800,000","16,000,000","13,900,000","14,300,000","16,700,000","14,500,000","11,900,000","12,700,000","14,500,000","13,000,000","11,100,000","25,500,000","27,900,000","25,000,000","22,700,000","23,000,000","24,200,000","23,200,000","22,900,000","23,700,000","22,600,000","22,400,000","19,900,000","5,800,000","26,000,000","34,400,000","35,500,000","34,600,000","34,500,000","32,900,000","31,500,000","35,000,000","32,600,000","30,000,000","28,300,000","26,800,000","26,900,000","25,300,000","24,900,000","25,600,000","24,700,000","24,100,000","21,500,000","21,800,000","20,900,000"
TaxRateForCalcs,"0.4","0.4","0.27","0.034","0.045","0.025","0.27","0.067","0.006","0.27","0.27","0.27","0.27","0.27","0.27","0.048","0.27","0.27","0.086","0.043","0.084","0.056","0.075","0.103","0.085","0.055","0.4","0.124","0.079","0.086","0.097","0.116","0.096","0.109","0.066","0.076","0.118","0.146","0.35","0.393","0.395","0.394","0.316","0.352","0.338","0.296","0.391","0.391","0.392","0.398","0.387","0.393","0.395","0.35","0.384","0.4","0.4","0.4","0.361","0.4","0.398","0.398","0.387","0.4","0.397","0.4","0.351","0.397","0.396","0.388","0.389","0.395","0.4","0.394","0.375","0.4","0.398","0.4","0.387","0.377","0.386","0.393","0.392","0.391","0.395","0.396","0.376","0.397","0.396","0.396","0.34","0.386","0.4","0.4","0.394","0.4","0.4","0.4","0.4","0.4","0.4","0.4","0.4","0.4","0.4","0.4","0.4","0.4","0.4","0.4","0.4","0.4","0.4","0.4","0.4","0.4","0.4","0.4","0.4","0.4","0.4","0.4","0.4","0.4","0.4","0.4","0.4","0.4","0.4","0.4",,,,,,,,,,,,,,,,,,
TaxEffectOfUnusualItems,"9,837,200","2,335,600","1,950,210","217,668","230,805","75,350","1,152,630","252,992","13,500","824,310","1,286,280","1,292,760","-1,143,720","-8,236,620","-14,890,500","159,696","733,860","827,010","411,828.837","170,151","291,732","193,872","177,562.949","239,887","169,320","138,325","1,238,800","232,872","82,081","116,186","191,435.777","147,320","103,392","89,271","55,318.096","42,864","44,958","94,024","322,700","486,927","516,660","703,684","525,103.852","710,634.728","700,106.864","621,959.249","483,468.501","534,473.532","616,578.019","1,380,559.568","397,815.765","356,916.273","255,691.638","265,300","197,444.676","212,800","221,200","382,400","1,028,461.968","103,880.469","126,846.839","27,436.29","139,249.088","36,400","188,791.138","106,800","209,077.599","30,594.21","9,500.544","186,494.598","118,764.875","194,122.298","10,400","177,296.603","478,960.151","1,677,600","65,643.969","22,000","0","121,043.75","544,371.788","137,198.755","112,526.93","73,453.26","46,620.02","1,106,197.643","612,415.144","215,018.623","390,544.627","419,881.654","612,500","77,253.219","200,000","160,000","39,449.541","80,000","120,000","40,000","80,000","40,000","40,000","40,000","40,000","40,000","40,000","0","40,000","0","0","0","0","0","0","0","0","0","0","0","0","0","0","0","0","0","0","0","0","0","0","0",,,,,,,,,,,,,,,,,,