name,ttm,03/31/2022,12/31/2021,09/30/2021,06/30/2021,03/31/2021,12/31/2020,09/30/2020,06/30/2020,03/31/2020,12/31/2019,09/30/2019,06/30/2019,03/31/2019,12/31/2018,09/30/2018,06/30/2018,03/31/2018,12/31/2017,09/30/2017,06/30/2017,03/31/2017,12/31/2016,09/30/2016,06/30/2016,03/31/2016,12/31/2015,09/30/2015,06/30/2015,03/31/2015,12/31/2014,09/30/2014,06/30/2014,03/31/2014,12/31/2013,09/30/2013,06/30/2013,03/31/2013,12/31/2012,09/30/2012,06/30/2012,03/31/2012,12/31/2011,09/30/2011,06/30/2011,03/31/2011,12/31/2010,09/30/2010,06/30/2010,03/31/2010,12/31/2009,09/30/2009,06/30/2009,03/31/2009,12/31/2008,09/30/2008,06/30/2008,03/31/2008,12/31/2007,09/30/2007,06/30/2007,03/31/2007,12/31/2006,09/30/2006,06/30/2006,03/31/2006,12/31/2005,09/30/2005,06/30/2005,03/31/2005,12/31/2004,09/30/2004,06/30/2004,03/31/2004,12/31/2003,09/30/2003,06/30/2003,03/31/2003,12/31/2002,09/30/2002,06/30/2002,03/31/2002,12/31/2001,09/30/2001,06/30/2001,03/31/2001,12/31/2000,09/30/2000,06/30/2000,03/31/2000,09/30/1999,06/30/1999,03/31/1999,12/31/1998,09/30/1998,06/30/1998,03/31/1998,12/31/1997,09/30/1997,06/30/1997,03/31/1997,12/31/1996,09/30/1996,06/30/1996,03/31/1996,12/31/1995,09/30/1995,06/30/1995,03/31/1995,12/31/1994,09/30/1994,06/30/1994,03/31/1994,12/31/1993,09/30/1993,06/30/1993,03/31/1993,12/31/1992,09/30/1992,06/30/1992,03/31/1992,12/31/1991,09/30/1991,06/30/1991,03/31/1991,12/31/1990,09/30/1990,06/30/1990,03/31/1990,12/31/1989,09/30/1989,06/30/1989,03/31/1989,12/31/1988,09/30/1988,06/30/1988,03/31/1988,12/31/1987,09/30/1987,06/30/1987,03/31/1987,12/31/1986,09/30/1986,06/30/1986,03/31/1986,12/31/1985,09/30/1985
TotalRevenue,"1,859,100,000","463,200,000","473,900,000","455,000,000","467,000,000","413,300,000","403,400,000","383,900,000","338,700,000","382,600,000","400,300,000","394,700,000","416,800,000","388,700,000","387,600,000","390,900,000","407,900,000","378,500,000","366,300,000","364,700,000","378,500,000","347,200,000","342,000,000","341,100,000","371,100,000","344,200,000","358,300,000","366,300,000","386,900,000","356,200,000","376,500,000","376,000,000","396,000,000","365,200,000","376,000,000","371,800,000","371,300,000","362,100,000","349,100,000","361,200,000","371,100,000","364,200,000","360,200,000","370,800,000","375,700,000","329,900,000","316,700,000","314,600,000","324,000,000","319,300,000","323,200,000","303,800,000","312,400,000","294,900,000","347,100,000","379,300,000","389,000,000","344,000,000","345,299,000","340,487,000","350,422,000","346,092,000","330,515,000","325,137,000","300,175,000","274,950,000","244,407,000","232,729,000","228,183,000","219,027,000","206,375,000","214,843,000","212,694,000","190,646,000","190,938,000","175,509,000","173,512,000","165,692,000","160,890,000","159,811,000","151,505,000","143,320,000","139,444,000","138,009,000","135,562,000","135,925,000","130,411,000","124,635,000","130,284,000","130,770,000","130,300,000","129,900,000","117,000,000","114,300,000","193,900,000","187,700,000","183,600,000","179,200,000","179,500,000","185,900,000","184,200,000","174,200,000","176,000,000","170,400,000","159,800,000","177,000,000","175,300,000","171,600,000","174,400,000","159,000,000","152,700,000","126,700,000","133,500,000","127,700,000","130,600,000","122,500,000","119,800,000","113,900,000","109,600,000","111,400,000","110,200,000","108,100,000","94,100,000","87,400,000","94,700,000","87,800,000","81,000,000","74,400,000","78,600,000","71,200,000","67,700,000","55,400,000","58,000,000","55,200,000","55,300,000","46,500,000","48,800,000","44,300,000","41,800,000","37,800,000","39,900,000","35,200,000","32,800,000","34,100,000","36,600,000","34,300,000","32,000,000"
	OperatingRevenue,"1,859,100,000","463,200,000","473,900,000","455,000,000","467,000,000","413,300,000","403,400,000","383,900,000","338,700,000","382,600,000","400,300,000","394,700,000","416,800,000","388,700,000","387,600,000","390,900,000","407,900,000","378,500,000","366,300,000","364,700,000","378,500,000","347,200,000","342,000,000","341,100,000","371,100,000","344,200,000","358,300,000","366,300,000","386,900,000","356,200,000","376,500,000","376,000,000","396,000,000","365,200,000","376,000,000","371,800,000","371,300,000","362,100,000","349,100,000","361,200,000","371,100,000","364,200,000","360,200,000","370,800,000","375,700,000","329,900,000","316,700,000","314,600,000","324,000,000","319,300,000","323,200,000","303,800,000","312,400,000","294,900,000","347,100,000","379,300,000","389,000,000","344,000,000","345,299,000","340,487,000","350,422,000","346,092,000","330,515,000","325,137,000","300,175,000","274,950,000","244,407,000","232,729,000","228,183,000","219,027,000","206,375,000","214,843,000","212,694,000","190,646,000","190,938,000","175,509,000","173,512,000","165,692,000","160,890,000","159,811,000","151,505,000","143,320,000","139,444,000","138,009,000","135,562,000","135,925,000","130,411,000","124,635,000","130,284,000","130,770,000","130,300,000","129,900,000","117,000,000","114,300,000","193,900,000","187,700,000","183,600,000","179,200,000","179,500,000","185,900,000","184,200,000","174,200,000","176,000,000","170,400,000","159,800,000","177,000,000","175,300,000","171,600,000","174,400,000","159,000,000","152,700,000","126,700,000","133,500,000","127,700,000","130,600,000","122,500,000","119,800,000","113,900,000","109,600,000","111,400,000","110,200,000","108,100,000","94,100,000","87,400,000","94,700,000","87,800,000","81,000,000","74,400,000","78,600,000","71,200,000","67,700,000","55,400,000","58,000,000","55,200,000","55,300,000","46,500,000","48,800,000","44,300,000","41,800,000","37,800,000","39,900,000","35,200,000","32,800,000","34,100,000","36,600,000","34,300,000","32,000,000"
CostOfRevenue,"1,067,100,000","264,600,000","274,600,000","261,000,000","266,900,000","239,600,000","234,200,000","225,400,000","203,800,000","219,800,000","230,200,000","226,100,000","242,200,000","224,500,000","221,700,000","226,400,000","238,500,000","221,800,000","217,100,000","212,000,000","221,800,000","203,400,000","204,300,000","199,100,000","220,400,000","209,000,000","223,700,000","224,100,000","241,100,000","225,700,000","245,100,000","237,900,000","257,000,000","231,900,000","245,100,000","237,900,000","237,600,000","232,600,000","223,200,000","231,000,000","239,300,000","234,600,000","231,700,000","235,100,000","245,400,000","208,900,000","203,800,000","200,800,000","203,400,000","201,700,000","203,700,000","194,400,000","201,900,000","197,700,000","229,700,000","255,400,000","256,300,000","229,600,000","223,462,000","230,031,000","235,781,000","231,426,000","219,593,000","213,218,000","193,816,000","179,132,000","158,079,000","152,916,000","147,000,000","141,649,000","133,033,000","139,828,000","136,305,000","124,831,000","123,979,000","116,136,000","114,947,000","109,928,000","107,388,000","106,304,000","99,273,000","93,841,000","95,868,000","91,066,000","89,213,000","89,261,000","77,843,000","74,787,000","78,913,000","79,182,000","78,400,000","77,300,000","70,900,000","71,900,000","120,200,000","119,100,000","113,700,000","109,600,000","110,100,000","120,900,000","113,800,000","109,400,000","110,100,000","111,800,000","111,400,000","108,800,000","106,400,000","107,300,000","106,400,000","95,500,000","91,000,000","74,000,000","77,300,000","72,900,000","75,600,000","72,800,000","69,600,000","65,200,000","63,900,000","66,100,000","63,000,000","62,100,000","54,500,000","52,000,000","54,200,000","50,200,000","47,000,000","43,000,000","43,800,000","40,200,000","38,200,000",,,,,,,,,,,,,,,,
GrossProfit,"792,000,000","198,600,000","199,300,000","194,000,000","200,100,000","173,700,000","169,200,000","158,500,000","134,900,000","162,800,000","170,100,000","168,600,000","174,600,000","164,200,000","165,900,000","164,500,000","169,400,000","156,700,000","149,200,000","152,700,000","156,700,000","143,800,000","137,700,000","142,000,000","150,700,000","135,200,000","134,600,000","142,200,000","145,800,000","130,500,000","131,400,000","138,100,000","139,000,000","133,300,000","130,900,000","133,900,000","133,700,000","129,500,000","125,900,000","130,200,000","131,800,000","129,600,000","128,500,000","135,700,000","130,300,000","121,000,000","112,900,000","113,800,000","120,600,000","117,600,000","119,500,000","109,400,000","110,500,000","97,200,000","117,400,000","123,900,000","132,700,000","114,400,000","121,837,000","110,456,000","114,641,000","114,666,000","110,922,000","111,919,000","106,359,000","95,818,000","86,328,000","79,813,000","81,183,000","77,378,000","73,342,000","75,015,000","76,389,000","65,815,000","66,959,000","59,373,000","58,565,000","55,764,000","53,502,000","53,507,000","52,232,000","49,479,000","43,576,000","46,943,000","46,349,000","46,664,000","52,568,000","49,848,000","51,371,000","51,588,000","51,900,000","52,600,000","46,100,000","42,400,000","73,700,000","68,600,000","69,900,000","69,600,000","69,400,000","65,000,000","70,400,000","64,800,000","65,900,000","58,600,000","48,400,000","68,200,000","68,900,000","64,300,000","68,000,000","63,500,000","61,700,000","52,700,000","56,200,000","54,800,000","55,000,000","49,700,000","50,200,000","48,700,000","45,700,000","45,300,000","47,200,000","46,000,000","39,600,000","35,400,000","40,500,000","37,600,000","34,000,000","31,400,000","34,800,000","31,000,000","29,500,000",,,,,,,,,,,,,,,,
OperatingExpense,"520,500,000","126,100,000","135,600,000","128,400,000","130,400,000","113,800,000","113,200,000","106,600,000","97,600,000","115,000,000","121,200,000","119,800,000","119,000,000","116,100,000","120,500,000","114,200,000","117,200,000","112,800,000","107,500,000","107,000,000","110,200,000","107,600,000","106,500,000","104,500,000","110,500,000","102,600,000","112,700,000","166,600,000","106,300,000","105,700,000","108,900,000","95,000,000","99,800,000","103,300,000","111,700,000","100,700,000","96,100,000","99,000,000","93,400,000","93,500,000","96,900,000","101,000,000","84,400,000","92,600,000","98,200,000","97,000,000","84,300,000","79,300,000","84,800,000","88,300,000","84,800,000","78,800,000","81,300,000","81,000,000","84,300,000","92,300,000","96,500,000","87,100,000","85,804,000","78,742,000","84,055,000","84,099,000","81,780,000","75,549,000","73,799,000","69,051,000","59,460,000","56,908,000","56,886,000","55,706,000","56,767,000","52,235,000","51,883,000","45,981,000","46,834,000","41,396,000","42,111,000","39,854,000","238,742,000","37,532,000","37,138,000","35,227,000","33,162,000","32,511,000","33,277,000","32,845,000","38,523,000","34,751,000","35,839,000","36,275,000","36,300,000","37,800,000","34,200,000","30,600,000","50,800,000","48,300,000","46,500,000","46,600,000","45,500,000","44,700,000","47,700,000","43,700,000","43,700,000","44,000,000","54,600,000","47,200,000","46,000,000","45,700,000","44,700,000","42,200,000","40,800,000","36,200,000","36,300,000","35,800,000","35,900,000","37,200,000","34,500,000","31,800,000","28,700,000","30,900,000","28,800,000","29,500,000","24,600,000","24,500,000","25,100,000","23,700,000","20,900,000","21,900,000","21,100,000","19,400,000","17,700,000",,,,,,,,,,,,,,,,
	SellingGeneralAndAdministration,"520,500,000","126,100,000","135,600,000","128,400,000","130,400,000","113,800,000","113,200,000","106,600,000","97,600,000","115,000,000","121,200,000","119,800,000","119,000,000","116,100,000","120,500,000","114,200,000","117,200,000","112,800,000","107,500,000","107,000,000","110,200,000","107,600,000","106,500,000","104,500,000","110,500,000","102,600,000","112,700,000","166,600,000","106,300,000","105,700,000","108,900,000","95,000,000","99,800,000","103,300,000","111,700,000","100,700,000","96,100,000","99,000,000","93,400,000","93,500,000","96,900,000","101,000,000","92,100,000","92,600,000","98,200,000","97,000,000","84,300,000","79,300,000","84,800,000","88,300,000","84,800,000","78,800,000","81,300,000","81,000,000","84,300,000","92,300,000","96,500,000","87,100,000","85,804,000","78,742,000","84,055,000","84,099,000","81,780,000","75,549,000","73,799,000","69,051,000","59,460,000","56,908,000","56,886,000","55,706,000","56,767,000","52,235,000","51,883,000","45,981,000","46,834,000","41,396,000","42,111,000","39,854,000","40,656,000","37,532,000","37,138,000","35,227,000","33,162,000","32,511,000","33,277,000","32,845,000","33,602,000","29,738,000","30,797,000","31,180,000","31,300,000","33,100,000","30,000,000","29,000,000","43,900,000","42,200,000","40,800,000","40,700,000","40,000,000","40,900,000","41,000,000","39,000,000","38,100,000","39,900,000","51,100,000","40,200,000","39,000,000","39,300,000","38,600,000","36,200,000","34,800,000","30,400,000","30,800,000","30,300,000","30,100,000","31,400,000","29,100,000","27,000,000","24,100,000","26,400,000","24,400,000","24,900,000","20,900,000","21,300,000","21,300,000","20,100,000","17,900,000","18,800,000","18,200,000","16,600,000","15,000,000",,,,,,,,,,,,,,,,
	DepreciationAmortizationDepletionIncomeStatement,,,,,,,,,,,,,,,,,,,,,,,,,,,,,,,,,,,,,,,,,,,,,,,,,,,,,,,,,,,,,,,,,,,,,,,,,,,,,,,,,,,,,,,"4,921,000","5,013,000","5,042,000","5,095,000","5,000,000","4,700,000","4,200,000","1,600,000","6,900,000","6,100,000","5,700,000","5,900,000","5,500,000","3,800,000","6,700,000","4,700,000","5,600,000","4,100,000","3,500,000","7,000,000","7,000,000","6,400,000","6,100,000","6,000,000","6,000,000","5,800,000","5,500,000","5,500,000","5,800,000","5,800,000","5,400,000","4,800,000","4,600,000","4,500,000","4,400,000","4,600,000","3,700,000","3,200,000","3,800,000","3,600,000","3,000,000","3,100,000","2,900,000","2,800,000","2,700,000",,,,,,,,,,,,,,,,
		DepreciationAndAmortizationInIncomeStatement,,,,,,,,,,,,,,,,,,,,,,,,,,,,,,,,,,,,,,,,,,,,,,,,,,,,,,,,,,,,,,,,,,,,,,,,,,,,,,,,,,,,,,,"4,921,000","5,013,000","5,042,000","5,095,000","5,000,000","4,700,000","4,200,000","1,600,000","6,900,000","6,100,000","5,700,000","5,900,000","5,500,000","3,800,000","6,700,000","4,700,000","5,600,000","4,100,000","3,500,000","7,000,000","7,000,000","6,400,000","6,100,000","6,000,000","6,000,000","5,800,000","5,500,000","5,500,000","5,800,000","5,800,000","5,400,000","4,800,000","4,600,000","4,500,000","4,400,000","4,600,000","3,700,000","3,200,000","3,800,000","3,600,000","3,000,000","3,100,000","2,900,000","2,800,000","2,700,000",,,,,,,,,,,,,,,,
	OtherOperatingExpenses,,,,,,,,,,,,,,,,,,,,,,,,,,,,,,,,,,,,,,,,,,,,,,,,,,"200,000",,,,,,,,,,,,,,,,,,,,,,,,,,,,,,,,,,,,,,,,,,,,,,,,,,,,,,,,,,,,,,,,,,,,,,,,,,,,,,,,,,,,,,,,,,,,,,,,,
OperatingIncome,"271,500,000","72,500,000","63,700,000","65,600,000","69,700,000","59,900,000","56,000,000","51,900,000","37,300,000","47,800,000","48,900,000","48,800,000","55,600,000","48,100,000","45,400,000","50,300,000","52,200,000","43,900,000","41,700,000","45,700,000","46,500,000","36,200,000","31,200,000","37,500,000","40,200,000","32,600,000","21,900,000","-24,400,000","39,500,000","24,800,000","22,500,000","43,100,000","39,200,000","30,000,000","19,200,000","33,200,000","37,600,000","30,500,000","32,500,000","36,700,000","34,900,000","28,600,000","44,100,000","43,100,000","32,100,000","24,000,000","28,600,000","34,500,000","35,800,000","29,300,000","34,700,000","30,600,000","29,200,000","16,200,000","33,100,000","31,600,000","36,200,000","27,300,000","36,033,000","31,714,000","30,586,000","30,567,000","29,142,000","36,370,000","32,560,000","26,767,000","26,868,000","22,905,000","24,297,000","21,672,000","16,575,000","22,780,000","24,506,000","19,834,000","20,125,000","17,977,000","16,454,000","15,910,000","-185,240,000","15,975,000","15,094,000","14,252,000","10,414,000","14,432,000","13,072,000","13,819,000","14,045,000","15,097,000","15,532,000","15,313,000","15,600,000","14,800,000","11,900,000","11,800,000","22,900,000","20,300,000","23,400,000","23,000,000","23,900,000","20,300,000","22,700,000","21,100,000","22,200,000","14,600,000","-6,200,000","21,000,000","22,900,000","18,600,000","23,300,000","21,300,000","20,900,000","16,500,000","19,900,000","19,000,000","19,100,000","12,500,000","15,700,000","16,900,000","17,000,000","14,400,000","18,400,000","16,500,000","15,000,000","10,900,000","15,400,000","13,900,000","13,100,000","9,500,000","13,700,000","11,600,000","11,800,000","-130,400,000","58,000,000","55,200,000","55,300,000","-102,700,000","48,800,000","44,300,000","41,800,000","-79,700,000","39,900,000","35,200,000","32,800,000","-78,900,000","36,600,000","34,300,000","32,000,000"
NetNonOperatingInterestIncomeExpense,"-5,600,000","-1,300,000","-1,400,000","-1,400,000","-1,500,000","-2,000,000","-3,300,000","-3,000,000","-3,900,000","-2,900,000","-3,200,000","-3,400,000","-3,600,000","-3,500,000","-3,500,000","-3,800,000","-4,300,000","-3,900,000","-4,200,000","-4,500,000","-4,800,000","-4,600,000","-5,300,000","-4,600,000","-5,200,000","-6,500,000","-6,000,000","-5,900,000","-5,700,000","-5,700,000","-5,000,000","-4,700,000","-4,700,000","-4,800,000","-4,700,000","-5,000,000","-5,300,000","-5,900,000","-6,000,000","-6,000,000","-5,900,000","-6,000,000","-6,400,000","-6,300,000","-6,500,000","-5,600,000","-5,800,000","-5,900,000","-5,100,000","-5,000,000","-5,100,000","-5,200,000","-5,400,000","-5,400,000",,,,,,,,,,,,,,,,,,,,,,,,,,,,,,,,,,,,,,,,,,,,,,,,,,,,,,,,,,,,,,,,,,,,,,,,,,,,,,,,,,,,,,,,,,,,,
	InterestIncomeNonOperating,"100,000","100,000","0","0","0","0","0","0","100,000","100,000","100,000","100,000","100,000","100,000","200,000","100,000","100,000","400,000","400,000","200,000","200,000","200,000","200,000","300,000","300,000","200,000","300,000","300,000","200,000","200,000","300,000","100,000","200,000","100,000","200,000","100,000","200,000","100,000","200,000","100,000","200,000","200,000","300,000","200,000","200,000","300,000","300,000","200,000","300,000","200,000","100,000","300,000","300,000","200,000",,,,,,,,,,,,,,,,,,,,,,,,,,,,,,,,,,,,,,,,,,,,,,,,,,,,,,,,,,,,,,,,,,,,,,,,,,,,,,,,,,,,,,,,,,,,,
	InterestExpenseNonOperating,"5,700,000","1,400,000","1,400,000","1,400,000","1,500,000","2,000,000","3,300,000","3,000,000","4,000,000","3,000,000","3,300,000","3,500,000","3,700,000","3,600,000","3,700,000","3,900,000","4,400,000","4,300,000","4,600,000","4,700,000","5,000,000","4,800,000","5,500,000","4,900,000","5,500,000","6,700,000","6,300,000","6,200,000","5,900,000","5,900,000","5,300,000","4,800,000","4,900,000","4,900,000","4,900,000","5,100,000","5,500,000","6,000,000","6,200,000","6,100,000","6,100,000","6,200,000","6,700,000","6,500,000","6,700,000","5,900,000","6,100,000","6,100,000","5,400,000","5,200,000","5,200,000","5,500,000","5,700,000","5,600,000",,,,,,,,,,,,,,,,,,,,,,,,,,,,,,,,,,,,,,,,,,,,,,,,,,,,,,,,,,,,,,,,,,,,,,,,,,,,,,,,,,,,,,,,,,,,,
OtherIncomeExpense,,"-1,300,000","-1,300,000","-700,000","-16,500,000",,"-1,600,000","-5,100,000","-5,900,000","-300,000","-1,500,000","800,000","-1,200,000","-1,900,000","-300,000","-2,500,000","1,800,000","-700,000","-4,500,000","-1,700,000","-1,900,000","-800,000","1,200,000","-500,000","6,400,000","800,000","-137,800,000","-5,600,000","-4,300,000","-1,800,000","-23,400,000","-2,000,000","-2,500,000","-4,600,000","-3,200,000","-3,300,000","-3,400,000","-2,200,000","-3,500,000","-3,000,000","-1,200,000","-800,000","-18,100,000","-1,600,000","-6,100,000","-1,200,000","-8,600,000","-2,500,000","-1,900,000","-3,100,000","-10,600,000","-5,800,000","-800,000","-1,000,000","-27,600,000","-1,600,000","-2,400,000","-3,200,000","-1,751,000","-2,202,000","-626,000","-921,000","-479,000","228,000","6,662,000","165,000","-548,000","369,000","-6,000","-275,000","-1,241,000","371,000","231,000","248,000","-1,022,000","-23,000","-24,000","62,000","-195,000","-169,000","200,000","-85,000","-2,407,000","-269,000","45,000","-201,000","-112,000","-568,000","-546,000","-473,000","-100,000",,,,"100,000","400,000","800,000",,"-400,000","-500,000","400,000",,"100,000","-5,200,000","-83,000,000","-200,000","-300,000","-600,000","800,000","-300,000","500,000","400,000","400,000","300,000","500,000","-200,000","1,200,000","-6,200,000","1,300,000","1,400,000","800,000",,"1,100,000","1,800,000","600,000","500,000","800,000","600,000","700,000","1,200,000","1,000,000",,,,,,,,,,,,,,,,
	SpecialIncomeCharges,"-20,000,000","-1,000,000","-1,100,000","-900,000","-17,000,000","-300,000","-1,600,000","-4,000,000","-6,300,000","0","-1,600,000","0","-1,300,000","-1,400,000","0","-3,400,000","0","0","-4,200,000","-1,400,000","-1,700,000","-500,000","400,000","-1,000,000","5,500,000","-1,400,000","-139,400,000","-5,800,000","-4,700,000","-2,000,000","-22,200,000","-400,000","-2,600,000","-4,200,000","-2,100,000","-3,000,000","-2,000,000","-2,200,000","-4,300,000","-3,000,000","-1,200,000","-800,000","-18,100,000","-1,600,000","-6,100,000","-1,200,000","-8,600,000","-2,500,000","-1,900,000","-3,100,000","-10,600,000","-5,800,000","-800,000","-1,000,000","-27,600,000","-1,600,000","-2,400,000","-3,200,000","-1,751,000","-2,202,000","-626,000","-921,000","-479,000","228,000","6,662,000","165,000","-548,000","369,000","-6,000","-275,000","-1,241,000","371,000","231,000","248,000","-1,022,000","-23,000","-24,000","62,000","-195,000","-169,000","200,000","-85,000","-2,407,000","-269,000","45,000","-201,000","-112,000","-568,000","-546,000","-473,000","-100,000",,,,"100,000","400,000","800,000",,"-400,000","-500,000","400,000",,"100,000","-5,200,000","-83,000,000","-200,000","-300,000","-600,000","800,000","-300,000","500,000","400,000","400,000","300,000","500,000","-200,000","1,200,000","-6,200,000","1,300,000","1,400,000","800,000",,"1,100,000","1,800,000","600,000","500,000","800,000","600,000","700,000","1,200,000","1,000,000",,,,,,,,,,,,,,,,
		RestructuringAndMergernAcquisition,"20,000,000","1,000,000","1,100,000","900,000","17,000,000","300,000","1,200,000","3,400,000","5,300,000","0","1,600,000","0","1,300,000","1,400,000","0","3,400,000","0","0","3,200,000","1,400,000","1,700,000","500,000","-900,000","1,000,000","3,200,000","1,400,000","8,900,000","5,800,000","4,700,000","2,000,000","8,000,000","400,000","2,600,000","4,200,000","1,700,000","2,800,000","2,000,000","2,200,000","800,000","1,200,000","1,200,000","1,700,000","300,000","1,900,000","5,500,000","1,100,000","3,800,000","3,000,000","2,500,000","3,300,000","7,500,000","6,300,000","800,000","1,500,000","2,700,000","900,000","1,000,000","1,000,000","1,134,000","1,596,000","270,000","200,000","-539,000","332,000","-5,676,000","235,000",,,"96,000","362,000",,,,,"312,000",,"114,000",,"420,000","208,000",,"10,000",,,,,,,,,,,,,,,,,,,,,,,,,,,,,,,,,,,,,,,,,,,,,,,,,,,,,,,,,,,,,,,,,
		ImpairmentOfCapitalAssets,,,"0","0","0",,"400,000","0","1,000,000",,,,,,"0",,,,"1,000,000",,,,"500,000",,,,"130,500,000",,,,"14,200,000","0",,,"1,000,000","200,000",,,"400,000","2,400,000",,,,,,,,,,,,,,,,,,,,,,,,,,,,,,,,,,,,,,,,,,,,,,,,,,,,,,,,,,,,,,,,,,,,,,,,,,,,,,,,,,,,,,,,,,,,,,,,,,,,,,,,,,,
		OtherSpecialCharges,,,,,,,,,,,,,,,,,,,,,,,,,,,,,,,,,,,,,,,,"-600,000",,"-900,000","400,000","-300,000","600,000","100,000","3,400,000","-500,000","-600,000","-200,000","-200,000","-500,000",,"-500,000","2,900,000","700,000","1,400,000","2,200,000","617,000","606,000","356,000","721,000","1,018,000","-560,000","-986,000","-400,000",,,"-90,000","-87,000",,,,,"710,000",,"-90,000",,"-225,000","-39,000",,"75,000",,,,,,,,,,,,,,,,,,,,,,,,,,,,,,,,,,,,,,,,,,,,,,,,,,,,,,,,,,,,,,,,,
		GainOnSaleOfBusiness,,,"0","0",,,"0","-600,000",,,,,,,,,,,"0","0","0",,"0","0","8,700,000",,,,,,,,,,"600,000","0",,,"0",,,,,,,,,,,,,,,,,,,,,,,,,,,,,,,,,,,,,,,,,,,,,,,,,,,,,,,,,,,,,,,,,,,,,,,,,,,,,,,,,,,,,,,,,,,,,,,,,,,,,,,,,,,,
	OtherNonOperatingIncomeExpenses,"200,000","-300,000","-200,000","200,000","500,000","300,000","0","-1,100,000","400,000","-300,000","100,000","800,000","100,000","-500,000","-300,000","900,000","1,800,000","-700,000","-300,000","-300,000","-200,000","-300,000","800,000","500,000","900,000","2,200,000","1,600,000","200,000","400,000","200,000","-1,200,000","-1,600,000","100,000","-400,000","-1,100,000","-300,000","-1,400,000",,"-700,000",,,,,,,,,,,,,,,,,,,,,,,,,,,,,,,,,,,,,,,,,,,,,,,,,,,,,,,,,,,,,,,,,,,,,,,,,,,,,,,,,,,,,,,,,,,,,,,,,,,,,,,,,,,,
PretaxIncome,"246,100,000","69,900,000","61,000,000","63,500,000","51,700,000","57,900,000","51,100,000","43,800,000","27,500,000","44,600,000","44,200,000","46,200,000","50,800,000","42,700,000","41,600,000","44,000,000","49,700,000","39,300,000","33,000,000","39,500,000","39,800,000","30,800,000","27,100,000","32,400,000","41,400,000","26,900,000","-121,900,000","-35,900,000","29,500,000","17,300,000","-5,900,000","36,400,000","32,000,000","20,600,000","11,300,000","24,900,000","28,900,000","22,400,000","23,000,000","27,700,000","27,800,000","21,800,000","19,600,000","35,200,000","19,500,000","17,200,000","18,400,000","26,100,000","28,800,000","21,200,000","19,000,000","19,600,000","23,000,000","9,800,000","-2,000,000","24,200,000","29,100,000","21,000,000","31,721,000","27,165,000","27,685,000","27,229,000","26,431,000","31,501,000","35,103,000","23,074,000","23,878,000","20,832,000","21,981,000","19,120,000","17,852,000","20,341,000","21,907,000","17,572,000","15,844,000","15,067,000","13,894,000","14,024,000","11,211,000","13,325,000","13,294,000","12,388,000","6,323,000","11,781,000","10,776,000","11,288,000","11,883,000","12,170,000","12,732,000","12,427,000","13,500,000","12,200,000","10,400,000","10,700,000","19,500,000","18,000,000","21,500,000","20,600,000","20,900,000","17,100,000","20,400,000","18,600,000","19,400,000","6,800,000","-91,600,000","17,700,000","19,600,000","15,200,000","21,000,000","18,500,000","18,900,000","14,800,000","18,000,000","17,100,000","17,300,000","10,300,000","14,500,000","8,100,000","16,200,000","13,700,000","16,600,000","14,800,000","14,700,000","11,500,000","14,500,000","13,000,000","12,400,000","8,600,000","13,000,000","11,300,000","11,300,000",,,,,,,,,,,,,,,,
TaxProvision,"67,600,000","15,400,000","20,900,000","17,100,000","14,200,000","16,200,000","21,900,000","10,900,000","7,300,000","12,600,000","12,400,000","13,900,000","14,400,000","11,700,000","9,300,000","12,500,000","13,700,000","11,100,000","35,300,000","13,000,000","12,600,000","9,100,000","9,600,000","10,500,000","12,800,000","10,700,000","-3,800,000","-10,200,000","10,200,000","5,700,000","1,800,000","13,800,000","10,700,000","6,500,000","3,100,000","7,400,000","10,000,000","6,300,000","5,300,000","9,000,000","9,300,000","6,100,000","2,500,000","11,600,000","6,600,000","6,100,000","7,000,000","8,800,000","6,600,000","9,000,000","8,900,000","8,000,000","7,900,000","6,300,000","1,400,000","7,400,000","9,100,000","7,100,000","10,035,000","8,991,000","9,992,000","7,182,000","8,292,000","10,177,000","12,560,000","7,987,000","8,682,000","7,393,000","7,993,000","6,723,000","2,993,000","6,511,000","7,882,000","6,548,000","6,006,000","6,048,000","5,214,000","5,088,000","4,051,000","4,552,000","4,661,000","4,332,000","1,884,000","3,972,000","3,741,000","4,015,000","4,349,000","4,500,000","4,705,000","4,487,000","4,500,000","4,800,000","3,500,000","3,400,000","7,100,000","5,900,000","7,500,000","7,000,000","7,300,000","5,600,000","7,500,000","6,800,000","7,100,000","2,000,000","-11,300,000","6,900,000","7,500,000","4,800,000","8,300,000","7,300,000","7,500,000","5,900,000","7,000,000","6,600,000","6,800,000","3,400,000","5,900,000","3,100,000","6,300,000","5,300,000","6,500,000","5,900,000","5,600,000","4,200,000","5,600,000","5,100,000","4,800,000","2,900,000","5,100,000","4,200,000","4,300,000",,,,,,,,,,,,,,,,
NetIncomeCommonStockholders,"178,500,000","54,500,000","40,100,000","46,400,000","37,500,000","41,700,000","29,200,000","32,900,000","20,200,000","32,000,000","31,800,000","32,300,000","36,400,000","31,000,000","32,300,000","31,500,000","36,000,000","28,200,000","-2,300,000","26,500,000","27,200,000","21,700,000","17,500,000","21,900,000","28,600,000","16,200,000","-118,100,000","-25,700,000","19,300,000","11,600,000","-7,700,000","22,600,000","21,300,000","14,100,000","8,200,000","15,400,000","18,900,000","16,100,000","15,500,000","18,700,000","18,500,000","15,700,000","17,000,000","23,700,000","14,600,000","11,100,000","11,300,000","17,300,000","22,100,000","8,100,000","14,200,000","3,400,000","-3,600,000","3,400,000","-3,600,000","16,700,000","19,800,000","13,700,000","21,540,000","18,094,000","17,774,000","19,992,000","18,140,000","18,187,000","22,446,000","14,963,000","14,960,000","13,368,000","13,913,000","12,358,000","8,161,000","13,705,000","13,953,000","11,001,000","9,741,000","8,905,000","8,106,000","6,610,000","7,160,000","8,773,000","8,633,000","8,056,000","4,439,000","7,809,000","7,035,000","7,273,000","364,000","7,670,000","8,027,000","7,940,000","8,300,000","5,500,000","6,900,000","11,200,000","12,400,000","12,100,000","14,000,000","13,600,000","13,600,000","11,500,000","12,900,000","11,800,000","15,600,000","6,100,000","-79,300,000","10,800,000","12,100,000","10,400,000","12,700,000","11,200,000","11,400,000","8,900,000","11,000,000","10,500,000","10,500,000","6,900,000","8,600,000","5,000,000","9,900,000","8,400,000","10,100,000","8,900,000","9,100,000","7,300,000","8,900,000","7,900,000","7,600,000","5,700,000","7,900,000","7,100,000","7,000,000",,,,,,,,,,,,,,,,
	NetIncome,"178,500,000","54,500,000","40,100,000","46,400,000","37,500,000","41,700,000","29,200,000","32,900,000","20,200,000","32,000,000","31,800,000","32,300,000","36,400,000","31,000,000","32,300,000","31,500,000","36,000,000","28,200,000","-2,300,000","26,500,000","27,200,000","21,700,000","17,500,000","21,900,000","28,600,000","16,200,000","-118,100,000","-25,700,000","19,300,000","11,600,000","-7,700,000","22,600,000","21,300,000","14,100,000","8,200,000","15,400,000","18,900,000","16,100,000","15,500,000","18,700,000","18,500,000","15,700,000","17,000,000","23,700,000","14,600,000","11,100,000","11,300,000","17,300,000","22,100,000","8,100,000","14,200,000","3,400,000","-3,600,000","3,400,000","-3,600,000","16,700,000","19,800,000","13,700,000","21,540,000","18,094,000","17,774,000","19,992,000","18,140,000","18,187,000","22,446,000","14,963,000","14,960,000","13,368,000","13,913,000","12,358,000","8,161,000","13,705,000","13,953,000","11,001,000","9,741,000","8,905,000","8,106,000","6,610,000","7,160,000","8,773,000","8,633,000","8,056,000","4,439,000","7,809,000","7,035,000","7,273,000","364,000","7,670,000","8,027,000","7,940,000","8,300,000","5,500,000","6,900,000","11,200,000","12,400,000","12,100,000","14,000,000","13,600,000","13,600,000","11,500,000","12,900,000","11,800,000","15,600,000","6,100,000","-79,300,000","10,800,000","12,100,000","10,400,000","12,700,000","11,200,000","11,400,000","8,900,000","11,000,000","10,500,000","10,500,000","6,900,000","8,600,000","5,000,000","9,900,000","8,400,000","10,100,000","8,900,000","9,100,000","7,300,000","8,900,000","7,900,000","7,600,000","5,700,000","7,900,000","7,100,000","7,000,000",,,,,,,,,,,,,,,,
		NetIncomeIncludingNoncontrollingInterests,"178,500,000","54,500,000","40,100,000","46,400,000","37,500,000","41,700,000","29,200,000","32,900,000","20,200,000","32,000,000","31,800,000","32,300,000","36,400,000","31,000,000","32,300,000","31,500,000","36,000,000","28,200,000","-2,300,000","26,500,000","27,200,000","21,700,000","17,500,000","21,900,000","28,600,000","16,200,000","-118,100,000","-25,700,000","19,300,000","11,600,000","-7,700,000","22,600,000","21,300,000","14,100,000","8,200,000","15,400,000","18,900,000","16,100,000","15,500,000","18,700,000","18,500,000","15,700,000","17,000,000","23,700,000","14,600,000","11,100,000","11,300,000","17,300,000","22,100,000","8,100,000","14,200,000","3,400,000","-3,600,000","3,400,000","-1,700,000","16,700,000","19,100,000","12,500,000","20,625,000","17,319,000","16,942,000","19,714,000","16,443,000","17,914,000","22,504,000","15,047,000","15,067,000","13,474,000","13,985,000","12,423,000","8,487,000","14,076,000","14,236,000","11,224,000","9,726,000","8,495,000","8,089,000","6,589,000","6,898,000","8,929,000","8,704,000","8,091,000","4,263,000","7,868,000","7,099,000","7,326,000","368,000","7,719,000","7,980,000","7,940,000","8,300,000","5,500,000","6,900,000","11,200,000","12,400,000","12,100,000","14,000,000","13,600,000","13,600,000","11,500,000","12,900,000","11,800,000","15,600,000","6,100,000","-79,300,000","10,800,000","12,100,000","10,400,000","12,700,000","11,200,000","11,400,000","8,900,000","11,000,000","10,500,000","10,500,000","6,900,000","8,600,000","5,000,000","9,900,000","8,400,000","10,100,000","8,900,000","9,100,000","7,300,000","8,900,000","7,900,000","7,600,000","5,700,000","7,900,000","7,100,000","7,000,000","4,700,000","6,100,000","6,000,000","6,200,000","4,000,000","5,200,000","5,100,000","4,500,000","3,400,000","3,900,000","3,800,000","3,200,000","2,900,000","3,800,000","3,200,000","2,900,000"
			NetIncomeContinuousOperations,"178,500,000","54,500,000","40,100,000","46,400,000","37,500,000","41,700,000","29,200,000","32,900,000","20,200,000","32,000,000","31,800,000","32,300,000","36,400,000","31,000,000","32,300,000","31,500,000","36,000,000","28,200,000","-2,300,000","26,500,000","27,200,000","21,700,000","17,500,000","21,900,000","28,600,000","16,200,000","-118,100,000","-25,700,000","19,300,000","11,600,000","-7,700,000","22,600,000","21,300,000","14,100,000","8,200,000","17,500,000","18,900,000","16,100,000","17,700,000","18,700,000","18,500,000","15,700,000","17,100,000","23,600,000","12,900,000","11,100,000","11,400,000","17,300,000","22,200,000","12,200,000","10,100,000","11,600,000","15,100,000","3,500,000","-3,400,000","16,800,000","20,000,000","13,900,000","21,686,000","18,174,000","17,693,000","20,047,000","18,139,000","21,324,000","22,543,000","15,087,000","15,196,000","13,439,000","13,988,000","12,397,000","9,859,000","13,830,000","14,025,000","11,024,000","9,838,000","9,019,000","8,680,000","8,936,000","7,160,000","8,773,000","8,633,000","8,056,000","4,439,000","7,809,000","7,035,000","7,273,000","7,534,000","7,670,000","8,027,000","7,940,000","9,000,000","7,400,000","6,900,000","7,300,000","12,400,000","12,100,000","14,000,000","13,600,000","13,600,000","11,500,000","12,900,000","11,800,000","12,300,000","4,800,000","-80,300,000","10,800,000","12,100,000","10,400,000","12,700,000","11,200,000","11,400,000","8,900,000","11,000,000","10,500,000","10,500,000","6,900,000","8,600,000","5,000,000","9,900,000","8,400,000","10,100,000","8,900,000","9,100,000","7,300,000","8,900,000","7,900,000","7,600,000","5,700,000","7,900,000","7,100,000","7,000,000","4,700,000","6,100,000","6,000,000","6,200,000","4,000,000","5,200,000","5,100,000","4,500,000","3,400,000","3,900,000","3,800,000","3,200,000","2,900,000","3,800,000","3,200,000","2,900,000"
			NetIncomeDiscontinuousOperations,,,,,,,,,,,,,,,,,,,,,,,,,,,,,,,"0","0","0","0","0","-2,100,000","0","0","-2,200,000","0","0",,"-100,000","100,000","1,700,000","0","-100,000","0","-100,000","-4,100,000","4,100,000","-8,200,000","-18,700,000","-100,000","-200,000","-100,000","-200,000","-200,000","-146,000","-80,000","81,000","-55,000","1,000","-3,137,000","-97,000","-124,000","-236,000","-71,000","-75,000","-39,000","-1,698,000","-125,000","-72,000","-23,000","-97,000","-114,000","-574,000","-2,326,000",,,,,,,,,,,,,"-700,000","-1,900,000",,"3,900,000",,,,,,"0",,,"3,300,000","1,300,000","1,000,000",,,,,,,,,,,,,,,,,,,,,,,,,,,,,,,,,,,,,,,,,,
			NetIncomeExtraordinary,,,,,,,,,,,,,,,,,,,,,,,,,,,,,,,,,,,,,,,,,,,,,,,,,,,,,,,,,,,,,,,,,,,,,,,,,,,,,,,,,,,,,,,,,,,,,,,,,,,,,,,,,,,,,,,,,,,,"0",,,,,,,,,,,,,,,,,,,,,,,,,,,,,,,
		MinorityInterests,,,,,,,,,,,,,,,,,,,,,,,,,,,,,,,,,,,,,,,,,,,,,,,,,,,"0","0","0","0",,,"700,000","1,200,000","915,000","775,000","832,000","278,000","1,697,000","273,000","-58,000","-84,000","-107,000","-106,000","-72,000","-65,000","-326,000","-371,000","-283,000","-223,000","15,000","410,000","17,000","21,000",,"-156,000","-71,000","-35,000",,"-59,000","-64,000","-53,000",,"-49,000","47,000",,,,,,,,,,,,,,,,,,,,,,,,,,,,,,,,,,,,,,,,,,,,,,,,,,,,,,,,,,
DilutedNIAvailtoComStockholders,"178,500,000","54,500,000","40,100,000","46,400,000","37,500,000","41,700,000","29,200,000","32,900,000","20,200,000","32,000,000","31,800,000","32,300,000","36,400,000","31,000,000","32,300,000","31,500,000","36,000,000","28,200,000","-2,300,000","26,500,000","27,200,000","21,700,000","17,500,000","21,900,000","28,600,000","16,200,000","-118,100,000","-25,700,000","19,300,000","11,600,000","-7,700,000","22,600,000","21,300,000","14,100,000","8,200,000","15,400,000","18,900,000","16,100,000","15,500,000","18,700,000","18,500,000","15,700,000","17,000,000","23,700,000","14,600,000","11,100,000","11,300,000","17,300,000","22,100,000","8,100,000","14,200,000","3,400,000","-3,600,000","3,400,000","-3,600,000","16,700,000","19,800,000","13,700,000","21,540,000","18,094,000","17,774,000","19,992,000","18,140,000","18,187,000","22,446,000","14,963,000","14,960,000","13,368,000","13,913,000","12,358,000","8,161,000","13,705,000","13,953,000","11,001,000","9,741,000","8,905,000","8,106,000","6,610,000","7,160,000","8,773,000","8,633,000","8,056,000","4,439,000","7,809,000","7,035,000","7,273,000","364,000","7,670,000","8,027,000","7,940,000","8,300,000","5,500,000","6,900,000","11,200,000","12,400,000","12,100,000","14,000,000","13,600,000","13,600,000","11,500,000","12,900,000","11,800,000","15,600,000","6,100,000","-79,300,000","10,800,000","12,100,000","10,400,000","12,700,000","11,200,000","11,400,000","8,900,000","11,000,000","10,500,000","10,500,000","6,900,000","8,600,000","5,000,000","9,900,000","8,400,000","10,100,000","8,900,000","9,100,000","7,300,000","8,900,000","7,900,000","7,600,000","5,700,000","7,900,000","7,100,000","7,000,000",,,,,,,,,,,,,,,,
BasicEPS,,"1.62","1.19","1.38","1.11","1.23","0.86","0.97","0.6","0.94","0.94","0.95","1.06","0.91","0.85","0.92","1.05","0.82","-0.07","0.77","0.79","0.63","0.51","0.63","0.83","0.47","-3.41","-0.73","0.55","0.33","-0.22","0.64","0.6","0.4","0.23","0.43","0.53","0.45","0.44","0.53","0.51","0.42",,"0.63","0.39","0.3",,"0.46","0.59","0.32",,"0.09","-0.1","0.09",,"0.46","0.54","0.38",,"0.47","0.46","0.52",,"0.56","0.69","0.46",,"0.41","0.43","0.38",,"0.42","0.43","0.34",,"0.33","0.3","0.24",,"0.33","0.32","0.3",,"0.29","0.27","0.27",,"0.29","0.3","0.3","0.31",,"0.26","0.42","0.46",,"0.52","0.5","0.5",,"0.48","0.43","0.57",,"-2.67","0.36","0.41",,"0.43","0.38","0.38",,"0.37","0.36","0.36",,"0.29","0.17","0.33",,"0.36","0.33","0.33",,"0.34","0.31","0.3",,"0.31","0.28","0.28",,"0.24","0.24","0.25",,"0.21","0.21","0.18",,"0.16","0.15","0.14",,"0.17","0.14","0.13"
DilutedEPS,,"1.61","1.18","1.37","1.11","1.23","0.86","0.97","0.59","0.94","0.93","0.94","1.06","0.91","0.85","0.92","1.05","0.82","-0.07","0.77","0.79","0.63","0.51","0.63","0.83","0.47","-3.41","-0.73","0.55","0.33","-0.22","0.64","0.6","0.4","0.23","0.43","0.53","0.45","0.44","0.53","0.51","0.42",,"0.63","0.39","0.29",,"0.46","0.59","0.32",,"0.09","-0.1","0.09",,"0.45","0.54","0.37",,"0.46","0.46","0.51",,"0.55","0.68","0.46",,"0.4","0.42","0.37",,"0.42","0.43","0.34",,"0.32","0.3","0.24",,"0.32","0.32","0.3",,"0.29","0.26","0.27",,"0.29","0.3","0.3","0.31",,"0.26","0.42","0.46",,"0.51","0.5","0.5",,"0.47","0.43","0.57",,"-2.67","0.36","0.41",,"0.43","0.38","0.38",,"0.37","0.36","0.36",,"0.29","0.17","0.33",,"0.35","0.32","0.32",,"0.33","0.3","0.29",,"0.3","0.28","0.28",,"0.24","0.24","0.25",,"0.21","0.21","0.18",,"0.16","0.15","0.14",,"0.17","0.14","0.13"
BasicAverageShares,,"33,700,000","33,700,000","33,700,000","33,800,000","33,800,000","33,800,000","33,800,000","33,800,000","34,000,000","34,000,000","34,000,000","34,100,000","34,200,000","34,300,000","34,300,000","34,400,000","34,300,000","34,400,000","34,400,000","34,500,000","34,400,000","34,400,000","34,500,000","34,500,000","34,400,000","34,700,000","35,000,000","35,000,000","35,100,000","35,300,000","35,300,000","35,300,000","35,400,000","35,500,000","35,400,000","35,500,000","35,500,000","35,400,000","35,100,000","36,500,000","36,900,000",,"37,400,000","37,600,000","37,500,000",,"37,500,000","37,200,000","37,100,000",,"37,000,000","37,000,000","36,900,000",,"36,500,000","36,600,000","36,900,000",,"38,728,000","38,659,000","38,981,000",,"32,707,000","32,654,000","32,591,000",,"32,525,000","32,475,000","32,408,000",,"32,320,000","32,265,000","32,136,000",,"27,306,000","27,210,000","27,065,000",,"26,717,000","26,637,000","26,532,000",,"26,527,000","26,500,000","26,464,000",,"26,404,000","26,393,000","26,474,000","26,774,194",,"26,538,462","26,666,667","26,956,522",,"26,923,077","27,200,000","27,200,000",,"26,875,000","27,441,860","27,368,421",,"29,700,375","30,000,000","29,512,195",,"29,534,884","29,473,684","30,000,000",,"29,729,730","29,166,667","29,166,667",,"29,655,172","29,411,765","30,000,000",,"28,055,556","26,969,697","27,575,758",,"26,176,471","25,483,871","25,333,333",,"25,483,871","25,357,143","25,000,000",,"25,148,000","25,148,000","25,148,000",,"25,148,000","25,148,000","25,148,000",,"25,148,000","25,148,000","25,148,000",,"23,148,000","23,148,000","23,148,000"
DilutedAverageShares,,"33,800,000","33,900,000","33,900,000","33,900,000","33,900,000","33,900,000","33,900,000","34,000,000","34,100,000","34,100,000","34,200,000","34,200,000","34,200,000","34,300,000","34,400,000","34,400,000","34,400,000","34,400,000","34,400,000","34,500,000","34,500,000","34,500,000","34,500,000","34,500,000","34,500,000","34,700,000","35,000,000","35,100,000","35,200,000","35,300,000","35,400,000","35,400,000","35,500,000","35,600,000","35,600,000","35,600,000","35,600,000","35,500,000","35,200,000","36,600,000","37,000,000",,"37,500,000","37,800,000","37,700,000",,"37,500,000","37,400,000","37,300,000",,"37,100,000","37,000,000","37,000,000",,"36,700,000","36,800,000","37,100,000",,"39,070,000","39,027,000","38,981,000",,"33,051,000","33,038,000","32,823,000",,"33,062,000","33,077,000","33,032,000",,"32,792,000","32,726,000","32,549,000",,"27,632,000","27,472,000","27,264,000",,"27,249,000","27,172,000","26,943,000",,"26,838,000","26,941,000","26,819,000",,"26,513,000","26,551,000","26,786,000","26,774,194",,"26,538,462","26,666,667","26,956,522",,"27,450,980","27,200,000","27,200,000",,"27,446,809","27,441,860","27,368,421",,"29,700,375","30,000,000","29,512,195",,"29,534,884","29,473,684","30,000,000",,"29,729,730","29,166,667","29,166,667",,"29,655,172","29,411,765","30,000,000",,"28,857,143","27,812,500","28,437,500",,"26,969,697","26,333,333","26,206,897",,"26,333,333","25,357,143","25,000,000",,"25,148,000","25,148,000","25,148,000",,"25,148,000","25,148,000","25,148,000",,"25,148,000","25,148,000","25,148,000",,"23,148,000","23,148,000","23,148,000"
TotalOperatingIncomeAsReported,"251,500,000","71,500,000","62,600,000","64,700,000","52,700,000","59,600,000","54,400,000","47,900,000","31,000,000","47,800,000","47,300,000","48,800,000","54,300,000","46,700,000","45,400,000","46,900,000","52,200,000","43,900,000","37,500,000","44,300,000","44,800,000","35,700,000","31,600,000","36,500,000","45,700,000","31,200,000","-117,500,000","-30,200,000","34,800,000","22,800,000","300,000","42,700,000","36,600,000","25,800,000","17,100,000","30,200,000","35,600,000","28,300,000","29,700,000","33,100,000","33,700,000","26,900,000","26,400,000","41,200,000","26,600,000","22,900,000","23,400,000","31,500,000","33,300,000","26,000,000","23,900,000","24,300,000","28,400,000","14,700,000","8,400,000","30,700,000","35,200,000","26,300,000","34,899,000","30,118,000","30,316,000","30,367,000","29,681,000","36,038,000","38,236,000","26,532,000","26,139,000","22,905,000","24,201,000","21,310,000","16,480,000","22,780,000","24,506,000","19,834,000","19,813,000","17,977,000","16,340,000","15,910,000","12,426,000","15,767,000","15,094,000","14,242,000","8,960,000","14,432,000","13,072,000","13,819,000","14,045,000","15,097,000","15,532,000","15,313,000","15,600,000","14,800,000","11,900,000","11,800,000","22,900,000","20,300,000","23,400,000","23,000,000","23,900,000","20,300,000","22,700,000","21,100,000","22,200,000","14,600,000","-6,200,000","21,000,000","22,900,000","18,600,000","23,300,000","21,300,000","20,900,000","16,500,000","19,900,000","19,000,000","19,100,000","12,500,000","15,700,000","16,900,000","17,000,000","14,400,000","18,400,000","16,500,000","15,000,000","10,900,000","15,400,000","13,900,000","13,100,000","9,500,000","13,700,000","11,600,000","11,800,000",,,,,,,,,,,,,,,,
TotalExpenses,"1,587,600,000","390,700,000","410,200,000","389,400,000","397,300,000","353,400,000","347,400,000","332,000,000","301,400,000","334,800,000","351,400,000","345,900,000","361,200,000","340,600,000","342,200,000","340,600,000","355,700,000","334,600,000","324,600,000","319,000,000","332,000,000","311,000,000","310,800,000","303,600,000","330,900,000","311,600,000","336,400,000","390,700,000","347,400,000","331,400,000","354,000,000","332,900,000","356,800,000","335,200,000","356,800,000","338,600,000","333,700,000","331,600,000","316,600,000","324,500,000","336,200,000","335,600,000","316,100,000","327,700,000","343,600,000","305,900,000","288,100,000","280,100,000","288,200,000","290,000,000","288,500,000","273,200,000","283,200,000","278,700,000","314,000,000","347,700,000","352,800,000","316,700,000","309,266,000","308,773,000","319,836,000","315,525,000","301,373,000","288,767,000","267,615,000","248,183,000","217,539,000","209,824,000","203,886,000","197,355,000","189,800,000","192,063,000","188,188,000","170,812,000","170,813,000","157,532,000","157,058,000","149,782,000","346,130,000","143,836,000","136,411,000","129,068,000","129,030,000","123,577,000","122,490,000","122,106,000","116,366,000","109,538,000","114,752,000","115,457,000","114,700,000","115,100,000","105,100,000","102,500,000","171,000,000","167,400,000","160,200,000","156,200,000","155,600,000","165,600,000","161,500,000","153,100,000","153,800,000","155,800,000","166,000,000","156,000,000","152,400,000","153,000,000","151,100,000","137,700,000","131,800,000","110,200,000","113,600,000","108,700,000","111,500,000","110,000,000","104,100,000","97,000,000","92,600,000","97,000,000","91,800,000","91,600,000","79,100,000","76,500,000","79,300,000","73,900,000","67,900,000","64,900,000","64,900,000","59,600,000","55,900,000",,,,,,,,,,,,,,,,
NetIncomeFromContinuingAndDiscontinuedOperation,"178,500,000","54,500,000","40,100,000","46,400,000","37,500,000","41,700,000","29,200,000","32,900,000","20,200,000","32,000,000","31,800,000","32,300,000","36,400,000","31,000,000","32,300,000","31,500,000","36,000,000","28,200,000","-2,300,000","26,500,000","27,200,000","21,700,000","17,500,000","21,900,000","28,600,000","16,200,000","-118,100,000","-25,700,000","19,300,000","11,600,000","-7,700,000","22,600,000","21,300,000","14,100,000","8,200,000","15,400,000","18,900,000","16,100,000","15,500,000","18,700,000","18,500,000","15,700,000","17,000,000","23,700,000","14,600,000","11,100,000","11,300,000","17,300,000","22,100,000","8,100,000","14,200,000","3,400,000","-3,600,000","3,400,000","-3,600,000","16,700,000","19,800,000","13,700,000","21,540,000","18,094,000","17,774,000","19,992,000","18,140,000","18,187,000","22,446,000","14,963,000","14,960,000","13,368,000","13,913,000","12,358,000","8,161,000","13,705,000","13,953,000","11,001,000","9,741,000","8,905,000","8,106,000","6,610,000","7,160,000","8,773,000","8,633,000","8,056,000","4,439,000","7,809,000","7,035,000","7,273,000","364,000","7,670,000","8,027,000","7,940,000","8,300,000","5,500,000","6,900,000","11,200,000","12,400,000","12,100,000","14,000,000","13,600,000","13,600,000","11,500,000","12,900,000","11,800,000","15,600,000","6,100,000","-79,300,000","10,800,000","12,100,000","10,400,000","12,700,000","11,200,000","11,400,000","8,900,000","11,000,000","10,500,000","10,500,000","6,900,000","8,600,000","5,000,000","9,900,000","8,400,000","10,100,000","8,900,000","9,100,000","7,300,000","8,900,000","7,900,000","7,600,000","5,700,000","7,900,000","7,100,000","7,000,000",,,,,,,,,,,,,,,,
NormalizedIncome,"193,006,298.253","55,280,000","40,823,114.754","47,057,900","49,825,000","41,916,000","30,368,000","35,904,000","24,830,500","32,000,000","32,951,131.222","32,300,000","37,332,100","32,016,400","32,300,000","33,934,400","36,000,000","28,200,000","220,000","27,439,400","28,361,100","22,052,500","17,241,697.417","22,576,000","24,799,500","17,042,800","16,954,470.878","-21,547,200","22,373,800","12,938,000","6,730,000","22,848,400","23,031,600","16,972,800","9,723,893.805","19,609,000","20,208,000","17,688,400","21,009,130.435","20,725,270.758","19,298,561.151","16,276,146.789","32,891,326.531","24,672,727.273","16,935,384.615","11,874,418.605","16,728,260.87","18,957,088.123","23,664,583.333","14,215,000","16,990,000","15,370,000","15,625,217.391","4,150,000","14,540,000","17,910,743.802","21,649,484.536","16,018,095.238","22,883,067.747","19,647,187.852","18,093,065.667","20,725,074.369","18,467,726.912","21,169,659.757","18,264,691.422","14,979,114.284","15,544,748.136","13,200,953.197","13,991,818.207","12,575,304.132","10,891,938.55","13,577,754.289","13,877,112.339","10,868,414.295","10,472,589.498","9,032,800","8,694,993.522","8,896,494.01","7,284,538.4","8,884,267.317","8,503,121.859","8,111,276.074","6,128,810.691","7,987,305.831","7,005,622.216","7,402,506.821","7,605,009.678","8,027,975.349","8,371,230.443","8,242,214.533","9,066,666.667","7,400,000","6,900,000","7,300,000","12,336,410.256","11,831,111.111","13,479,069.767","13,600,000","13,860,287.081","11,836,257.31","12,647,058.824","11,800,000","12,236,597.938","8,470,588.235","-7,539,082.969","10,922,033.898","12,285,204.082","10,810,526.316","12,216,190.476","11,381,621.622","11,098,412.698","8,659,459.459","10,755,555.556","10,315,789.474","10,196,531.792","7,033,980.583","7,880,000","8,827,160.494","9,105,555.556","7,541,605.839","9,613,253.012","8,900,000","8,419,047.619","6,157,391.304","8,531,724.138","7,596,153.846","7,109,677.419","5,302,325.581","7,474,615.385","6,346,017.699","6,380,530.973",,,,,,,,,,,,,,,,
InterestIncome,"100,000","100,000","0","0","0","0","0","0","100,000","100,000","100,000","100,000","100,000","100,000","200,000","100,000","100,000","400,000","400,000","200,000","200,000","200,000","200,000","300,000","300,000","200,000","300,000","300,000","200,000","200,000","300,000","100,000","200,000","100,000","200,000","100,000","200,000","100,000","200,000","100,000","200,000","200,000","300,000","200,000","200,000","300,000","300,000","200,000","300,000","200,000","100,000","300,000","300,000","200,000",,,,,,,,,,,,,,,,,,,,,,,,,,,,,,,,,,,,,,,,,,,,,,,,,,,,,,,,,,,,,,,,,,,,,,,,,,,,,,,,,,,,,,,,,,,,,
InterestExpense,"5,700,000","1,400,000","1,400,000","1,400,000","1,500,000","2,000,000","3,300,000","3,000,000","4,000,000","3,000,000","3,300,000","3,500,000","3,700,000","3,600,000","3,700,000","3,900,000","4,400,000","4,300,000","4,600,000","4,700,000","5,000,000","4,800,000","5,500,000","4,900,000","5,500,000","6,700,000","6,300,000","6,200,000","5,900,000","5,900,000","5,300,000","4,800,000","4,900,000","4,900,000","4,900,000","5,100,000","5,500,000","6,000,000","6,200,000","6,100,000","6,100,000","6,200,000","6,700,000","6,500,000","6,700,000","5,900,000","6,100,000","6,100,000","5,400,000","5,200,000","5,200,000","5,500,000","5,700,000","5,600,000",,,,,,,,,,,,,,,,,,,,,,,,,,,,,,,,,,,,,,,,,,,,,,,,,,,,,,,,,,,,,,,,,,,,,,,,,,,,,,,,,,,,,,,,,,,,,
NetInterestIncome,"-5,600,000","-1,300,000","-1,400,000","-1,400,000","-1,500,000","-2,000,000","-3,300,000","-3,000,000","-3,900,000","-2,900,000","-3,200,000","-3,400,000","-3,600,000","-3,500,000","-3,500,000","-3,800,000","-4,300,000","-3,900,000","-4,200,000","-4,500,000","-4,800,000","-4,600,000","-5,300,000","-4,600,000","-5,200,000","-6,500,000","-6,000,000","-5,900,000","-5,700,000","-5,700,000","-5,000,000","-4,700,000","-4,700,000","-4,800,000","-4,700,000","-5,000,000","-5,300,000","-5,900,000","-6,000,000","-6,000,000","-5,900,000","-6,000,000","-6,400,000","-6,300,000","-6,500,000","-5,600,000","-5,800,000","-5,900,000","-5,100,000","-5,000,000","-5,100,000","-5,200,000","-5,400,000","-5,400,000",,,,,,,,,,,,,,,,,,,,,,,,,,,,,,,,,,,,,,,,,,,,,,,,,,,,,,,,,,,,,,,,,,,,,,,,,,,,,,,,,,,,,,,,,,,,,
EBIT,"251,800,000","71,300,000","62,400,000","64,900,000","53,200,000","59,900,000","54,400,000","46,800,000","31,500,000","47,600,000","47,500,000","49,700,000","54,500,000","46,300,000","45,300,000","47,900,000","54,100,000","43,600,000","37,600,000","44,200,000","44,800,000","35,600,000","32,600,000","37,300,000","46,900,000","33,600,000","-115,600,000","-29,700,000","35,400,000","23,200,000","-600,000","41,200,000","36,900,000","25,500,000","16,200,000","30,000,000","34,400,000","28,400,000","29,200,000","33,800,000","33,900,000","28,000,000","26,300,000","41,700,000","26,200,000","23,100,000","24,500,000","32,200,000","34,200,000","26,400,000","24,200,000","25,100,000","28,700,000","15,400,000","3,400,000","31,600,000","36,200,000","27,300,000","36,033,000","31,714,000","30,586,000","30,567,000","29,142,000","36,370,000","32,560,000","26,767,000","26,868,000","22,905,000","24,297,000","21,672,000","16,575,000","22,780,000","24,506,000","19,834,000","20,125,000","17,977,000","16,454,000","15,910,000","-185,240,000","15,975,000","15,094,000","14,252,000","10,414,000","14,432,000","13,072,000","13,819,000","14,045,000","15,097,000","15,532,000","15,313,000","15,600,000","14,800,000","11,900,000","11,800,000","22,900,000","20,300,000","23,400,000","23,000,000","23,900,000","20,300,000","22,700,000","21,100,000","22,200,000","14,600,000","-6,200,000","21,000,000","22,900,000","18,600,000","23,300,000","21,300,000","20,900,000","16,500,000","19,900,000","19,000,000","19,100,000","12,500,000","15,700,000","16,900,000","17,000,000","14,400,000","18,400,000","16,500,000","15,000,000","10,900,000","15,400,000","13,900,000","13,100,000","9,500,000","13,700,000","11,600,000","11,800,000","-130,400,000","58,000,000","55,200,000","55,300,000","-102,700,000","48,800,000","44,300,000","41,800,000","-79,700,000","39,900,000","35,200,000","32,800,000","-78,900,000","36,600,000","34,300,000","32,000,000"
EBITDA,"295,400,000"
ReconciledCostOfRevenue,"1,067,100,000","264,600,000","274,600,000","261,000,000","266,900,000","239,600,000","234,200,000","225,400,000","203,800,000","219,800,000","230,200,000","226,100,000","242,200,000","224,500,000","221,700,000","226,400,000","238,500,000","221,800,000","217,100,000","212,000,000","221,800,000","203,400,000","204,300,000","199,100,000","220,400,000","209,000,000","223,700,000","224,100,000","241,100,000","225,700,000","245,100,000","237,900,000","257,000,000","231,900,000","245,100,000","237,900,000","237,600,000","232,600,000","223,200,000","231,000,000","239,300,000","234,600,000","231,700,000","235,100,000","245,400,000","208,900,000","203,800,000","200,800,000","203,400,000","201,700,000","203,700,000","194,400,000","201,900,000","197,700,000","229,700,000","255,400,000","256,300,000","229,600,000","223,462,000","230,031,000","235,781,000","231,426,000","219,593,000","213,218,000","193,816,000","179,132,000","158,079,000","152,916,000","147,000,000","141,649,000","133,033,000","139,828,000","136,305,000","124,831,000","123,979,000","116,136,000","114,947,000","109,928,000","107,388,000","106,304,000","99,273,000","93,841,000","95,868,000","91,066,000","89,213,000","89,261,000","77,843,000","74,787,000","78,913,000","79,182,000","78,400,000","77,300,000","70,900,000","71,900,000","120,200,000","119,100,000","113,700,000","109,600,000","110,100,000","120,900,000","113,800,000","109,400,000","110,100,000","111,800,000","111,400,000","108,800,000","106,400,000","107,300,000","106,300,000","95,500,000","91,000,000","74,000,000","77,200,000","73,200,000","75,600,000","72,800,000","69,900,000","64,900,000","63,900,000","66,100,000","62,600,000","62,100,000","54,500,000","52,000,000","54,200,000","50,200,000","47,000,000","43,000,000","43,700,000","40,200,000","38,200,000",,,,,,,,,,,,,,,,
ReconciledDepreciation,"43,600,000","10,300,000","11,100,000","10,700,000","11,500,000","11,800,000","11,800,000","11,800,000","11,500,000","11,400,000","12,300,000","11,500,000","11,400,000","11,400,000","11,800,000","11,700,000","12,300,000","12,700,000","13,500,000","13,000,000","13,600,000","12,100,000","13,200,000","13,100,000","12,500,000","12,400,000","12,800,000","13,800,000","12,900,000","13,000,000","12,300,000","11,800,000","12,100,000","11,900,000","12,500,000","11,700,000","12,300,000","12,400,000","12,300,000","12,000,000","12,500,000","12,600,000","13,300,000","12,700,000","14,100,000","11,300,000","11,800,000","10,500,000","10,900,000","11,600,000","12,400,000","11,600,000","11,600,000","11,200,000","11,100,000","12,500,000","11,500,000","10,000,000","9,905,000","9,771,000","9,352,000","10,372,000","9,712,000","8,681,000","9,400,000","7,498,000","6,150,000","6,742,000","6,228,000","6,998,000","6,702,000","7,160,000","7,095,000","7,094,000","4,257,000","5,362,000","5,963,000","5,702,000","4,863,000","5,845,000","5,776,000","5,810,000","6,279,000","5,779,000","5,688,000","5,929,000","4,921,000","5,013,000","5,042,000","5,095,000","5,000,000","4,700,000","4,200,000","1,600,000","6,900,000","6,100,000","5,700,000","5,900,000","5,500,000","3,800,000","6,700,000","4,700,000","5,600,000","4,100,000","3,500,000","7,000,000","7,000,000","6,400,000","6,200,000","6,000,000","6,000,000","5,800,000","5,600,000","5,200,000","5,800,000","5,800,000","5,100,000","5,100,000","4,600,000","4,500,000","4,800,000","4,600,000","3,700,000","3,200,000","3,800,000","3,600,000","3,000,000","3,100,000","3,000,000","2,800,000","2,700,000",,,,,,,,,,,,,,,,
NetIncomeFromContinuingOperationNetMinorityInterest,"178,500,000","54,500,000","40,100,000","46,400,000","37,500,000","41,700,000","29,200,000","32,900,000","20,200,000","32,000,000","31,800,000","32,300,000","36,400,000","31,000,000","32,300,000","31,500,000","36,000,000","28,200,000","-2,300,000","26,500,000","27,200,000","21,700,000","17,500,000","21,900,000","28,600,000","16,200,000","-118,100,000","-25,700,000","19,300,000","11,600,000","-7,700,000","22,600,000","21,300,000","14,100,000","8,200,000","17,500,000","18,900,000","16,100,000","17,700,000","18,700,000","18,500,000","15,700,000","17,100,000","23,600,000","12,900,000","11,100,000","11,400,000","17,300,000","22,200,000","12,200,000","10,100,000","11,600,000","15,100,000","3,500,000","-3,400,000","16,800,000","20,000,000","13,900,000","21,686,000","18,174,000","17,693,000","20,047,000","18,139,000","21,324,000","22,543,000","15,087,000","15,196,000","13,439,000","13,988,000","12,397,000","9,859,000","13,830,000","14,025,000","11,024,000","9,838,000","9,019,000","8,680,000","8,936,000","7,160,000","8,773,000","8,633,000","8,056,000","4,439,000","7,809,000","7,035,000","7,273,000","7,534,000","7,670,000","8,027,000","7,940,000","9,000,000","7,400,000","6,900,000","7,300,000","12,400,000","12,100,000","14,000,000","13,600,000","13,600,000","11,500,000","12,900,000","11,800,000","12,300,000","4,800,000","-80,300,000","10,800,000","12,100,000","10,400,000","12,700,000","11,200,000","11,400,000","8,900,000","11,000,000","10,500,000","10,500,000","6,900,000","8,600,000","5,000,000","9,900,000","8,400,000","10,100,000","8,900,000","9,100,000","7,300,000","8,900,000","7,900,000","7,600,000","5,700,000","7,900,000","7,100,000","7,000,000",,,,,,,,,,,,,,,,
TotalUnusualItemsExcludingGoodwill,"-20,000,000","-1,000,000","-1,100,000","-900,000","-17,000,000","-300,000","-1,600,000","-4,000,000","-6,300,000","0","-1,600,000","0","-1,300,000","-1,400,000","0","-3,400,000","0","0","-4,200,000","-1,400,000","-1,700,000","-500,000","400,000","-1,000,000","5,500,000","-1,400,000","-139,400,000","-5,800,000","-4,700,000","-2,000,000","-22,200,000","-400,000","-2,600,000","-4,200,000","-2,100,000","-3,000,000","-2,000,000","-2,200,000","-4,300,000","-3,000,000","-1,200,000","-800,000","-18,100,000","-1,600,000","-6,100,000","-1,200,000","-8,600,000","-2,500,000","-1,900,000","-3,100,000","-10,600,000","-5,800,000","-800,000","-1,000,000","-27,600,000","-1,600,000","-2,400,000","-3,200,000","-1,751,000","-2,202,000","-626,000","-921,000","-479,000","228,000","6,662,000","165,000","-548,000","369,000","-6,000","-275,000","-1,241,000","371,000","231,000","248,000","-1,022,000","-23,000","-24,000","62,000","-195,000","-169,000","200,000","-85,000","-2,407,000","-269,000","45,000","-201,000","-112,000","-568,000","-546,000","-473,000","-100,000",,,,"100,000","400,000","800,000",,"-400,000","-500,000","400,000",,"100,000","-5,200,000","-83,000,000","-200,000","-300,000","-600,000","800,000","-300,000","500,000","400,000","400,000","300,000","500,000","-200,000","1,200,000","-6,200,000","1,300,000","1,400,000","800,000",,"1,100,000","1,800,000","600,000","500,000","800,000","600,000","700,000","1,200,000","1,000,000",,,,,,,,,,,,,,,,
TotalUnusualItems,"-20,000,000","-1,000,000","-1,100,000","-900,000","-17,000,000","-300,000","-1,600,000","-4,000,000","-6,300,000","0","-1,600,000","0","-1,300,000","-1,400,000","0","-3,400,000","0","0","-4,200,000","-1,400,000","-1,700,000","-500,000","400,000","-1,000,000","5,500,000","-1,400,000","-139,400,000","-5,800,000","-4,700,000","-2,000,000","-22,200,000","-400,000","-2,600,000","-4,200,000","-2,100,000","-3,000,000","-2,000,000","-2,200,000","-4,300,000","-3,000,000","-1,200,000","-800,000","-18,100,000","-1,600,000","-6,100,000","-1,200,000","-8,600,000","-2,500,000","-1,900,000","-3,100,000","-10,600,000","-5,800,000","-800,000","-1,000,000","-27,600,000","-1,600,000","-2,400,000","-3,200,000","-1,751,000","-2,202,000","-626,000","-921,000","-479,000","228,000","6,662,000","165,000","-548,000","369,000","-6,000","-275,000","-1,241,000","371,000","231,000","248,000","-1,022,000","-23,000","-24,000","62,000","-195,000","-169,000","200,000","-85,000","-2,407,000","-269,000","45,000","-201,000","-112,000","-568,000","-546,000","-473,000","-100,000",,,,"100,000","400,000","800,000",,"-400,000","-500,000","400,000",,"100,000","-5,200,000","-83,000,000","-200,000","-300,000","-600,000","800,000","-300,000","500,000","400,000","400,000","300,000","500,000","-200,000","1,200,000","-6,200,000","1,300,000","1,400,000","800,000",,"1,100,000","1,800,000","600,000","500,000","800,000","600,000","700,000","1,200,000","1,000,000",,,,,,,,,,,,,,,,
NormalizedEBITDA,"315,400,000","82,600,000","74,600,000","76,500,000","81,700,000","72,000,000","67,800,000","62,600,000","49,300,000","59,000,000","61,400,000","61,200,000","67,200,000","59,100,000","57,100,000","63,000,000","66,400,000","56,300,000","55,300,000","58,600,000","60,100,000","48,200,000","45,400,000","51,400,000","53,900,000","47,400,000","36,600,000","-10,100,000","53,000,000","38,200,000","33,900,000","53,400,000","51,600,000","41,600,000","30,800,000","44,700,000","48,700,000","43,000,000","45,800,000","48,800,000","47,600,000","41,400,000","57,700,000","56,000,000","46,400,000","35,600,000","44,900,000","45,200,000","47,000,000","41,100,000","47,200,000","42,500,000","41,100,000","27,600,000","42,100,000","45,700,000","50,100,000","40,500,000","47,689,000","43,687,000","40,564,000","41,860,000","39,333,000","44,823,000","35,298,000","34,100,000","33,566,000","29,278,000","30,531,000","28,945,000","24,518,000","29,569,000","31,370,000","26,680,000","25,404,000","23,362,000","22,441,000","21,550,000","-180,182,000","21,989,000","20,670,000","20,147,000","19,100,000","20,480,000","18,715,000","19,949,000","19,078,000","20,678,000","21,120,000","20,881,000","20,700,000","19,500,000","16,100,000","13,400,000","29,700,000","26,000,000","28,300,000","28,900,000","29,800,000","24,600,000","29,000,000","25,800,000","27,700,000","23,900,000","80,300,000","28,200,000","30,200,000","25,600,000","28,700,000","27,600,000","26,400,000","21,900,000","25,100,000","24,200,000","24,400,000","18,500,000","19,900,000","28,200,000","20,300,000","17,500,000","22,400,000","21,100,000","17,600,000","12,300,000","18,600,000","17,000,000","15,300,000","12,000,000","16,000,000","13,200,000","13,500,000","-130,400,000","58,000,000","55,200,000","55,300,000","-102,700,000","48,800,000","44,300,000","41,800,000","-79,700,000","39,900,000","35,200,000","32,800,000","-78,900,000","36,600,000","34,300,000","32,000,000"
TaxRateForCalcs,"0.275","0.22","0.343","0.269","0.275","0.28","0.27","0.249","0.265","0.283","0.281","0.301","0.283","0.274","0.224","0.284","0.276","0.282","0.4","0.329","0.317","0.295","0.354","0.324","0.309","0.398","0.031","0.284","0.346","0.331","0.35","0.379","0.334","0.316","0.274","0.297","0.346","0.278","0.23","0.325","0.335","0.28","0.128","0.33","0.338","0.355","0.38","0.337","0.229","0.35","0.35","0.35","0.343","0.35","0.35","0.306","0.313","0.338","0.316","0.331","0.361","0.264","0.314","0.323","0.358","0.346","0.364","0.355","0.364","0.352","0.168","0.32","0.36","0.373","0.379","0.4","0.375","0.363","0.361","0.342","0.351","0.35","0.298","0.337","0.347","0.356","0.366","0.37","0.37","0.361","0.333","0.393","0.337","0.318","0.364","0.328","0.349","0.34","0.349","0.327","0.368","0.366","0.366","0.294","0.123","0.39","0.383","0.316","0.395","0.395","0.397","0.399","0.389","0.386","0.393","0.33","0.4","0.383","0.389","0.387","0.392","0.399","0.381","0.365","0.386","0.392","0.387","0.337","0.392","0.372","0.381",,,,,,,,,,,,,,,,
TaxEffectOfUnusualItems,"-5,493,701.747","-220,000","-376,885.246","-242,100","-4,675,000","-84,000","-432,000","-996,000","-1,669,500","0","-448,868.778","0","-367,900","-383,600","0","-965,600","0","0","-1,680,000","-460,600","-538,900","-147,500","141,697.417","-324,000","1,699,500","-557,200","-4,345,529.122","-1,647,200","-1,626,200","-662,000","-7,770,000","-151,600","-868,400","-1,327,200","-576,106.195","-891,000","-692,000","-611,600","-990,869.565","-974,729.242","-401,438.849","-223,853.211","-2,308,673.469","-527,272.727","-2,064,615.385","-425,581.395","-3,271,739.13","-842,911.877","-435,416.667","-1,085,000","-3,710,000","-2,030,000","-274,782.609","-350,000","-9,660,000","-489,256.198","-750,515.464","-1,081,904.762","-553,932.253","-728,812.148","-225,934.333","-242,925.631","-150,273.088","73,659.757","2,383,691.422","57,114.284","-199,251.864","130,953.197","-2,181.793","-96,695.868","-208,061.45","118,754.289","83,112.339","92,414.295","-387,410.502","-9,200","-9,006.478","22,494.01","-70,461.6","-57,732.683","70,121.859","-29,723.926","-717,189.309","-90,694.169","15,622.216","-71,493.179","-40,990.322","-210,024.651","-201,769.557","-170,785.467","-33,333.333","0","0","0","36,410.256","131,111.111","279,069.767","0","-139,712.919","-163,742.69","147,058.824","0","36,597.938","-1,529,411.765","-10,239,082.969","-77,966.102","-114,795.918","-189,473.684","316,190.476","-118,378.378","198,412.698","159,459.459","155,555.556","115,789.474","196,531.792","-66,019.417","480,000","-2,372,839.506","505,555.556","541,605.839","313,253.012","0","419,047.619","657,391.304","231,724.138","196,153.846","309,677.419","202,325.581","274,615.385","446,017.699","380,530.973",,,,,,,,,,,,,,,,