name,ttm,03/31/2022,12/31/2021,09/30/2021,06/30/2021,03/31/2021,12/31/2020,09/30/2020,06/30/2020,03/31/2020,12/31/2019,09/30/2019,06/30/2019,03/31/2019,12/31/2018,09/30/2018,06/30/2018,03/31/2018,12/31/2017,09/30/2017,06/30/2017,03/31/2017,12/31/2016,09/30/2016,06/30/2016,03/31/2016,12/31/2015,09/30/2015,06/30/2015,03/31/2015,12/31/2014,09/30/2014,06/30/2014,03/31/2014,12/31/2013,09/30/2013,06/30/2013,03/31/2013,12/31/2012,09/30/2012,06/30/2012,03/31/2012,12/31/2011,09/30/2011,06/30/2011,03/31/2011,12/31/2010,09/30/2010,06/30/2010,03/31/2010,12/31/2009,09/30/2009,06/30/2009,03/31/2009,12/31/2008,09/30/2008,06/30/2008,03/31/2008,12/31/2007,09/30/2007,06/30/2007,03/31/2007,12/31/2006,09/30/2006,06/30/2006,03/31/2006,12/31/2005,09/30/2005,06/30/2005,03/31/2005,12/31/2004,09/30/2004,06/30/2004,03/31/2004,12/31/2003,09/30/2003,06/30/2003,03/31/2003,12/31/2002,09/30/2002,06/30/2002,03/31/2002,12/31/2001,09/30/2001,06/30/2001,03/31/2001,12/31/2000,09/30/2000,06/30/2000,03/31/2000,12/31/1999,09/30/1999,06/30/1999,03/31/1999,12/31/1998,09/30/1998,06/30/1998,03/31/1998,12/31/1997,09/30/1997,06/30/1997,03/31/1997,12/31/1996,09/30/1996,06/30/1996,03/31/1996,12/31/1995,09/30/1995,06/30/1995,03/31/1995,12/31/1994,09/30/1994,06/30/1994,03/31/1994,12/31/1993,09/30/1993,06/30/1993,03/31/1993,12/31/1992,09/30/1992,06/30/1992,03/31/1992,12/31/1991,09/30/1991,06/30/1991,03/31/1991,12/31/1990,09/30/1990,06/30/1990,03/31/1990,12/31/1989,09/30/1989,06/30/1989,03/31/1989,12/31/1988,09/30/1988,06/30/1988,03/31/1988,12/31/1987,09/30/1987,06/30/1987,03/31/1987,12/31/1986,09/30/1986,06/30/1986,03/31/1986,12/31/1985,09/30/1985
TotalRevenue,"2,519,000,000","614,800,000","635,600,000","636,700,000","631,900,000","510,700,000","509,600,000","493,100,000","349,100,000","439,300,000","607,400,000","574,300,000","568,600,000","523,400,000","579,600,000","558,600,000","566,900,000","534,100,000","578,600,000","581,300,000","598,800,000","591,300,000","729,600,000","603,700,000","583,700,000","577,600,000","751,200,000","678,900,000","630,100,000","631,400,000","808,900,000","711,100,000","613,500,000","627,600,000","740,800,000","716,600,000","587,800,000","645,900,000","652,243,000","353,067,000","312,720,000","322,807,000","406,467,000","361,590,000","310,139,000","330,872,000","385,025,000","320,396,000","258,199,000","284,897,000","312,530,000","286,764,000","246,438,000","255,324,000","346,116,000","318,852,000","267,362,000","288,238,000","357,423,000","310,168,000","250,329,000","281,052,000","341,737,000","298,856,000","238,457,000","262,839,000","321,002,000","279,116,000","215,706,000","245,175,000","307,368,000","260,897,000","198,774,000","224,871,000","282,830,000","230,571,000","184,040,000","191,485,000","261,356,000","219,197,000","169,276,000","177,277,000","223,969,000","186,175,000","151,699,000","158,223,000","237,834,000","175,529,000","140,558,000","147,370,000","227,500,000","170,500,000","131,400,000","136,200,000","214,300,000","164,500,000","142,000,000","148,500,000","245,800,000","162,200,000","127,800,000","129,300,000","212,500,000","120,400,000","94,200,000","83,800,000","150,900,000","100,500,000","86,300,000","76,300,000","134,300,000","94,300,000","81,400,000","68,500,000","120,000,000","81,300,000","65,900,000","65,900,000","68,200,000","86,500,000","71,900,000","66,500,000","104,300,000","80,200,000","65,900,000","63,400,000","102,000,000","82,900,000","69,300,000","68,100,000","107,900,000","85,300,000","66,200,000","64,200,000","102,300,000","83,500,000","65,200,000","72,800,000","105,900,000","79,300,000","64,300,000","71,600,000","109,400,000","89,000,000","68,900,000","74,400,000","126,900,000","98,700,000"
	OperatingRevenue,"2,519,000,000","614,800,000","635,600,000","636,700,000","631,900,000","510,700,000","509,600,000","493,100,000","349,100,000","439,300,000","607,400,000","574,300,000","568,600,000","523,400,000","579,600,000","558,600,000","566,900,000","534,100,000","578,600,000","581,300,000","598,800,000","591,300,000","729,600,000","603,700,000","583,700,000","577,600,000","751,200,000","678,900,000","630,100,000","631,400,000","808,900,000","711,100,000","613,500,000","627,600,000","740,800,000","716,600,000","587,800,000","645,900,000","652,243,000","353,067,000","312,720,000","322,807,000","406,467,000","361,590,000","310,139,000","330,872,000","385,025,000","320,396,000","258,199,000","284,897,000","312,530,000","286,764,000","246,438,000","255,324,000","346,116,000","318,852,000","267,362,000","288,238,000","357,423,000","310,168,000","250,329,000","281,052,000","341,737,000","298,856,000","238,457,000","262,839,000","321,002,000","279,116,000","215,706,000","245,175,000","307,368,000","260,897,000","198,774,000","224,871,000","282,830,000","230,571,000","184,040,000","191,485,000","261,356,000","219,197,000","169,276,000","177,277,000","223,969,000","186,175,000","151,699,000","158,223,000","237,834,000","175,529,000","140,558,000","147,370,000","227,500,000","170,500,000","131,400,000","136,200,000","214,300,000","164,500,000","142,000,000","148,500,000","245,800,000","162,200,000","127,800,000","129,300,000","212,500,000","120,400,000","94,200,000","83,800,000","150,900,000","100,500,000","86,300,000","76,300,000","134,300,000","94,300,000","81,400,000","68,500,000","120,000,000","81,300,000","65,900,000","65,900,000","68,200,000","86,500,000","71,900,000","66,500,000","104,300,000","80,200,000","65,900,000","63,400,000","102,000,000","82,900,000","69,300,000","68,100,000","107,900,000","85,300,000","66,200,000","64,200,000","102,300,000","83,500,000","65,200,000","72,800,000","105,900,000","79,300,000","64,300,000","71,600,000","109,400,000","89,000,000","68,900,000","74,400,000","126,900,000","98,700,000"
CostOfRevenue,"1,450,100,000","353,500,000","373,200,000","361,900,000","361,500,000","288,400,000","305,000,000","291,100,000","201,900,000","257,500,000","377,500,000","331,000,000","338,200,000","303,200,000","352,500,000","326,500,000","332,700,000","306,200,000","356,500,000","350,600,000","371,900,000","356,600,000","462,400,000","366,400,000","357,100,000","348,800,000","479,000,000","407,200,000","383,700,000","370,000,000","508,800,000","426,400,000","367,800,000","371,800,000","465,400,000","430,600,000","346,700,000","383,800,000","412,902,000","214,512,000","194,650,000","190,614,000","256,313,000","214,907,000","188,022,000","193,075,000","242,292,000","191,825,000","154,093,000","166,327,000","189,756,000","172,799,000","153,380,000","152,381,000","212,785,000","190,122,000","164,963,000","166,677,000","219,973,000","185,216,000","154,801,000","167,051,000","214,020,000","181,314,000","148,052,000","156,964,000","205,324,000","170,455,000","131,252,000","148,769,000","192,364,000","162,720,000","123,260,000","139,430,000","177,876,000","143,857,000","118,316,000","122,289,000","168,869,000","141,179,000","107,655,000","115,175,000","143,326,000","118,377,000","96,430,000","104,897,000","138,910,000","130,058,000","91,769,000","98,886,000","138,400,000","117,800,000","92,700,000","93,200,000","136,700,000","111,700,000","93,300,000","102,000,000","162,600,000","112,600,000","85,900,000","90,700,000","142,800,000","83,800,000","63,300,000","58,200,000","103,900,000","70,200,000","57,700,000","52,800,000","85,600,000","65,900,000","55,900,000","46,000,000","79,400,000","57,900,000","44,800,000","45,900,000","44,300,000","61,400,000","50,900,000","45,200,000","65,900,000","54,600,000","45,600,000","42,800,000","66,900,000","58,500,000","47,200,000","46,900,000","73,300,000","58,900,000",,,,,,,,,,,,,,,,
GrossProfit,"1,068,900,000","261,300,000","262,400,000","274,800,000","270,400,000","222,300,000","204,600,000","202,000,000","147,200,000","181,800,000","229,900,000","243,300,000","230,400,000","220,200,000","227,100,000","232,100,000","234,200,000","227,900,000","222,100,000","230,700,000","226,900,000","234,700,000","267,200,000","237,300,000","226,600,000","228,800,000","272,200,000","271,700,000","246,400,000","261,400,000","300,100,000","284,700,000","245,700,000","255,800,000","275,400,000","286,000,000","241,100,000","262,100,000","239,341,000","138,555,000","118,070,000","132,193,000","150,154,000","146,683,000","122,117,000","137,797,000","142,733,000","128,571,000","104,106,000","118,570,000","122,774,000","113,965,000","92,040,000","102,943,000","133,331,000","128,730,000","102,399,000","121,561,000","137,450,000","124,952,000","95,528,000","114,001,000","127,717,000","117,542,000","90,405,000","105,875,000","115,678,000","108,661,000","84,454,000","96,406,000","115,004,000","98,177,000","75,514,000","85,441,000","104,954,000","86,714,000","65,724,000","69,196,000","92,487,000","78,018,000","61,621,000","62,102,000","80,643,000","67,798,000","55,269,000","53,326,000","98,924,000","45,471,000","48,789,000","48,484,000","89,100,000","52,700,000","38,700,000","43,000,000","77,600,000","52,800,000","48,700,000","46,500,000","83,200,000","49,600,000","41,900,000","38,600,000","69,700,000","36,600,000","30,900,000","25,600,000","47,000,000","30,300,000","28,600,000","23,500,000","48,700,000","28,400,000","25,500,000","22,500,000","40,600,000","23,400,000","21,100,000","20,000,000","23,900,000","25,100,000","21,000,000","21,300,000","38,400,000","25,600,000","20,300,000","20,600,000","35,100,000","24,400,000","22,100,000","21,200,000","34,600,000","26,400,000",,,,,,,,,,,,,,,,
OperatingExpense,"951,700,000","241,700,000","271,100,000","232,300,000","206,600,000","164,200,000","186,500,000","159,400,000","139,700,000","164,900,000","235,100,000","175,000,000","174,900,000","167,800,000","173,200,000","163,700,000","166,100,000","166,400,000","219,400,000","172,400,000","175,100,000","182,100,000","223,500,000","167,400,000","183,000,000","184,100,000","231,100,000","191,000,000","195,100,000","198,800,000","247,100,000","186,800,000","190,800,000","190,500,000","246,400,000","192,300,000","196,200,000","196,000,000","199,217,000","92,230,000","95,221,000","95,232,000","119,209,000","90,242,000","88,751,000","88,342,000","111,569,000","80,670,000","76,720,000","78,540,000","94,220,000","74,015,000","72,823,000","75,320,000","100,991,000","82,389,000","76,511,000","85,292,000","99,306,000","80,548,000","71,962,000","81,335,000","95,180,000","78,079,000","68,737,000","76,247,000","83,404,000","72,087,000","64,243,000","72,154,000","84,283,000","65,188,000","58,316,000","66,337,000","78,523,000","60,424,000","50,822,000","56,883,000","66,338,000","53,428,000","46,524,000","50,864,000","55,087,000","44,129,000","40,239,000","42,723,000","86,984,000","55,089,000","35,439,000","39,136,000","54,800,000","32,900,000","39,900,000","35,200,000","53,300,000","34,400,000","33,500,000","35,200,000","52,600,000","33,200,000","29,800,000","30,900,000","45,600,000","25,500,000","22,700,000","20,800,000","28,500,000","21,600,000","22,300,000","19,600,000","33,700,000","21,700,000","20,500,000","19,700,000","30,000,000","19,300,000","18,300,000","17,900,000","9,900,000","25,800,000","22,200,000","20,800,000","30,400,000","21,700,000","18,900,000","19,200,000","27,100,000","22,200,000","20,800,000","19,800,000","28,800,000","22,200,000",,,,,,,,,,,,,,,,
	SellingGeneralAndAdministration,"854,700,000","211,300,000","226,600,000","215,000,000","201,800,000","174,400,000","182,200,000","157,500,000","143,600,000","156,100,000","170,700,000","165,900,000","168,700,000","164,000,000","165,500,000","161,600,000","163,300,000","163,700,000","184,100,000","172,400,000","175,100,000","182,100,000","223,500,000","167,400,000","183,000,000","184,100,000","231,100,000","191,000,000","195,100,000","198,800,000","247,100,000","186,800,000","190,800,000","190,500,000","246,400,000","192,300,000","196,200,000","196,000,000","199,217,000","92,230,000","95,221,000","95,232,000","119,209,000","90,242,000","88,751,000","88,342,000","111,569,000","80,670,000","76,720,000","78,540,000","94,220,000","74,015,000","72,823,000","75,320,000","100,991,000","82,389,000","76,511,000","85,292,000","99,306,000","80,548,000","71,962,000","81,335,000","95,180,000","78,079,000","68,737,000","76,247,000","83,404,000","72,087,000","64,243,000","72,154,000","84,283,000","65,188,000","58,316,000","66,337,000","78,523,000","60,424,000","50,822,000","56,883,000","66,338,000","53,428,000","46,524,000","50,864,000","55,087,000","44,129,000","40,239,000","42,723,000","77,052,000","53,602,000","31,892,000","36,407,000","44,500,000","31,700,000","37,600,000","34,100,000","43,000,000","33,300,000","32,500,000","34,600,000","46,400,000","31,500,000","28,700,000","30,700,000","39,000,000","24,800,000","23,200,000","20,500,000","25,900,000","20,100,000","21,200,000","18,900,000","29,900,000","21,100,000","20,300,000","19,000,000","28,400,000","18,100,000","17,100,000","16,700,000","8,700,000","24,500,000","21,600,000","19,500,000","28,700,000","20,600,000","18,100,000","18,100,000","25,600,000","20,800,000","19,600,000","18,800,000","26,900,000","21,200,000",,,,,,,,,,,,,,,,
	DepreciationAmortizationDepletionIncomeStatement,,,,,,,,,,,,,,,,,,,,,,,,,,,,,,,,,,,,,,,,,,,,,,,,,,,,,,,,,,,,,,,,,,,,,,,,,,,,,,,,,,,,,,,"9,932,000","1,487,000","3,547,000","2,729,000","10,300,000","1,200,000","2,300,000","1,100,000","10,300,000","1,100,000","1,000,000","600,000","6,200,000","1,700,000","1,100,000","200,000","6,600,000","700,000","-500,000","300,000","2,600,000","1,500,000","1,100,000","700,000","3,800,000","600,000","200,000","700,000","1,600,000","1,200,000","1,200,000","1,200,000","1,200,000","1,300,000","600,000","1,300,000","1,700,000","1,100,000","800,000","1,100,000","1,500,000","1,400,000","1,200,000","1,000,000","1,900,000","1,000,000",,,,,,,,,,,,,,,,
		DepreciationAndAmortizationInIncomeStatement,,,,,,,,,,,,,,,,,,,,,,,,,,,,,,,,,,,,,,,,,,,,,,,,,,,,,,,,,,,,,,,,,,,,,,,,,,,,,,,,,,,,,,,"9,932,000","1,487,000","3,547,000","2,729,000","10,300,000","1,200,000","2,300,000","1,100,000","10,300,000","1,100,000","1,000,000","600,000","6,200,000","1,700,000","1,100,000","200,000","6,600,000","700,000","-500,000","300,000","2,600,000","1,500,000","1,100,000","700,000","3,800,000","600,000","200,000","700,000","1,600,000","1,200,000","1,200,000","1,200,000","1,200,000","1,300,000","600,000","1,300,000","1,700,000","1,100,000","800,000","1,100,000","1,500,000","1,400,000","1,200,000","1,000,000","1,900,000","1,000,000",,,,,,,,,,,,,,,,
	OtherOperatingExpenses,"97,000,000","30,400,000","44,500,000","17,300,000","4,800,000","-10,200,000","4,300,000","1,900,000","-3,900,000","8,800,000","64,400,000","9,100,000","6,200,000","3,800,000","7,700,000","2,100,000","2,800,000","2,700,000","35,300,000",,,,,,,,,,,,,,,,,,,,,,,,,,,,,,,,,,,,,,,,,,,,,,,,,,,,,,,,,,,,,,,,,,,,,,,,,,,,,,,,,,,,,,,,,,,,,,,,,,,,,,,,,,,,,,,,,,,,,,,,,,,,,,,,,
OperatingIncome,"117,200,000","19,600,000","-8,700,000","42,500,000","63,800,000","58,100,000","18,100,000","42,600,000","7,500,000","16,900,000","-5,200,000","68,300,000","55,500,000","52,400,000","53,900,000","68,400,000","68,100,000","61,500,000","2,700,000","58,300,000","51,800,000","52,600,000","43,700,000","69,900,000","43,600,000","44,700,000","41,100,000","80,700,000","51,300,000","62,600,000","53,000,000","97,900,000","54,900,000","65,300,000","29,000,000","93,700,000","44,900,000","66,100,000","40,124,000","46,325,000","22,849,000","36,961,000","30,945,000","56,441,000","33,366,000","49,455,000","31,164,000","47,901,000","27,386,000","40,030,000","28,554,000","39,950,000","20,235,000","27,623,000","32,340,000","46,341,000","25,888,000","36,269,000","38,144,000","44,404,000","23,566,000","32,666,000","32,537,000","39,463,000","21,668,000","29,628,000","32,274,000","36,574,000","20,211,000","24,252,000","30,721,000","32,989,000","17,198,000","19,104,000","26,431,000","26,290,000","14,902,000","12,313,000","26,149,000","24,590,000","15,097,000","11,238,000","25,556,000","23,669,000","15,030,000","10,603,000","11,940,000","-9,618,000","13,350,000","9,348,000","34,300,000","19,800,000","-1,200,000","7,800,000","24,300,000","18,400,000","15,200,000","11,300,000","30,600,000","16,400,000","12,100,000","7,700,000","24,100,000","11,100,000","8,200,000","4,800,000","18,500,000","8,700,000","6,300,000","3,900,000","15,000,000","6,700,000","5,000,000","2,800,000","10,600,000","4,100,000","2,800,000","2,100,000","14,000,000","-700,000","-1,200,000","500,000","8,000,000","3,900,000","1,400,000","1,400,000","8,000,000","2,200,000","1,300,000","1,400,000","5,800,000","4,200,000","66,200,000","64,200,000","-208,200,000","83,500,000","65,200,000","72,800,000","-204,600,000","79,300,000","64,300,000","71,600,000","-231,900,000","89,000,000","68,900,000","74,400,000","-255,500,000","98,700,000"
NetNonOperatingInterestIncomeExpense,"-36,500,000","-8,700,000","-8,500,000","-9,600,000","-9,700,000","-9,600,000","-12,500,000","-12,800,000","-10,500,000","-7,800,000","-8,200,000","-8,200,000","-6,700,000","-6,900,000","-5,800,000","-5,800,000","-5,700,000","-7,200,000","-8,700,000","-8,600,000","-5,900,000","-8,900,000","-9,900,000","-8,600,000","-7,800,000","-8,500,000","-10,700,000","-9,000,000","-9,000,000","-9,500,000","-14,000,000","-10,000,000","-10,500,000","-10,900,000","-14,700,000","-11,900,000","-12,500,000","-12,900,000","-11,558,000","-1,726,000","-329,000","-419,000","-378,000","-293,000","-129,000","226,000","-246,000","-56,000","4,000","-89,000","112,000","-15,000","-119,000","-89,000",,,,,,,,,,,,,,,,,,,,,,,,,,,,,,,,,,,,,,,,,,,,,,,,,,,,,,,,,,,,,,,,,,,,,,,,,,,,,,,,,,,,,,,,,,,,,,
	InterestIncomeNonOperating,,,,,,,,,,,,,,,,,,,,,,,,,,,,,,,,,,,,,,,,,,,,,,,,,,,"106,000","55,000","90,000","132,000",,,,,,,,,,,,,,,,,,,,,,,,,,,,,,,,,,,,,,,,,,,,,,,,,,,,,,,,,,,,,,,,,,,,,,,,,,,,,,,,,,,,,,,,,,,,,,
	InterestExpenseNonOperating,"36,500,000","8,700,000","8,500,000","9,600,000","9,700,000","9,600,000","12,500,000","12,800,000","10,500,000","7,800,000","8,200,000","8,200,000","6,700,000","6,900,000","5,800,000","5,800,000","5,700,000","7,200,000","8,700,000","8,600,000","5,900,000","8,900,000","9,900,000","8,600,000","7,800,000","8,500,000","10,700,000","9,000,000","9,000,000","9,500,000","14,000,000","10,000,000","10,500,000","10,900,000","14,700,000","11,900,000","12,500,000","12,900,000","13,001,000","283,000","329,000","419,000",,,,,,"56,000",,"89,000","-6,000","70,000","209,000","221,000",,,,,,,,,,,,,,,,,,,,,,,,,,,,,,,,,,,,,,,,,,,,,,,,,,,,,,,,,,,,,,,,,,,,,,,,,,,,,,,,,,,,,,,,,,,,,,
	TotalOtherFinanceCost,,,,,,,,,,,"8,200,000","8,200,000","6,700,000","6,900,000","5,800,000","5,800,000","5,700,000","7,200,000","8,700,000","8,600,000","5,900,000","8,900,000","9,900,000","8,600,000","7,800,000","8,500,000","10,700,000","9,000,000","9,000,000","9,500,000","14,000,000","10,000,000","10,500,000","10,900,000","14,700,000","11,900,000","12,500,000","12,900,000","13,001,000","1,726,000","329,000","-419,000","378,000","293,000","129,000","-226,000",,"56,000","-4,000","89,000",,,,,,,,,,,,,,,,,,,,,,,,,,,,,,,,,,,,,,,,,,,,,,,,,,,,,,,,,,,,,,,,,,,,,,,,,,,,,,,,,,,,,,,,,,,,,,,,,,
OtherIncomeExpense,"-34,100,000","1,100,000","-1,500,000","-33,600,000","-100,000","-2,800,000","-228,300,000","600,000","1,500,000","600,000","1,700,000","900,000","1,000,000","1,300,000","-7,200,000","1,300,000","5,300,000","600,000","-74,900,000","-22,600,000","-23,900,000","-22,500,000","-41,700,000","-1,400,000","-2,900,000","-10,600,000","-22,500,000","-6,900,000","-5,500,000","2,000,000","-25,900,000","-10,000,000","-5,900,000","-2,400,000","-21,600,000","-8,400,000","-8,500,000","-15,500,000","-36,756,000","320,000","-668,000","-946,000","-147,000","257,000","-973,000","-580,000","1,287,000","244,000","-2,706,000","-287,000","-6,636,000","-3,454,000","-7,421,000","-12,030,000","838,000","880,000","-312,000","-567,000","-449,000","-252,000","-332,000","160,000","-288,000","-452,000","-331,000","-134,000","-322,000","158,000","-120,000","133,000","462,000","88,000","-175,000","-72,000","1,187,000","-605,000","120,000","-16,000","1,209,000","-75,000","36,000","-124,000","571,000","-106,000","62,000","-97,000","11,773,000","-12,133,000","135,000","128,000","200,000",,"-700,000","-100,000","500,000","100,000","600,000","100,000","1,300,000","-2,000,000",,"200,000","1,100,000","100,000","500,000","700,000","300,000","200,000","300,000","400,000",,"100,000","-500,000","-100,000","800,000","200,000","200,000","100,000","7,600,000","-9,600,000","-200,000","-300,000","-4,400,000","-600,000","100,000",,"-200,000","-13,700,000","200,000","-100,000","1,900,000","-100,000",,,,,,,,,,,,,,,,
	SpecialIncomeCharges,,,"-300,000","-34,000,000","0",,"-227,500,000","0","-200,000",,"0",,,,"-600,000","0",,"0","-75,900,000","-23,000,000","-22,600,000","-20,000,000","-46,200,000","-1,400,000","-1,800,000","-10,700,000","-27,100,000","-6,400,000","-3,700,000","1,000,000","-24,700,000","-10,300,000","-5,900,000","-1,600,000","-24,100,000","-7,400,000","-7,900,000","-15,200,000","-28,362,000","-4,429,000","-668,000","-946,000","-147,000","257,000","-973,000","-580,000","1,287,000","244,000","-2,706,000","-287,000","-6,636,000","-3,454,000","-7,421,000","-12,030,000","838,000","880,000","-312,000","-567,000","-449,000","-252,000","-332,000","160,000","-288,000","-452,000","-331,000","-134,000","-322,000","158,000","-120,000","133,000","462,000","88,000","-175,000","-72,000","1,187,000","-605,000","120,000","-16,000","1,209,000","-75,000","36,000","-124,000","571,000","-106,000","62,000","-97,000","11,773,000","-12,133,000","135,000","128,000","200,000",,"-700,000","-100,000","500,000","100,000","600,000","100,000","1,300,000","-2,000,000",,"200,000","1,100,000","100,000","500,000","700,000","300,000","200,000","300,000","400,000",,"100,000","-500,000","-100,000","800,000","200,000","200,000","100,000","7,600,000","-9,600,000","-200,000","-300,000","-4,400,000","-600,000","100,000",,"-200,000","-13,700,000","200,000","-100,000","1,900,000","-100,000",,,,,,,,,,,,,,,,
		RestructuringAndMergernAcquisition,,,,,,,,,,,,,,,"0","0",,"0","7,300,000","23,000,000","22,600,000","20,000,000","28,600,000","900,000","1,800,000","10,700,000","27,100,000","4,800,000","3,700,000","-1,000,000","23,400,000","10,300,000","5,900,000","1,600,000","11,000,000","7,400,000","7,900,000","15,200,000","28,362,000","4,429,000","4,944,000",,"0","0","0","0","0","0","2,311,000","517,000","6,897,000","3,787,000","6,901,000","12,138,000",,,,,,,,,,,,,,,,,,,,,,,,,,,,,,,,,,,,,,,,,,,,,,,,,,,,,,,,,,,,,,,,,,,,,,,,,,,,,,,,,,,,,,,,,,,,,,
		ImpairmentOfCapitalAssets,,,"0",,,,"222,200,000",,,,,,,,"0",,,,"68,600,000",,,,,,,,,,,,,,,,,,,,,,,,,,,,,,,,,,,,,,,,,,,,,,,,,,,,,,,,,,,,,,,,,,,,,,,,,,,,,,,,,,,,,,,,,,,,,,,,,,,,,,,,,,,,,,,,,,,,,,,,,,,,,,,,,
		OtherSpecialCharges,,,"300,000","34,000,000",,,"5,300,000",,"200,000",,,,,,"600,000",,,,,,,,"17,600,000","500,000",,,"0","1,600,000",,,"1,300,000",,,,"13,100,000",,,,,,"668,000",,"147,000","-257,000","973,000","580,000","-1,287,000","-244,000","395,000","-230,000","-261,000","-333,000","520,000","-108,000",,,,,,,,,,,,,,,,,,,,,,,,,,,,,,,,,,,,,,,,,,,,,,,,,,,,,,,,,,,,,,,,,,,,,,,,,,,,,,,,,,,,,,,,,,,,,,
	OtherNonOperatingIncomeExpenses,"200,000","1,100,000","-1,200,000","400,000","-100,000","-2,800,000","-800,000","600,000","1,700,000","600,000","1,700,000","900,000","1,000,000","1,300,000","-6,600,000","1,300,000","5,300,000","600,000","1,000,000","400,000","-1,300,000","-2,500,000","4,500,000",,"-1,100,000","100,000","4,600,000","-500,000","-1,800,000","1,000,000","-1,200,000","300,000",,"-800,000","2,500,000","-1,000,000","-600,000","-300,000","978,000","320,000",,,,,,,,,,,,,,,,,,,,,,,,,,,,,,,,,,,,,,,,,,,,,,,,,,,,,,,,,,,,,,,,,,,,,,,,,,,,,,,,,,,,,,,,,,,,,,,,,,,,,,,,,,,,
PretaxIncome,"46,600,000","12,000,000","-18,700,000","-700,000","54,000,000","45,700,000","-222,700,000","30,400,000","-1,500,000","9,700,000","-11,700,000","61,000,000","49,800,000","46,800,000","40,900,000","63,900,000","67,700,000","54,900,000","-80,900,000","27,100,000","22,000,000","21,200,000","-7,900,000","59,900,000","32,900,000","25,600,000","7,900,000","64,800,000","36,800,000","55,100,000","13,100,000","77,900,000","38,500,000","52,000,000","-7,300,000","73,400,000","23,900,000","37,700,000","-8,190,000","44,919,000","21,852,000","35,596,000","30,420,000","56,405,000","32,264,000","49,809,000","32,205,000","48,089,000","24,259,000","38,673,000","22,030,000","36,481,000","11,677,000","15,504,000","32,759,000","46,912,000","25,274,000","35,639,000","37,386,000","44,331,000","23,338,000","33,516,000","32,467,000","39,133,000","21,308,000","29,385,000","31,333,000","36,439,000","19,610,000","23,866,000","30,433,000","32,410,000","16,132,000","18,094,000","26,096,000","24,318,000","13,750,000","11,021,000","25,558,000","22,963,000","13,548,000","9,585,000","24,299,000","21,766,000","13,421,000","9,061,000","20,551,000","-23,758,000","11,169,000","7,052,000","31,000,000","17,300,000","-4,000,000","5,400,000","22,300,000","16,200,000","13,800,000","9,600,000","29,700,000","13,500,000","10,900,000","6,900,000","24,200,000","10,700,000","7,800,000","4,900,000","17,400,000","7,400,000","5,700,000","3,600,000","14,600,000","5,400,000","3,500,000","1,900,000","10,400,000","2,900,000","1,600,000","1,000,000","22,400,000","-12,000,000","-3,000,000","-800,000","1,900,000","1,900,000","400,000","500,000","6,100,000","-12,900,000","300,000","400,000","5,800,000","2,800,000",,,,,,,,,,,,,,,,
TaxProvision,"9,600,000","3,600,000","-3,700,000","100,000","9,600,000","7,300,000","-51,500,000","8,700,000","400,000","-3,100,000","-11,200,000","12,400,000","9,600,000","6,200,000","1,600,000","5,000,000","12,200,000","8,300,000","-20,100,000","4,300,000","1,500,000","4,400,000","-5,500,000","11,700,000","8,800,000","8,000,000","-4,000,000","18,800,000","11,600,000","15,000,000","1,900,000","20,000,000","10,900,000","14,800,000","-6,000,000","19,000,000","5,800,000","7,900,000","-4,695,000","12,153,000","1,540,000","4,416,000","7,407,000","15,970,000","8,301,000","13,946,000","6,559,000","13,946,000","7,037,000","11,214,000","5,313,000","9,687,000","3,771,000","5,009,000","8,642,000","15,721,000","8,462,000","11,938,000","11,790,000","14,848,000","7,820,000","11,227,000","8,822,000","12,993,000","7,074,000","9,756,000","10,889,000","11,805,000","6,353,000","7,733,000","9,590,000","10,329,000","5,181,000","5,778,000","7,318,000","7,904,000","4,458,000","3,581,000","8,407,000","7,561,000","4,468,000","3,163,000","8,261,000","7,402,000","4,563,000","3,081,000","6,772,000","-8,278,000","3,574,000","2,257,000","11,000,000","5,800,000","-1,300,000","1,800,000","7,000,000","5,400,000","4,600,000","3,200,000","9,500,000","4,300,000","3,500,000","2,200,000","7,500,000","3,300,000","2,400,000","1,500,000","4,900,000","2,200,000","1,800,000","1,100,000","3,900,000","1,700,000","1,100,000","600,000","2,700,000","900,000","500,000","300,000","8,200,000","-4,700,000","-1,300,000","-200,000","900,000","300,000","100,000","100,000","1,900,000","-2,600,000","100,000","100,000","1,900,000","700,000",,,,,,,,,,,,,,,,
NetIncomeCommonStockholders,"39,200,000","9,500,000","-14,300,000","-200,000","44,000,000","37,800,000","-170,700,000","21,800,000","-1,800,000","12,800,000","-900,000","47,700,000","39,400,000","39,700,000","35,200,000","57,600,000","54,100,000","45,800,000","-59,000,000","22,700,000","20,200,000","16,300,000","-2,100,000","47,200,000","23,500,000","17,000,000","10,800,000","45,000,000","24,900,000","39,300,000","10,100,000","56,700,000","27,000,000","36,400,000","-2,000,000","53,300,000","17,600,000","29,300,000","-5,386,000","32,727,000","20,496,000","31,180,000","23,013,000","40,435,000","23,963,000","35,863,000","25,646,000","34,143,000","17,222,000","27,459,000","16,717,000","26,794,000","7,906,000","10,495,000","24,117,000","31,191,000","16,812,000","23,701,000","25,596,000","29,483,000","15,518,000","22,289,000","23,645,000","26,140,000","14,234,000","19,629,000","20,444,000","24,634,000","13,257,000","16,133,000","20,709,000","21,946,000","10,985,000","12,299,000","18,608,000","16,414,000","9,281,000","7,414,000","17,068,000","15,342,000","9,099,000","6,403,000","16,038,000","14,364,000","8,858,000","5,980,000","13,779,000","-15,480,000","7,595,000","4,795,000","20,000,000","11,500,000","-2,700,000","3,600,000","15,300,000","10,800,000","9,200,000","6,400,000","20,200,000","9,200,000","7,400,000","4,700,000","16,700,000","7,400,000","5,400,000","3,400,000","12,500,000","5,200,000","3,900,000","2,500,000","9,200,000","3,700,000","2,400,000","1,300,000","7,700,000","2,000,000","1,100,000","700,000","-2,200,000","-7,300,000","-1,700,000","-600,000","1,000,000","1,600,000","300,000","400,000","4,200,000","-10,300,000","200,000","300,000","3,900,000","2,100,000",,,,,,,,,,,,,,,,
	NetIncome,"39,800,000","9,700,000","-14,600,000","0","44,700,000","38,500,000","-170,700,000","22,400,000","-1,600,000","13,000,000","-900,000","48,700,000","40,200,000","40,500,000","39,300,000","58,800,000","55,300,000","46,700,000","-60,300,000","23,200,000","20,700,000","16,700,000","-1,900,000","48,200,000","24,000,000","17,400,000","11,600,000","45,800,000","25,300,000","40,100,000","10,700,000","57,800,000","27,500,000","37,100,000","-1,700,000","54,400,000","17,900,000","29,800,000","-3,717,000","32,727,000","20,496,000","31,180,000","23,013,000","40,435,000","23,963,000","35,863,000","25,646,000","34,143,000","17,222,000","27,459,000","16,717,000","26,794,000","7,906,000","10,495,000","24,117,000","31,191,000","16,812,000","23,701,000","25,596,000","29,483,000","15,518,000","22,289,000","23,645,000","26,140,000","14,234,000","19,629,000","20,444,000","24,634,000","13,257,000","16,133,000","20,709,000","21,946,000","10,985,000","12,299,000","18,608,000","16,414,000","9,281,000","7,414,000","17,068,000","15,342,000","9,099,000","6,403,000","16,038,000","14,364,000","8,858,000","5,980,000","13,779,000","-15,480,000","7,595,000","4,795,000","20,000,000","11,500,000","-2,700,000","3,600,000","15,300,000","10,800,000","9,200,000","6,400,000","20,200,000","9,200,000","7,400,000","4,700,000","16,700,000","7,400,000","5,400,000","3,400,000","12,500,000","5,200,000","3,900,000","2,500,000","9,200,000","3,700,000","2,400,000","1,300,000","7,700,000","2,000,000","1,100,000","700,000","-2,200,000","-7,300,000","-1,700,000","-600,000","1,000,000","1,600,000","300,000","400,000","4,200,000","-10,300,000","200,000","300,000","3,900,000","2,100,000",,,,,,,,,,,,,,,,
		NetIncomeIncludingNoncontrollingInterests,"37,000,000","8,400,000","-15,000,000","-800,000","44,400,000","38,400,000","-171,200,000","21,700,000","-1,900,000","12,800,000","-500,000","48,600,000","40,200,000","40,600,000","39,300,000","58,900,000","55,500,000","46,600,000","-60,800,000","22,800,000","20,500,000","16,800,000","-2,400,000","48,200,000","24,100,000","17,600,000","11,900,000","46,000,000","25,200,000","40,100,000","11,200,000","57,900,000","27,600,000","37,200,000","-1,300,000","54,400,000","18,100,000","29,800,000","-3,495,000","32,766,000","20,312,000","31,180,000","23,013,000","40,435,000","23,963,000","35,863,000","25,646,000","34,143,000","17,222,000","27,459,000","16,717,000","26,794,000","7,906,000","10,495,000","24,117,000","31,191,000","16,812,000","23,701,000","25,596,000","29,483,000","15,518,000","22,289,000","23,645,000","26,140,000","14,234,000","19,629,000","20,444,000","24,634,000","13,257,000","16,133,000","20,843,000","22,081,000","10,951,000","12,316,000","18,631,000","16,524,000","9,292,000","7,440,000","17,151,000","15,402,000","9,080,000","6,422,000","16,038,000","14,364,000","8,858,000","5,980,000","13,779,000","-15,480,000","7,595,000","4,795,000","20,000,000","11,500,000","-2,700,000","3,600,000","15,300,000","10,800,000","9,200,000","6,400,000","20,200,000","9,200,000","7,400,000","4,700,000","16,700,000","7,400,000","5,400,000","3,400,000","12,500,000","5,200,000","3,900,000","2,500,000","9,200,000","3,700,000","2,400,000","1,300,000","7,700,000","2,000,000","1,100,000","700,000","-2,200,000","-7,300,000","-1,700,000","-600,000","1,000,000","1,600,000","300,000","400,000","4,200,000","-10,300,000","200,000","300,000","3,900,000","2,100,000","500,000","900,000","4,600,000","1,700,000","400,000","900,000","1,700,000","1,200,000","200,000","900,000","-400,000","500,000","-12,200,000","-400,000",,"1,300,000"
			NetIncomeContinuousOperations,"37,000,000","8,400,000","-15,000,000","-800,000","44,400,000","38,400,000","-171,200,000","21,700,000","-1,900,000","12,800,000","-500,000","48,600,000","40,200,000","40,600,000","39,300,000","58,900,000","55,500,000","46,600,000","-60,800,000","22,800,000","20,500,000","16,800,000","-2,400,000","48,200,000","24,100,000","17,600,000","11,900,000","46,000,000","25,200,000","40,100,000","11,200,000","57,900,000","27,600,000","37,200,000","-1,300,000","54,400,000","18,100,000","29,800,000","-3,495,000","32,766,000","20,312,000","31,180,000","23,013,000","40,435,000","23,963,000","35,863,000","25,646,000","34,143,000","17,222,000","27,459,000","16,717,000","26,794,000","7,906,000","10,495,000","24,117,000","31,191,000","16,812,000","23,701,000","25,596,000","29,483,000","15,518,000","22,289,000","23,645,000","26,140,000","14,234,000","19,629,000","20,444,000","24,634,000","13,257,000","16,133,000","20,709,000","21,946,000","10,985,000","12,299,000","18,608,000","16,414,000","9,281,000","7,414,000","17,068,000","15,342,000","9,099,000","6,403,000","16,038,000","14,364,000","8,858,000","5,980,000","13,779,000","-15,480,000","7,595,000","4,795,000","20,000,000","11,500,000","-2,700,000","3,600,000","15,300,000","10,800,000","9,200,000","6,400,000","20,200,000","9,200,000","7,400,000","4,700,000","16,700,000","7,400,000","5,400,000","3,400,000","12,500,000","5,200,000","3,900,000","2,500,000","10,700,000","3,700,000","2,400,000","1,300,000","7,700,000","2,000,000","1,100,000","700,000","14,200,000","-7,300,000","-1,700,000","-600,000","1,000,000","1,600,000","300,000","400,000","4,200,000","-10,300,000","200,000","300,000","3,900,000","2,100,000","500,000","900,000","4,600,000","1,700,000","400,000","900,000","1,700,000","1,200,000","200,000","900,000","-400,000","500,000","-12,200,000","-400,000",,"1,300,000"
			NetIncomeExtraordinary,,,,,,,,,,,,,,,,,,,,,,,,,,,,,,,,,,,,,,,,,,,,,,,,,,,,,,,,,,,,,,,,,,,,,,,,,,,,,,,,,,,,,,,,,,,,,,,,,,,,,,,,,,,,,,,,,,,,,,,"-1,600,000",,,,,,,,,,,,,,,,,,,,,,,,,,,,,
		MinorityInterests,"2,800,000","1,300,000","400,000","800,000","300,000","100,000","500,000","700,000","300,000","200,000","-400,000","100,000","0","-100,000","0","-100,000","-200,000","100,000","500,000","400,000","200,000","-100,000","500,000","0","-100,000","-200,000","-300,000","-200,000","100,000","0","-500,000","-100,000","-100,000","-100,000","-800,000","0","-200,000","0","-222,000","-39,000","184,000",,,,,,,,,,,,,,,,,,,,,,,,,,,,,,"-134,000","-135,000","34,000","-17,000","-23,000","-110,000","-11,000","-26,000","-83,000","-60,000","19,000","-19,000",,,,,,,,,,,,,,,,,,,,,,,,,,,,,,,,,,,,,,,,,,,,,,,,,,,,,,,,,,,,,,,,,,
	OtherunderPreferredStockDividend,"600,000","200,000","-300,000","200,000","700,000","700,000","0","600,000","200,000","200,000","0","1,000,000","800,000","800,000","4,100,000","1,200,000","1,200,000","900,000","-1,300,000","500,000","500,000","400,000","200,000","1,000,000","500,000","400,000","800,000","800,000","400,000","800,000","600,000","1,100,000","500,000","700,000","300,000","1,100,000","300,000","500,000",,,,,,,,,,,,,,,,,,,,,,,,,,,,,,,,,,,,,,,,,,,,,,,,,,,,,,,,,,,,,,,,,,,,,,,,,,,,,,,,,,,,,,,,,,,,,,,,,,,,,,,,,,,,,,
AverageDilutionEarnings,,,,,,"-700,000","0","0","-200,000","-200,000","0","0","0",,"1,700,000","0",,,"0",,,"0","100,000","0","0","0","0","0","0","100,000","0","0","100,000","0","0","100,000","0","0","0","-515,000",,,,,,,,,,,,,,,,,,,,,,,,,,,,,,,,,,,,,,,,,,,,,,,,,,,,,,,,,,,,,,,,,,,,,,,,,,,,,,,,,,,,,,,,,,,,,,,,,,,,,,,,,,,,
DilutedNIAvailtoComStockholders,"39,200,000","9,500,000","-14,300,000","-200,000","44,000,000","37,800,000","-170,700,000","21,800,000","-1,800,000","12,800,000","-900,000","47,700,000","39,400,000","39,700,000","36,900,000","57,600,000","54,100,000","45,800,000","-59,200,000","22,700,000","20,200,000","16,300,000","-2,000,000","47,200,000","23,500,000","17,000,000","10,800,000","45,000,000","24,900,000","39,400,000","10,100,000","56,700,000","27,100,000","36,400,000","-2,000,000","53,400,000","17,600,000","29,300,000","-5,329,000","32,727,000","20,496,000","31,180,000","23,013,000","40,435,000","23,963,000","35,863,000","25,646,000","34,143,000","17,222,000","27,459,000","16,717,000","26,794,000","7,906,000","10,495,000","24,117,000","31,191,000","16,812,000","23,701,000","25,596,000","29,483,000","15,518,000","22,289,000","23,645,000","26,140,000","14,234,000","19,629,000","20,444,000","24,634,000","13,257,000","16,133,000","20,709,000","21,946,000","10,985,000","12,299,000","18,608,000","16,414,000","9,281,000","7,414,000","17,068,000","15,342,000","9,099,000","6,403,000","16,038,000","14,364,000","8,858,000","5,980,000","13,779,000","-15,480,000","7,595,000","4,795,000","20,000,000","11,500,000","-2,700,000","3,600,000","15,300,000","10,800,000","9,200,000","6,400,000","20,200,000","9,200,000","7,400,000","4,700,000","16,700,000","7,400,000","5,400,000","3,400,000","12,500,000","5,200,000","3,900,000","2,500,000","9,200,000","3,700,000","2,400,000","1,300,000","7,700,000","2,000,000","1,100,000","700,000","-2,200,000","-7,300,000","-1,700,000","-600,000","1,000,000","1,600,000","300,000","400,000","4,200,000","-10,300,000","200,000","300,000","3,900,000","2,100,000",,,,,,,,,,,,,,,,
BasicEPS,,"0.12","-0.177","-0.002","0.54","0.466","-2.08","0.27","-0.02","0.16","-0.011","0.57","0.45","0.44","0.429","0.62","0.58","0.49","-0.628","0.24","0.21","0.17","-0.02","0.485","0.241","0.18","0.113","0.445","0.245","0.389","0.105","0.569","0.271","0.366","-0.017","0.541","0.178","0.297","-0.038","0.334","0.21","0.321","0.239","0.418","0.24","0.362",,"0.35","0.176","0.278",,"0","0.08","0.105",,"0.32","0.17","0.24",,"0.28","0.145","0.205",,"0.24","0.13","0.18",,"0.22","0.115","0.14",,"0.193","0.093","0.071",,"0.093","0.053","0.042",,"0.084","0.047","0.036",,"0.078","0.073","0.033",,"-0.084","0.063","0.027",,"0.064","-0.016","0.02",,"0.058","0.049","0.033",,"0.049","0.04","0.016",,"0.027","0.014","0.008",,"0.014","0.01","0.005",,"0.007","0.005","0.001",,"0.003","0.001","0.001",,"-0.01","-0.002","-0.001",,"0.002","0","0",,"-0.014","0","0",,"0.003","0","0.001",,"0.002","0","0.001",,"0.001","0","0.001",,"0","-0.014","-0",,"0.001"
DilutedEPS,,"0.12","-0.18","-0.002","0.53","0.45","-2.1","0.27","-0.02","0.16","-0.011","0.57","0.45","0.43","0.4","0.6","0.57","0.48","-0.65","0.24","0.21","0.17","-0.02","0.485","0.24","0.18","0.113","0.44","0.24","0.389","0.1","0.569","0.27","0.36","-0.02","0.54","0.178","0.297","-0.04","0.33","0.21","0.32","0.235","0.41","0.24","0.36",,"0.35","0.175","0.27",,"0","0.08","0.105",,"0.31","0.165","0.23",,"0.27","0.14","0.195",,"0.23","0.125","0.17",,"0.21","0.11","0.135",,"0.183","0.09","0.067",,"0.089","0.051","0.04",,"0.082","0.047","0.033",,"0.076","0.07","0.031",,"-0.084","0.06","0.027",,"0.062","-0.016","0.02",,"0.056","0.047","0.033",,"0.047","0.038","0.016",,"0.025","0.012","0.008",,"0.014","0.01","0.005",,"0.007","0.005","0.001",,"0.003","0.001","0.001",,"-0.01","-0.002","-0.001",,"0.002","0","0",,"-0.014","0","0",,"0.003","0","0.001",,"0.002","0","0.001",,"0.001","0","0.001",,"0","-0.014","-0",,"0.001"
BasicAverageShares,,"81,500,000","82,028,081","82,300,000","82,216,171","82,884,045","82,141,495","81,000,000","81,859,980","81,062,069","81,147,738","83,000,000","86,900,000","90,000,000","91,703,525","93,200,000","93,100,000","93,700,000","96,060,308","94,000,000","94,600,000","94,500,000","97,124,615","98,660,413","99,451,822","95,700,000","98,458,202","102,867,560","103,125,781","103,187,688","101,836,338","101,566,601","101,502,186","101,388,106","100,745,458","100,568,654","100,422,442","100,237,424","98,667,202","97,997,058","97,555,330","97,247,448","96,342,064","96,587,970","99,845,832","99,134,656",,"97,663,254","97,000,730","98,925,856",,"96,295,242","96,478,598","96,478,598",,"97,022,432","98,030,910","99,565,440",,"104,699,546","106,874,388","109,096,308",,"109,358,064","109,727,488","110,276,866",,"112,368,374","113,213,112","113,720,950",,"114,100,734","116,210,061","174,521,529",,"176,974,884","176,125,161","176,300,466",,"180,288,840","183,660,309","183,540,603",,"183,287,358","121,987,884","183,464,295",,"182,767,209","121,911,171","182,154,423",,"123,888,000","123,537,000","122,856,000",,"125,919,000","128,586,000","128,319,000",,"127,101,000","126,468,000","128,956,446",,"124,916,427","123,645,555","123,645,555",,"110,999,916","110,837,754","109,234,757",,"106,785,608","106,686,656","106,539,730",,"102,923,538","102,653,674","101,814,092",,"100,671,664","100,686,656","99,958,020",,"99,295,352","99,310,344","99,958,020",,"100,956,522","100,911,544","101,220,390",,"102,095,952","101,631,184","101,631,184",,"109,604,198","109,604,198","109,352,324",,"109,352,324","109,259,370","109,109,446",,"109,091,454","108,893,554","108,848,576",,"108,848,576"
DilutedAverageShares,,"81,500,000","82,028,081","82,300,000","83,600,000","83,200,000","82,141,495","81,500,000","81,859,980","82,000,000","81,147,738","83,900,000","88,300,000","91,800,000","93,700,000","95,300,000","95,000,000","95,600,000","96,060,308","95,800,000","96,200,000","96,000,000","97,124,615","98,660,413","99,451,822","96,200,000","98,458,202","102,867,560","103,125,781","103,187,688","101,836,338","101,566,601","101,502,186","101,388,106","100,745,458","100,568,654","100,422,442","100,237,424","98,667,202","97,997,058","97,555,330","97,247,448","96,342,064","97,462,000","99,845,832","99,619,444",,"97,663,254","98,411,429","101,700,000",,"97,342,110","98,825,000","97,410,706",,"99,955,680","101,479,428","102,986,600",,"108,369,472","110,896,798","113,305,524",,"113,302,870","113,570,418","114,292,916",,"117,487,998","118,314,508","119,636,588",,"119,610,462","122,390,937","182,409,471",,"185,419,695","183,757,983","182,663,163",,"186,452,160","191,865,138","190,342,854",,"191,862,621","127,530,798","191,165,856",,"186,905,619","125,720,892","187,434,783",,"123,888,000","123,537,000","122,856,000",,"125,919,000","128,586,000","128,319,000",,"127,101,000","126,468,000","128,956,446",,"124,916,427","123,645,555","123,645,555",,"110,999,916","110,837,754","109,234,757",,"106,785,608","106,686,656","106,539,730",,"102,923,538","102,653,674","101,814,092",,"100,671,664","100,686,656","99,958,020",,"99,295,352","99,310,344","99,958,020",,"100,956,522","100,911,544","101,220,390",,"102,095,952","101,631,184","101,631,184",,"109,604,198","109,604,198","109,352,324",,"109,352,324","109,259,370","109,109,446",,"109,091,454","108,893,554","108,848,576",,"108,848,576"
TotalOperatingIncomeAsReported,"117,200,000","19,600,000","-8,700,000","42,500,000","63,800,000","58,100,000","-204,100,000","42,600,000","7,500,000","16,900,000","-5,200,000","68,300,000","55,500,000","52,400,000","53,900,000","68,400,000","68,100,000","61,500,000","-73,200,000","35,300,000","29,200,000","32,600,000","15,100,000","69,000,000","41,800,000","34,000,000","14,000,000","75,900,000","47,600,000","63,600,000","29,600,000","87,600,000","49,000,000","63,700,000","18,000,000","86,300,000","37,000,000","50,900,000","7,584,000","46,325,000",,,,,,,,,,,,,,,,,,,,,,,,,,,,,,,,,,,,,,,,,,,,,,,,,,,,,,,,,,,,,,,,,,,,,,,,,,,,,,,,,,,,,,,,,,,,,,,,,,,,,,,,,,,,
TotalExpenses,"2,401,800,000","595,200,000","644,300,000","594,200,000","568,100,000","452,600,000","491,500,000","450,500,000","341,600,000","422,400,000","612,600,000","506,000,000","513,100,000","471,000,000","525,700,000","490,200,000","498,800,000","472,600,000","575,900,000","523,000,000","547,000,000","538,700,000","685,900,000","533,800,000","540,100,000","532,900,000","710,100,000","598,200,000","578,800,000","568,800,000","755,900,000","613,200,000","558,600,000","562,300,000","711,800,000","622,900,000","542,900,000","579,800,000","612,119,000","306,742,000","289,871,000","285,846,000","375,522,000","305,149,000","276,773,000","281,417,000","353,861,000","272,495,000","230,813,000","244,867,000","283,976,000","246,814,000","226,203,000","227,701,000","313,776,000","272,511,000","241,474,000","251,969,000","319,279,000","265,764,000","226,763,000","248,386,000","309,200,000","259,393,000","216,789,000","233,211,000","288,728,000","242,542,000","195,495,000","220,923,000","276,647,000","227,908,000","181,576,000","205,767,000","256,399,000","204,281,000","169,138,000","179,172,000","235,207,000","194,607,000","154,179,000","166,039,000","198,413,000","162,506,000","136,669,000","147,620,000","225,894,000","185,147,000","127,208,000","138,022,000","193,200,000","150,700,000","132,600,000","128,400,000","190,000,000","146,100,000","126,800,000","137,200,000","215,200,000","145,800,000","115,700,000","121,600,000","188,400,000","109,300,000","86,000,000","79,000,000","132,400,000","91,800,000","80,000,000","72,400,000","119,300,000","87,600,000","76,400,000","65,700,000","109,400,000","77,200,000","63,100,000","63,800,000","54,200,000","87,200,000","73,100,000","66,000,000","96,300,000","76,300,000","64,500,000","62,000,000","94,000,000","80,700,000","68,000,000","66,700,000","102,100,000","81,100,000",,,,,,,,,,,,,,,,
NetIncomeFromContinuingAndDiscontinuedOperation,"39,800,000","9,700,000","-14,600,000","0","44,700,000","38,500,000","-170,700,000","22,400,000","-1,600,000","13,000,000","-900,000","48,700,000","40,200,000","40,500,000","39,300,000","58,800,000","55,300,000","46,700,000","-60,300,000","23,200,000","20,700,000","16,700,000","-1,900,000","48,200,000","24,000,000","17,400,000","11,600,000","45,800,000","25,300,000","40,100,000","10,700,000","57,800,000","27,500,000","37,100,000","-1,700,000","54,400,000","17,900,000","29,800,000","-3,717,000","32,727,000","20,496,000","31,180,000","23,013,000","40,435,000","23,963,000","35,863,000","25,646,000","34,143,000","17,222,000","27,459,000","16,717,000","26,794,000","7,906,000","10,495,000","24,117,000","31,191,000","16,812,000","23,701,000","25,596,000","29,483,000","15,518,000","22,289,000","23,645,000","26,140,000","14,234,000","19,629,000","20,444,000","24,634,000","13,257,000","16,133,000","20,709,000","21,946,000","10,985,000","12,299,000","18,608,000","16,414,000","9,281,000","7,414,000","17,068,000","15,342,000","9,099,000","6,403,000","16,038,000","14,364,000","8,858,000","5,980,000","13,779,000","-15,480,000","7,595,000","4,795,000","20,000,000","11,500,000","-2,700,000","3,600,000","15,300,000","10,800,000","9,200,000","6,400,000","20,200,000","9,200,000","7,400,000","4,700,000","16,700,000","7,400,000","5,400,000","3,400,000","12,500,000","5,200,000","3,900,000","2,500,000","9,200,000","3,700,000","2,400,000","1,300,000","7,700,000","2,000,000","1,100,000","700,000","-600,000","-7,300,000","-1,700,000","-600,000","1,000,000","1,600,000","300,000","400,000","4,200,000","-10,300,000","200,000","300,000","3,900,000","2,100,000",,,,,,,,,,,,,,,,
NormalizedIncome,"67,033,905.579","9,700,000","-14,359,358.289","24,820,000","44,700,000","38,500,000","4,189,986.529","22,400,000","-1,454,000","13,000,000","-900,000","48,700,000","40,200,000","40,500,000","39,876,528.117","58,800,000","55,300,000","46,700,000","-3,257,725.587","42,842,000","41,718,000","32,560,000","25,820,000","49,327,000","25,319,400","24,740,200","27,860,000","50,344,000","27,838,200","39,373,000","31,817,557.252","65,452,900","31,736,200","38,244,000","13,965,000","59,883,400","23,888,200","41,823,200","-3,717,000","32,727,000","21,117,240","32,008,696","23,124,206.805","40,250,764.649","24,685,662.999","36,280,606.055","24,621,115.603","33,969,760.964","19,143,049.178","27,662,778.683","21,752,588.379","29,330,840.437","12,930,443.436","18,638,372.678","23,500,068.897","30,605,902.797","17,019,539.131","24,078,071.944","25,903,403.948","29,650,596.4","15,738,754.82","22,182,595.894","23,854,744.048","26,441,926.252","14,455,111.977","19,718,511.179","20,654,096.958","24,527,186.641","13,338,123.916","16,043,094.318","20,392,584.727","21,886,045.418","11,103,796.491","12,348,008.069","17,753,865.803","16,822,358.829","9,199,906.182","7,424,801.198","16,256,686.165","15,392,304.838","9,074,872.453","6,486,080.647","15,661,124.491","14,433,952.403","8,817,079.353","6,044,017.217","5,885,458.712","-7,574,501.221","7,503,199.033","4,707,966.534","19,870,967.742","11,500,000","-2,227,500","3,666,666.667","14,956,950.673","10,733,333.333","8,800,000","6,333,333.333","19,315,824.916","10,562,962.963","7,400,000","4,563,768.116","15,940,909.091","7,330,841.121","5,053,846.154","2,914,285.714","12,284,482.759","5,059,459.459","3,694,736.842","2,222,222.222","10,700,000","3,631,481.481","2,742,857.143","1,368,421.053","7,107,692.308","1,862,068.966","962,500","630,000","9,382,142.857","-1,460,000","-1,580,000","-375,000","3,640,000","2,105,263.158","225,000","400,000","4,337,704.918","638,759.69","66,666.667","375,000","2,622,413.793","2,175,000",,,,,,,,,,,,,,,,
InterestIncome,,,,,,,,,,,,,,,,,,,,,,,,,,,,,,,,,,,,,,,,,,,,,,,,,,,"106,000","55,000","90,000","132,000",,,,,,,,,,,,,,,,,,,,,,,,,,,,,,,,,,,,,,,,,,,,,,,,,,,,,,,,,,,,,,,,,,,,,,,,,,,,,,,,,,,,,,,,,,,,,,
InterestExpense,"36,500,000","8,700,000","8,500,000","9,600,000","9,700,000","9,600,000","12,500,000","12,800,000","10,500,000","7,800,000","8,200,000","8,200,000","6,700,000","6,900,000","5,800,000","5,800,000","5,700,000","7,200,000","8,700,000","8,600,000","5,900,000","8,900,000","9,900,000","8,600,000","7,800,000","8,500,000","10,700,000","9,000,000","9,000,000","9,500,000","14,000,000","10,000,000","10,500,000","10,900,000","14,700,000","11,900,000","12,500,000","12,900,000","13,001,000","283,000","329,000","419,000",,,,,,"56,000",,"89,000","-6,000","70,000","209,000","221,000",,,,,,,,,,,,,,,,,,,,,,,,,,,,,,,,,,,,,,,,,,,,,,,,,,,,,,,,,,,,,,,,,,,,,,,,,,,,,,,,,,,,,,,,,,,,,,
NetInterestIncome,"-36,500,000","-8,700,000","-8,500,000","-9,600,000","-9,700,000","-9,600,000","-12,500,000","-12,800,000","-10,500,000","-7,800,000","-8,200,000","-8,200,000","-6,700,000","-6,900,000","-5,800,000","-5,800,000","-5,700,000","-7,200,000","-8,700,000","-8,600,000","-5,900,000","-8,900,000","-9,900,000","-8,600,000","-7,800,000","-8,500,000","-10,700,000","-9,000,000","-9,000,000","-9,500,000","-14,000,000","-10,000,000","-10,500,000","-10,900,000","-14,700,000","-11,900,000","-12,500,000","-12,900,000","-11,558,000","-1,726,000","-329,000","-419,000","-378,000","-293,000","-129,000","226,000","-246,000","-56,000","4,000","-89,000","112,000","-15,000","-119,000","-89,000",,,,,,,,,,,,,,,,,,,,,,,,,,,,,,,,,,,,,,,,,,,,,,,,,,,,,,,,,,,,,,,,,,,,,,,,,,,,,,,,,,,,,,,,,,,,,,
EBIT,"83,100,000","20,700,000","-10,200,000","8,900,000","63,700,000","55,300,000","-210,200,000","43,200,000","9,000,000","17,500,000","-3,500,000","69,200,000","56,500,000","53,700,000","46,700,000","69,700,000","73,400,000","62,100,000","-72,200,000","35,700,000","27,900,000","30,100,000","2,000,000","68,500,000","40,700,000","34,100,000","18,600,000","73,800,000","45,800,000","64,600,000","27,100,000","87,900,000","49,000,000","62,900,000","7,400,000","85,300,000","36,400,000","50,600,000","2,638,000","46,325,000","22,181,000","36,015,000","31,032,000","56,441,000","33,366,000","49,455,000","29,886,000","47,901,000","27,386,000","40,030,000","22,024,000","36,551,000","11,886,000","15,725,000","34,936,000","46,341,000","25,888,000","36,269,000","38,144,000","44,404,000","23,566,000","32,666,000","32,537,000","39,463,000","21,668,000","29,628,000","32,274,000","36,574,000","20,211,000","24,252,000","30,721,000","32,989,000","17,198,000","19,104,000","26,431,000","26,290,000","14,902,000","12,313,000","26,149,000","24,590,000","15,097,000","11,238,000","25,556,000","23,669,000","15,030,000","10,603,000","11,940,000","-9,618,000","13,350,000","9,348,000","34,300,000","19,800,000","-1,200,000","7,800,000","24,300,000","18,400,000","15,200,000","11,300,000","30,600,000","16,400,000","12,100,000","7,700,000","24,100,000","11,100,000","8,200,000","4,800,000","18,500,000","8,700,000","6,300,000","3,900,000","15,000,000","6,700,000","5,000,000","2,800,000","10,600,000","4,100,000","2,800,000","2,100,000","14,000,000","-700,000","-1,200,000","500,000","8,000,000","3,900,000","1,400,000","1,400,000","8,000,000","2,200,000","1,300,000","1,400,000","5,800,000","4,200,000","66,200,000","64,200,000","-208,200,000","83,500,000","65,200,000","72,800,000","-204,600,000","79,300,000","64,300,000","71,600,000","-231,900,000","89,000,000","68,900,000","74,400,000","-255,500,000","98,700,000"
EBITDA,"117,600,000"
ReconciledCostOfRevenue,"1,450,100,000","353,500,000","373,200,000","361,900,000","361,500,000","288,400,000","305,000,000","291,100,000","201,900,000","257,500,000","377,500,000","331,000,000","338,200,000","303,200,000","352,500,000","326,500,000","332,700,000","306,200,000","356,500,000","350,600,000","371,900,000","356,600,000","462,400,000","366,400,000","357,100,000","348,800,000","479,000,000","407,200,000","383,700,000","370,000,000","508,800,000","426,400,000","367,800,000","371,800,000","465,400,000","430,600,000","346,700,000","383,800,000","412,902,000","214,512,000","194,650,000","190,614,000","256,313,000","214,907,000","188,022,000","193,075,000","242,292,000","191,825,000","154,093,000","166,327,000","189,756,000","172,799,000","153,380,000","152,381,000","212,785,000","190,122,000","164,963,000","166,677,000","219,973,000","185,216,000","154,801,000","167,051,000","214,020,000","181,314,000","148,052,000","156,964,000","205,324,000","170,455,000","131,252,000","148,769,000","192,364,000","162,720,000","123,260,000","139,430,000","177,876,000","143,857,000","118,316,000","122,289,000","168,869,000","141,179,000","107,655,000","115,175,000","143,326,000","118,377,000","96,430,000","104,897,000","138,910,000","130,058,000","91,769,000","98,886,000","138,400,000","117,800,000","92,700,000","93,200,000","136,700,000","111,700,000","93,300,000","102,000,000","162,600,000","112,600,000","85,900,000","90,700,000","142,800,000","83,800,000","63,300,000","58,200,000","103,900,000","70,300,000","57,700,000","52,800,000","85,600,000","65,100,000","56,300,000","46,000,000","79,400,000","57,900,000","44,800,000","45,900,000","44,300,000","60,600,000","50,900,000","45,200,000","65,900,000","54,300,000","45,600,000","42,800,000","66,900,000","58,500,000","47,200,000","46,900,000","73,300,000","58,900,000",,,,,,,,,,,,,,,,
ReconciledDepreciation,"34,500,000","8,500,000","10,100,000","8,700,000","7,200,000","7,200,000","9,000,000","8,400,000","7,600,000","7,800,000","9,400,000","8,300,000","7,800,000","7,200,000","8,900,000","7,500,000","7,300,000","7,800,000","9,200,000","9,800,000","9,000,000","9,200,000","13,500,000","9,700,000","10,500,000","9,800,000","15,900,000","11,100,000","10,800,000","10,900,000","16,200,000","12,100,000","12,400,000","12,600,000","19,200,000","11,400,000","11,400,000","14,200,000","16,197,000","3,835,000","3,868,000","3,751,000","4,494,000","3,858,000","3,762,000","3,793,000","4,332,000","4,015,000","3,993,000","3,861,000","4,610,000","5,736,000","2,993,000","4,282,000","6,708,000","4,960,000","4,402,000","4,626,000","8,589,000","4,782,000","4,468,000","4,952,000","6,321,000","4,875,000","4,753,000","4,673,000","6,475,000","4,545,000","4,578,000","4,442,000","5,550,000","4,594,000","4,250,000","4,677,000","5,618,000","3,832,000","4,248,000","4,249,000","4,461,000","4,128,000","4,239,000","4,032,000","4,741,000","4,277,000","4,301,000","4,302,000","9,932,000","1,487,000","3,547,000","2,729,000","10,300,000","1,200,000","2,300,000","1,100,000","10,300,000","1,100,000","1,000,000","600,000","6,200,000","1,700,000","1,100,000","200,000","6,600,000","700,000","-500,000","300,000","2,600,000","1,400,000","1,100,000","700,000","3,800,000","1,400,000","-200,000","700,000","1,600,000","1,200,000","1,200,000","1,200,000","1,200,000","2,100,000","600,000","1,300,000","1,700,000","1,400,000","800,000","1,100,000","1,500,000","1,400,000","1,200,000","1,000,000","1,900,000","1,000,000",,,,,,,,,,,,,,,,
NetIncomeFromContinuingOperationNetMinorityInterest,"39,800,000","9,700,000","-14,600,000","0","44,700,000","38,500,000","-170,700,000","22,400,000","-1,600,000","13,000,000","-900,000","48,700,000","40,200,000","40,500,000","39,300,000","58,800,000","55,300,000","46,700,000","-60,300,000","23,200,000","20,700,000","16,700,000","-1,900,000","48,200,000","24,000,000","17,400,000","11,600,000","45,800,000","25,300,000","40,100,000","10,700,000","57,800,000","27,500,000","37,100,000","-1,700,000","54,400,000","17,900,000","29,800,000","-3,717,000","32,727,000","20,496,000","31,180,000","23,013,000","40,435,000","23,963,000","35,863,000","25,646,000","34,143,000","17,222,000","27,459,000","16,717,000","26,794,000","7,906,000","10,495,000","24,117,000","31,191,000","16,812,000","23,701,000","25,596,000","29,483,000","15,518,000","22,289,000","23,645,000","26,140,000","14,234,000","19,629,000","20,444,000","24,634,000","13,257,000","16,133,000","20,709,000","21,946,000","10,985,000","12,299,000","18,608,000","16,414,000","9,281,000","7,414,000","17,068,000","15,342,000","9,099,000","6,403,000","16,038,000","14,364,000","8,858,000","5,980,000","13,779,000","-15,480,000","7,595,000","4,795,000","20,000,000","11,500,000","-2,700,000","3,600,000","15,300,000","10,800,000","9,200,000","6,400,000","20,200,000","9,200,000","7,400,000","4,700,000","16,700,000","7,400,000","5,400,000","3,400,000","12,500,000","5,200,000","3,900,000","2,500,000","10,700,000","3,700,000","2,400,000","1,300,000","7,700,000","2,000,000","1,100,000","700,000","14,200,000","-7,300,000","-1,700,000","-600,000","1,000,000","1,600,000","300,000","400,000","4,200,000","-10,300,000","200,000","300,000","3,900,000","2,100,000",,,,,,,,,,,,,,,,
TotalUnusualItemsExcludingGoodwill,"-34,300,000",,"-300,000","-34,000,000","0",,"-227,500,000","0","-200,000",,"0",,,,"-600,000","0",,"0","-75,900,000","-23,000,000","-22,600,000","-20,000,000","-46,200,000","-1,400,000","-1,800,000","-10,700,000","-27,100,000","-6,400,000","-3,700,000","1,000,000","-24,700,000","-10,300,000","-5,900,000","-1,600,000","-24,100,000","-7,400,000","-7,900,000","-15,200,000","-28,362,000","-4,429,000","-668,000","-946,000","-147,000","257,000","-973,000","-580,000","1,287,000","244,000","-2,706,000","-287,000","-6,636,000","-3,454,000","-7,421,000","-12,030,000","838,000","880,000","-312,000","-567,000","-449,000","-252,000","-332,000","160,000","-288,000","-452,000","-331,000","-134,000","-322,000","158,000","-120,000","133,000","462,000","88,000","-175,000","-72,000","1,187,000","-605,000","120,000","-16,000","1,209,000","-75,000","36,000","-124,000","571,000","-106,000","62,000","-97,000","11,773,000","-12,133,000","135,000","128,000","200,000",,"-700,000","-100,000","500,000","100,000","600,000","100,000","1,300,000","-2,000,000",,"200,000","1,100,000","100,000","500,000","700,000","300,000","200,000","300,000","400,000",,"100,000","-500,000","-100,000","800,000","200,000","200,000","100,000","7,600,000","-9,600,000","-200,000","-300,000","-4,400,000","-600,000","100,000",,"-200,000","-13,700,000","200,000","-100,000","1,900,000","-100,000",,,,,,,,,,,,,,,,
TotalUnusualItems,"-34,300,000",,"-300,000","-34,000,000","0",,"-227,500,000","0","-200,000",,"0",,,,"-600,000","0",,"0","-75,900,000","-23,000,000","-22,600,000","-20,000,000","-46,200,000","-1,400,000","-1,800,000","-10,700,000","-27,100,000","-6,400,000","-3,700,000","1,000,000","-24,700,000","-10,300,000","-5,900,000","-1,600,000","-24,100,000","-7,400,000","-7,900,000","-15,200,000","-28,362,000","-4,429,000","-668,000","-946,000","-147,000","257,000","-973,000","-580,000","1,287,000","244,000","-2,706,000","-287,000","-6,636,000","-3,454,000","-7,421,000","-12,030,000","838,000","880,000","-312,000","-567,000","-449,000","-252,000","-332,000","160,000","-288,000","-452,000","-331,000","-134,000","-322,000","158,000","-120,000","133,000","462,000","88,000","-175,000","-72,000","1,187,000","-605,000","120,000","-16,000","1,209,000","-75,000","36,000","-124,000","571,000","-106,000","62,000","-97,000","11,773,000","-12,133,000","135,000","128,000","200,000",,"-700,000","-100,000","500,000","100,000","600,000","100,000","1,300,000","-2,000,000",,"200,000","1,100,000","100,000","500,000","700,000","300,000","200,000","300,000","400,000",,"100,000","-500,000","-100,000","800,000","200,000","200,000","100,000","7,600,000","-9,600,000","-200,000","-300,000","-4,400,000","-600,000","100,000",,"-200,000","-13,700,000","200,000","-100,000","1,900,000","-100,000",,,,,,,,,,,,,,,,
NormalizedEBITDA,"151,900,000","29,200,000","200,000","51,600,000","70,900,000","62,500,000","26,300,000","51,600,000","16,800,000","25,300,000","5,900,000","77,500,000","64,300,000","60,900,000","56,200,000","77,200,000","80,700,000","69,900,000","12,900,000","68,500,000","59,500,000","59,300,000","61,700,000","79,600,000","53,000,000","54,600,000","61,600,000","91,300,000","60,300,000","74,500,000","68,000,000","110,300,000","67,300,000","77,100,000","50,700,000","104,100,000","55,700,000","80,000,000","18,835,000","50,160,000","26,717,000","40,712,000","35,673,000","60,042,000","38,101,000","53,828,000","32,931,000","51,672,000","34,085,000","44,178,000","33,270,000","45,741,000","22,300,000","32,037,000","40,806,000","50,421,000","30,602,000","41,462,000","47,182,000","49,438,000","28,366,000","37,458,000","39,146,000","44,790,000","26,752,000","34,435,000","39,071,000","40,961,000","24,909,000","28,561,000","35,809,000","37,495,000","21,623,000","23,853,000","30,862,000","30,727,000","19,030,000","16,578,000","29,401,000","28,793,000","19,300,000","15,394,000","29,726,000","28,052,000","19,269,000","15,002,000","10,099,000","4,002,000","16,762,000","11,949,000","44,400,000","21,000,000","1,800,000","9,000,000","34,100,000","19,400,000","15,600,000","11,800,000","35,500,000","20,100,000","13,200,000","7,700,000","29,600,000","11,700,000","7,200,000","4,400,000","20,800,000","10,000,000","7,100,000","4,200,000","18,800,000","8,000,000","5,700,000","3,600,000","11,400,000","5,100,000","3,800,000","3,200,000","7,600,000","11,000,000","-400,000","2,100,000","14,100,000","5,900,000","2,100,000","2,500,000","9,700,000","17,300,000","2,300,000","2,500,000","5,800,000","5,300,000","66,200,000","64,200,000","-208,200,000","83,500,000","65,200,000","72,800,000","-204,600,000","79,300,000","64,300,000","71,600,000","-231,900,000","89,000,000","68,900,000","74,400,000","-255,500,000","98,700,000"
TaxRateForCalcs,"0.206","0.304","0.198","0.27","0.177","0.16","0.231","0.285","0.27","0.27","0.27","0.203","0.194","0.132","0.039","0.078","0.181","0.151","0.248","0.146","0.07","0.207","0.4","0.195","0.267","0.314","0.4","0.29","0.314","0.273","0.145","0.257","0.282","0.285","0.35","0.259","0.242","0.209","0.35","0.271","0.07","0.124","0.243","0.283","0.257","0.28","0.204","0.29","0.29","0.29","0.241","0.266","0.323","0.323","0.264","0.335","0.335","0.335","0.315","0.335","0.335","0.335","0.272","0.332","0.332","0.332","0.348","0.324","0.324","0.324","0.315","0.319","0.321","0.319","0.28","0.325","0.324","0.325","0.329","0.329","0.33","0.33","0.34","0.34","0.34","0.34","0.33","0.348","0.32","0.32","0.355","0.335","0.325","0.333","0.314","0.333","0.333","0.333","0.32","0.319","0.321","0.319","0.31","0.308","0.308","0.306","0.282","0.297","0.316","0.306","0.267","0.315","0.314","0.316","0.26","0.31","0.313","0.3","0.366","0.392","0.4","0.25","0.4","0.158","0.25","0.2","0.311","0.202","0.333","0.25","0.328","0.25",,,,,,,,,,,,,,,,
TaxEffectOfUnusualItems,"-7,066,094.421","0","-59,358.289","-9,180,000","0","0","-52,610,013.471","0","-54,000","0","0","0","0","0","-23,471.883","0","0","0","-18,857,725.587","-3,358,000","-1,582,000","-4,140,000","-18,480,000","-273,000","-480,600","-3,359,800","-10,840,000","-1,856,000","-1,161,800","273,000","-3,582,442.748","-2,647,100","-1,663,800","-456,000","-8,435,000","-1,916,600","-1,911,800","-3,176,800","0","0","-46,760","-117,304","-35,793.195","72,764.649","-250,337.001","-162,393.945","262,115.603","70,760.964","-784,950.822","-83,221.317","-1,600,411.621","-917,159.563","-2,396,556.564","-3,886,627.322","221,068.897","294,902.797","-104,460.869","-189,928.056","-141,596.052","-84,403.6","-111,245.18","53,595.894","-78,255.952","-150,073.748","-109,888.023","-44,488.821","-111,903.042","51,186.641","-38,876.084","43,094.318","145,584.727","28,045.418","-56,203.509","-22,991.931","332,865.803","-196,641.171","38,906.182","-5,198.802","397,686.165","-24,695.162","11,872.453","-40,919.353","194,124.491","-36,047.597","21,079.353","-32,982.783","3,879,458.712","-4,227,501.221","43,199.033","40,966.534","70,967.742","0","-227,500","-33,333.333","156,950.673","33,333.333","200,000","33,333.333","415,824.916","-637,037.037","0","63,768.116","340,909.091","30,841.121","153,846.154","214,285.714","84,482.759","59,459.459","94,736.842","122,222.222","0","31,481.481","-157,142.857","-31,578.947","207,692.308","62,068.966","62,500","30,000","2,782,142.857","-3,760,000","-80,000","-75,000","-1,760,000","-94,736.842","25,000","0","-62,295.082","-2,761,240.31","66,666.667","-25,000","622,413.793","-25,000",,,,,,,,,,,,,,,,