name,ttm,03/31/2022,12/31/2021,09/30/2021,06/30/2021,03/31/2021,12/31/2020,09/30/2020,06/30/2020,03/31/2020,12/31/2019,09/30/2019,06/30/2019,03/31/2019,12/31/2018,09/30/2018,06/30/2018,03/31/2018,12/31/2017,09/30/2017,06/30/2017,03/31/2017,12/31/2016,09/30/2016,06/30/2016,03/31/2016,12/31/2015,09/30/2015,06/30/2015,03/31/2015,12/31/2014,09/30/2014,06/30/2014,03/31/2014,12/31/2013,09/30/2013,06/30/2013,03/31/2013,12/31/2012,09/30/2012,06/30/2012,03/31/2012,12/31/2011,09/30/2011,06/30/2011,03/31/2011,12/31/2010,09/30/2010,06/30/2010,03/31/2010,12/31/2009,09/30/2009,06/30/2009,03/31/2009,12/31/2008,09/30/2008,06/30/2008,03/31/2008,12/31/2007,09/30/2007,06/30/2007,03/31/2007,12/31/2006,09/30/2006,06/30/2006,03/31/2006,12/31/2005,09/30/2005,06/30/2005,03/31/2005,12/31/2004,09/30/2004,06/30/2004,03/31/2004,12/31/2003,09/30/2003,06/30/2003,03/31/2003,12/31/2002,09/30/2002,06/30/2002,03/31/2002
TotalRevenue,"13,290,000,000","3,473,000,000","3,361,000,000","3,270,000,000","5,036,000,000","4,774,000,000","4,665,000,000","4,221,000,000","3,502,000,000","3,864,000,000","4,136,000,000","4,154,000,000","4,238,000,000","4,120,000,000","4,388,900,000","4,335,100,000","4,363,500,000","4,191,500,000","4,193,900,000","3,887,100,000","3,760,300,000","3,539,500,000","3,676,600,000","3,713,800,000","3,683,300,000","3,545,700,000","3,342,200,000","2,362,100,000","1,215,900,000","703,000,000","830,718,000","662,470,000","581,009,000","282,403,000","257,232,000","193,982,000","137,091,000","113,999,000","108,503,000","70,988,000","54,540,000","44,560,000","44,085,000","47,389,000","44,094,000","41,508,000","41,557,000","44,448,000","40,340,000","31,642,000","31,610,000","26,211,000","22,243,000","20,072,000","21,093,000","32,438,000","30,925,000","25,006,000","14,095,000","13,359,000","13,842,000","11,493,000","10,665,000","10,851,000","11,120,000","9,555,000","9,697,630","9,511,754","10,290,000","10,349,000","13,930,782","14,361,376","7,568,090","6,620,752","4,453,477","4,026,245","3,320,310","2,887,722","3,844,155","2,217,430","1,782,541","2,150,380"
	OperatingRevenue,"13,290,000,000","3,473,000,000","3,361,000,000","3,270,000,000","5,036,000,000","4,774,000,000","4,665,000,000","4,221,000,000","3,502,000,000","3,864,000,000","4,136,000,000","4,154,000,000","4,238,000,000","4,120,000,000","4,388,900,000","4,335,100,000","4,363,500,000","4,191,500,000","4,193,900,000","3,887,100,000","3,760,300,000","3,539,500,000","3,676,600,000","3,713,800,000","3,683,300,000","3,545,700,000","3,342,200,000","2,362,100,000","1,215,900,000","703,000,000","830,718,000","662,470,000","581,009,000","282,403,000","257,232,000","193,982,000","137,091,000","113,999,000","108,503,000","70,988,000","54,540,000","44,560,000","44,085,000","47,389,000","44,094,000","41,508,000","41,557,000","44,448,000","40,340,000","31,642,000","31,610,000","26,211,000","22,243,000","20,072,000","21,093,000","32,438,000","30,925,000","25,006,000","14,095,000","13,359,000","13,842,000","11,493,000","10,665,000","10,851,000","11,120,000","9,555,000","9,697,630","9,511,754","10,290,000","10,349,000","13,930,782","14,361,376","7,568,090","6,620,752","4,453,477","4,026,245","3,320,310","2,887,722","3,844,155","2,217,430","1,782,541","2,150,380"
CostOfRevenue,"11,244,000,000","2,938,000,000","2,852,000,000","2,790,000,000","4,196,000,000","3,984,000,000","3,921,000,000","3,499,000,000","3,011,000,000","3,258,000,000","3,486,000,000","3,469,000,000","3,525,000,000","3,502,000,000","3,777,600,000","3,678,900,000","3,681,200,000","3,600,300,000","3,610,900,000","3,301,400,000","3,163,800,000","3,025,000,000","2,112,200,000","3,495,200,000","3,447,500,000","3,424,400,000","3,283,700,000","2,280,300,000","1,214,700,000","689,200,000","804,093,000","657,017,000","573,893,000","290,498,000","255,376,000","202,880,000","145,908,000","121,104,000","150,014,000","61,064,000","46,074,000","37,787,000","36,914,000","39,169,000","36,914,000","34,301,000","35,134,000","36,309,000","33,101,000","26,043,000","26,452,000","21,482,000","18,606,000","16,856,000","17,927,000","27,136,000","25,985,000","20,580,000","10,800,000","10,310,000","10,328,000","8,473,000","8,005,000","8,005,000","8,257,000","7,129,000","6,954,135","7,447,718","8,057,000","8,378,000","10,516,704","12,113,206","6,219,169","5,470,921",,"2,860,157","2,385,537",,,,,
GrossProfit,"2,046,000,000","535,000,000","509,000,000","480,000,000","840,000,000","790,000,000","744,000,000","722,000,000","491,000,000","606,000,000","650,000,000","685,000,000","713,000,000","618,000,000","611,300,000","656,200,000","682,300,000","591,200,000","583,000,000","585,700,000","596,500,000","514,500,000","1,564,400,000","218,600,000","235,800,000","121,300,000","58,500,000","81,800,000","1,200,000","13,800,000","26,625,000","5,453,000","7,116,000","-8,095,000","1,856,000","-8,898,000","-8,817,000","-7,105,000","-41,511,000","9,924,000","8,466,000","6,773,000","7,171,000","8,220,000","7,180,000","7,207,000","6,423,000","8,139,000","7,239,000","5,599,000","5,158,000","4,729,000","3,637,000","3,216,000","3,166,000","5,302,000","4,940,000","4,426,000","3,295,000","3,049,000","3,514,000","3,020,000","2,660,000","2,846,000","2,863,000","2,426,000","2,743,495","2,064,036","2,233,000","1,971,000","3,414,078","2,248,170","1,348,921","1,149,831",,"1,166,088","934,773",,,,,
OperatingExpense,"1,328,000,000","344,000,000","321,000,000","339,000,000","594,000,000","588,000,000","516,000,000","499,000,000","632,000,000","525,000,000","448,000,000","456,000,000","455,000,000","486,000,000","485,300,000","447,200,000","454,300,000","450,200,000","445,200,000","398,900,000","411,500,000","400,900,000","1,477,800,000","49,800,000","65,000,000","58,900,000","96,500,000","37,700,000","31,300,000","18,600,000","20,632,000","19,091,000","19,011,000","13,266,000","10,380,000","9,521,000","5,198,000","4,262,000","-30,419,000","19,204,000","11,834,000","10,997,000","9,560,000","7,750,000","5,537,000","5,207,000","5,062,000","5,219,000","4,598,000","4,075,000","4,036,000","3,284,000","3,006,000","3,243,000","2,584,000","3,276,000","3,524,000","20,580,000","2,579,000","2,271,000","2,269,000","4,500,000","2,103,000","1,861,000","1,923,000","7,129,000","6,954,174","6,957,679","7,682,000","4,795,000","1,607,559","14,804,569","8,166,189","1,702,762","11,913,853","1,092,846","733,146","2,692,927","-4,165,294","2,091,344","1,746,576","2,027,020"
	SellingGeneralAndAdministration,"1,328,000,000","344,000,000","321,000,000","339,000,000","594,000,000","588,000,000","516,000,000","499,000,000","632,000,000","525,000,000","448,000,000","456,000,000","455,000,000","486,000,000","485,300,000","447,200,000","454,300,000","450,200,000","445,200,000","398,900,000","411,500,000","400,900,000","1,477,800,000","49,800,000","65,000,000","58,900,000","96,500,000","37,700,000","31,300,000","18,600,000","20,632,000","19,091,000","19,011,000","13,266,000","10,380,000","9,521,000","5,198,000","4,262,000","-30,419,000","19,204,000","11,461,000","10,997,000","8,514,000","7,750,000","5,537,000","5,207,000","5,062,000","5,219,000","4,598,000","4,075,000","4,036,000","3,284,000","3,006,000","3,243,000","2,584,000","3,276,000","3,524,000","3,280,000","2,579,000","2,271,000","2,242,000","4,500,000","2,103,000","1,861,000","1,923,000","1,721,000","2,092,033","2,558,309","3,278,000","6,592,000","6,940,855","2,691,363","1,947,020","1,702,762","970,693","1,092,846","733,146","502,737","563,740","354,785","463,108","361,843"
		GeneralAndAdministrativeExpense,,,,,,,,,,,,,,,,,,,,,,,,"49,800,000","65,000,000","58,900,000","96,500,000","37,700,000","31,300,000","18,600,000","20,632,000","19,091,000","19,011,000","13,266,000","10,380,000","9,521,000","5,198,000","4,262,000",,,"11,461,000",,,,,,,,,,,,,,,,,,,,,,,,,,,,,,,,,,,,,,,,,
			SalariesAndWages,,,,,,,,,,,,,,,,,,,,,,,,,,,,,,,,,,,,,,,,,"6,030,000",,,,,,,,,,,,,,,,,,,,,,,,,,,,,,,,,,,,,,,,,
			OtherGandA,,,,,,,,,,,,,,,,,,,,,,,,"49,800,000","65,000,000","58,900,000","96,500,000","37,700,000","31,300,000","18,600,000","20,632,000","19,091,000","19,011,000","13,266,000","10,380,000","9,521,000","5,198,000","4,262,000",,,"5,431,000",,,,,,,,,,,,,,,,,,,,,,,,,,,,,,,,,,,,,,,,,
	DepreciationAmortizationDepletionIncomeStatement,,,,,,,,,,,,,,,,,,,,,,,,,,,,,,,,,,,,,,,,,"373,000",,,,"0",,,,,,,,,,,,,"242,000",,,,"231,000","305,000",,,"259,000","259,541",,,"447,000","431,422",,,"239,296",,,,,,,,
		DepreciationAndAmortizationInIncomeStatement,,,,,,,,,,,,,,,,,,,,,,,,,,,,,,,,,,,,,,,,,"373,000",,,,,,,,,,,,,,,,,,,,,,,,,,,,,,,,,,,,,,,,,
	OtherOperatingExpenses,,,,,,,,,,,,,,,,,,,,,,,,,,,,,,,,,,,,,,,,,,,,,,,,,,,,,,,,,,"17,058,000",,,"27,000","-231,000","-305,000",,,"5,149,000","4,602,600","4,399,370","4,404,000","-2,244,000","-5,764,718","12,113,206","6,219,169","-239,296",,,,"2,190,190","-4,729,034","1,736,559","1,283,468","1,665,177"
OperatingIncome,"718,000,000","191,000,000","188,000,000","141,000,000","246,000,000","202,000,000","228,000,000","223,000,000","-141,000,000","81,000,000","202,000,000","229,000,000","258,000,000","132,000,000","126,000,000","209,000,000","228,000,000","141,000,000","137,800,000","186,800,000","185,000,000","113,600,000","86,600,000","168,800,000","170,800,000","62,400,000","-38,000,000","44,100,000","-30,100,000","-4,800,000","5,993,000","-13,638,000","-11,895,000","-21,361,000","-8,524,000","-18,419,000","-14,015,000","-11,367,000","-11,092,000","-9,280,000","-3,368,000","-4,224,000","-2,389,000","470,000","1,643,000","2,000,000","1,361,000","2,920,000","2,641,000","1,524,000","1,122,000","1,445,000","631,000","-27,000","582,000","2,026,000","1,416,000","-16,154,000","716,000","778,000","1,245,000","-1,480,000","557,000","985,000","940,000","-4,703,000","-4,210,679","-4,893,643","-5,449,000","-2,824,000","1,806,519","-12,556,399","-6,817,268","-552,931","-24,492","73,242","201,627","194,795","227,817","126,086","35,965","123,360"
NetNonOperatingInterestIncomeExpense,"-183,000,000","-37,000,000","-35,000,000","-53,000,000","-63,000,000","-69,000,000","-85,000,000","-86,000,000","-82,000,000","-72,000,000","-74,000,000","-75,000,000","-72,000,000","-71,000,000","-51,700,000","-51,000,000","-54,900,000","-59,400,000","-61,900,000","-72,500,000","-74,300,000","-75,600,000","-80,300,000","-93,000,000","-94,700,000","-93,100,000","-95,800,000","-61,500,000","-36,300,000","-23,100,000","-16,697,000","-17,842,000","-3,403,000","-10,058,000","-5,584,000","-6,415,000","-3,106,000","-3,064,000","-3,177,000","-15,000","-3,000","-12,000","-46,000","-49,000","-47,000","-49,000","-65,000","-32,000","-88,000","-20,000","-31,000","-26,000","-26,000","-22,000","-81,000","-94,000","-99,000","-80,000",,,,,,,,,,,,,,,,,,,,,,,,
	InterestExpenseNonOperating,"183,000,000","37,000,000","35,000,000","53,000,000","63,000,000","69,000,000","85,000,000","86,000,000","82,000,000","72,000,000","74,000,000","75,000,000","72,000,000","71,000,000","51,700,000","51,000,000","54,900,000","59,400,000","61,900,000","72,500,000","74,300,000","75,600,000","80,300,000","93,000,000","94,700,000","93,100,000","95,800,000","61,500,000","36,300,000","23,100,000","16,697,000","17,842,000","3,403,000","10,058,000","5,584,000","6,415,000","3,106,000","3,064,000","3,177,000","15,000","3,000","12,000","46,000","49,000","47,000","49,000","65,000","32,000","88,000","20,000","31,000","26,000","26,000","22,000","81,000","94,000","99,000","80,000",,,,,,,,,,,,,,,,,,,,,,,,
OtherIncomeExpense,"395,000,000","448,000,000","0","-56,000,000","21,000,000","20,000,000","18,000,000","20,000,000","18,000,000","26,000,000","9,000,000","16,000,000","5,000,000","10,000,000","43,300,000","-1,800,000","40,200,000","-2,700,000","-16,700,000","-12,900,000","-25,700,000","-22,900,000","28,100,000","-51,800,000","7,800,000","-4,300,000","1,300,000","-16,100,000","-21,900,000","-400,000","-254,000","-296,000","-235,000","-15,000","-184,000","-235,000","-167,000","109,000","-44,000","-314,000","-26,000","21,000","6,000",,"-33,000","-29,000","-38,000","-48,000","-34,000","-20,000","-23,000","-19,000","-19,000","10,000","-69,000","-21,000","-12,000","3,000",,"-33,000",,"2,243,000","364,000","-26,000","-29,000","-1,824,000","12,532,006","-3,048,348","-261,000","-3,578,000",,,,,,,,,,,,
	GainOnSaleOfSecurity,,,"0","4,000,000","-3,000,000","2,000,000","-2,000,000",,"-3,000,000","8,000,000","-4,000,000","5,000,000","-8,000,000","-2,000,000","2,300,000","-3,300,000","10,000,000","-12,000,000","-3,700,000","-15,000,000","-28,300,000","-10,600,000","44,800,000","-1,300,000","-100,000","-3,100,000","500,000","-14,500,000",,,,,,,,,,,,,,,,,,,,,,,,,,,,,,,,,,,,,,,,,,,,,,,,,,,,,,
	SpecialIncomeCharges,"338,000,000","434,000,000","-14,000,000","-75,000,000","0","-8,000,000","0","0","0","0","0","0","0","-5,000,000","100,000","-16,800,000","0","-10,300,000","-22,400,000","-4,600,000","0","-9,000,000","-16,500,000","-53,200,000",,,,,,,,,,,,,,,,,"-26,000","21,000","6,000","0","-33,000","-29,000","-38,000","-48,000","-34,000","-20,000","-23,000","-19,000","-19,000","10,000","-69,000","-21,000","-12,000","3,000","-1,000","-33,000","0","2,243,000","364,000","-26,000","-29,000","-1,824,000","12,532,006","-3,048,348","-261,000","-3,578,000","-2,480,000","0","0","0",,,,,,,,
		RestructuringAndMergernAcquisition,"66,000,000","16,000,000","14,000,000","29,000,000",,,,,,,,,,,,,,,,,,,,,,,,,,,,,,,,,,,,,,,,,,,,,,,,,,,,,,,,,,,,,,,"-39","490,039","375,000","3,583,000",,,,,,,,,,,,
		OtherSpecialCharges,,,"0","46,000,000",,"8,000,000",,,,,"0",,,"5,000,000","-100,000","16,800,000",,"10,300,000","22,400,000","4,600,000",,"9,000,000","16,500,000","53,200,000",,,,,,,,,,,,,,,,,,,,,"33,000",,,,,,,,,,,,,,,,,,,,,,,"2,558,309","-114,000","-5,000",,,,,,,,,,,,
		GainOnSaleOfBusiness,,"450,000,000",,,,,,,,,,,,,,,,,,,,,,,,,,,,,,,,,,,,,,,,,,,,,,,,,,,,,,,,,,,,,,,,,,,,,,,,,,,,,,,,
	OtherNonOperatingIncomeExpenses,"55,000,000","14,000,000","14,000,000","15,000,000","24,000,000","26,000,000","20,000,000","20,000,000","21,000,000","18,000,000","13,000,000","11,000,000","13,000,000","17,000,000","40,900,000","18,300,000","30,200,000","19,600,000","9,400,000","6,700,000","2,600,000","-3,300,000","-200,000","2,700,000","7,900,000","-1,200,000","800,000","-1,600,000","-21,900,000","-400,000","-254,000","-296,000","-235,000","-15,000","-184,000","-235,000","-167,000","109,000","-44,000","-314,000",,,,,,,,,,,,,,,,,,,,,,,,,,,,,,,,,,,,,,,,,,
PretaxIncome,"930,000,000","602,000,000","153,000,000","32,000,000","204,000,000","153,000,000","161,000,000","157,000,000","-205,000,000","35,000,000","137,000,000","170,000,000","191,000,000","71,000,000","117,600,000","156,200,000","213,300,000","78,900,000","59,200,000","101,400,000","85,000,000","15,100,000","34,400,000","24,000,000","83,400,000","-35,000,000","-132,500,000","-33,500,000","-88,300,000","-28,300,000","-10,958,000","-31,776,000","-15,533,000","-31,434,000","-14,292,000","-25,069,000","-17,288,000","-14,322,000","-14,313,000","-9,609,000","-3,397,000","-4,215,000","-2,429,000","421,000","1,563,000","1,922,000","1,258,000","2,840,000","2,519,000","1,484,000","1,068,000","1,400,000","586,000","-39,000","432,000","1,911,000","1,305,000","1,063,000","723,000","798,000","1,211,000","739,000","466,000","905,000","848,000","557,000","597,570","-550,697","-1,211,000","-4,650,000","-3,470,835","-454,783","-609,351","-624,031","-282,013","73,242","201,627","184,342","88,704","126,086","35,965","123,360"
TaxProvision,"181,000,000","113,000,000","27,000,000","11,000,000","46,000,000","35,000,000","33,000,000","59,000,000","-71,000,000","10,000,000","30,000,000","34,000,000","46,000,000","19,000,000","27,000,000","41,000,000","54,200,000","-200,000","-147,900,000","30,400,000","27,800,000","-9,800,000","2,300,000","2,700,000","33,000,000","-15,700,000","-69,600,000","1,900,000","-9,500,000","-13,600,000","-953,000","-20,077,000","-1,771,000","-3,299,000","-3,694,000","-19,044,000","74,000","222,000","-4,994,000","-6,460,000","1,780,000","-1,521,000","-967,000","231,000","649,000","805,000","438,000","1,110,000","1,015,000","650,000","467,000","599,000","273,000","-14,000","184,000","759,000","531,000","420,000","266,000","299,000","457,000","278,000","-1,128,000","0","0","0","0","0","0","0","-1,320,000","-166,000","-215,000","-220,000","-159,465","21,200","58,800","53,500","0","0","0","25,000"
NetIncomeCommonStockholders,"709,000,000","488,000,000","122,000,000","-57,000,000","156,000,000","115,000,000","96,000,000","84,000,000","-132,000,000","21,000,000","97,000,000","117,000,000","122,000,000","43,000,000","84,800,000","100,800,000","137,500,000","66,900,000","187,900,000","57,500,000","47,600,000","19,500,000","27,300,000","13,800,000","42,600,000","-23,200,000","-62,400,000","-93,100,000","-75,100,000","-15,400,000","-51,597,000","-12,432,000","-14,495,000","-28,877,000","-11,341,000","-6,768,000","-18,105,000","-15,287,000","-10,062,000","-3,899,000","-5,927,000","-3,444,000","-2,212,000","-44,396,000","914,000","1,117,000","820,000","1,730,000","1,504,000","834,000","601,000","811,000","288,000","5,000","587,000","1,152,000","774,000","643,000","457,000","499,000","754,000","461,000","1,594,000","905,000","848,000","557,000","597,570","-550,697","-1,211,000","-4,650,000","-2,150,835","-288,783","-394,351","-404,031","51,720","52,042","142,827","130,842","88,704","126,086","35,965","98,360"
	NetIncome,"709,000,000","488,000,000","122,000,000","-57,000,000","156,000,000","115,000,000","125,000,000","93,000,000","-131,000,000","23,000,000","107,000,000","130,000,000","135,000,000","47,000,000","91,400,000","109,000,000","149,000,000","72,600,000","204,500,000","62,500,000","51,900,000","21,300,000","29,800,000","15,100,000","46,600,000","-22,500,000","-61,800,000","-40,400,000","-74,400,000","-14,700,000","-10,005,000","-11,699,000","-13,762,000","-28,135,000","-10,598,000","-6,025,000","-17,362,000","-14,544,000","-9,319,000","-3,149,000","-5,177,000","-2,694,000","-1,462,000","190,000","914,000","1,117,000","820,000","1,730,000","1,504,000","834,000","601,000","811,000","288,000","5,000","587,000","1,152,000","774,000","643,000","457,000","499,000","754,000","461,000","1,594,000","905,000","848,000","557,000","597,570","-550,697","-1,211,000","-4,650,000","-2,150,835","-288,783","-394,351","-404,031","-122,548","52,042","142,827","130,842","88,704","126,086","35,965","98,360"
		NetIncomeIncludingNoncontrollingInterests,"711,000,000","488,000,000","122,000,000","-57,000,000","158,000,000","118,000,000","128,000,000","98,000,000","-134,000,000","25,000,000","107,000,000","136,000,000","145,000,000","52,000,000","90,600,000","115,200,000","159,100,000","79,100,000","207,100,000","71,000,000","57,200,000","24,900,000","32,100,000","21,300,000","50,400,000","-19,300,000","-62,900,000","-35,400,000","-78,800,000","-14,700,000","-10,005,000","-11,699,000","-13,762,000","-28,135,000","-10,598,000","-6,025,000","-17,362,000","-14,544,000","-9,319,000","-3,149,000","-5,177,000","-2,694,000","-1,462,000","190,000","914,000","1,117,000","820,000","1,730,000","1,504,000","834,000","601,000","811,000","288,000","5,000","587,000","1,152,000","774,000","643,000","457,000","499,000","754,000","461,000","1,594,000","905,000","848,000","557,000","597,570","-550,697","-1,211,000","-4,650,000","-2,150,835","-288,783","-394,351","-404,031","-122,548","52,042","142,827","130,842","88,704","126,086","35,965","98,360"
			NetIncomeContinuousOperations,"749,000,000","489,000,000","126,000,000","21,000,000","158,000,000","118,000,000","128,000,000","98,000,000","-134,000,000","25,000,000","107,000,000","136,000,000","145,000,000","52,000,000","90,600,000","115,200,000","159,100,000","79,100,000","207,100,000","71,000,000","57,200,000","24,900,000","32,100,000","21,300,000","50,400,000","-19,300,000","-62,900,000","-35,400,000","-78,800,000","-14,700,000","-10,005,000","-11,699,000","-13,762,000","-28,135,000","-10,598,000","-6,025,000","-17,362,000","-14,544,000","-9,319,000","-3,149,000","-5,177,000","-2,694,000","-1,462,000","190,000","914,000","1,117,000","820,000","1,730,000","1,504,000","834,000","601,000","801,000","313,000","-25,000","248,000","1,152,000","774,000","643,000","457,000","499,000","754,000","461,000","1,594,000","905,000","848,000","557,000","597,570","-550,697","-1,211,000","-4,650,000","-2,150,835","-288,783","-394,351","-404,031","-122,548","52,042","142,827","130,842","88,704","126,086","35,965","98,360"
			NetIncomeDiscontinuousOperations,"-38,000,000","-1,000,000","-4,000,000","-78,000,000",,,,,,,,,,,,,,,,,,,,,,,,,,,,,,,,,,,,,,,,,,,"0","0","0","0","0","10,000","-25,000","30,000",,,,,,,,,,,,,,,,,,,,,,,,,,,,
		MinorityInterests,"-2,000,000","0","0","0","-2,000,000","-3,000,000","-3,000,000","-5,000,000","3,000,000","-2,000,000","0","-6,000,000","-10,000,000","-5,000,000","800,000","-6,200,000","-10,100,000","-6,500,000","-2,600,000","-8,500,000","-5,300,000","-3,600,000","-2,300,000","-6,200,000","-3,800,000","-3,200,000","1,100,000","-5,000,000","4,400,000",,,,,,,,,,,,,,,,,,,,,,,,,,,,,,,,,,,,,,,,,,,,,,,,,,,,,
	PreferredStockDividends,,,,,,,"23,000,000",,"1,000,000","1,000,000","1,000,000","1,000,000",,"1,000,000","900,000","700,000","700,000","700,000","700,000","700,000","700,000","700,000","700,000","700,000","700,000","700,000","600,000","52,700,000","700,000","700,000","41,592,000","733,000","733,000","742,000","743,000","743,000","743,000","743,000","743,000","750,000","750,000","750,000","750,000","44,586,000",,,,,,,,,,,,,,,,,,,,,,,,,,,,,,,,,,,,,,
	OtherunderPreferredStockDividend,,,,"0",,"0","9,000,000","9,000,000","0","1,000,000","9,000,000","12,000,000","13,000,000","3,000,000","5,700,000","7,500,000","10,800,000","5,000,000","15,900,000","4,300,000","3,600,000","1,100,000","1,800,000","600,000","3,300,000",,,,,,,,,,,,,,,,,,,,,,,,,,,,,,,,,,,,,,,,,,,,,,,,,,,,,,,,,
AverageDilutionEarnings,,,,,,,,,,,,,,,"0","0",,"0","100,000","200,000","300,000","300,000",,"300,000","300,000",,,,,,,,,,,,,,,,,,,,,,,,,,,,,,,,,,,,,,,,,,,,,,,,,,,,,,,,,
DilutedNIAvailtoComStockholders,"709,000,000","488,000,000","122,000,000","-57,000,000","156,000,000","115,000,000","96,000,000","84,000,000","-132,000,000","21,000,000","97,000,000","117,000,000","122,000,000","43,000,000","84,800,000","100,800,000","137,500,000","66,900,000","188,000,000","57,700,000","47,900,000","19,800,000","28,700,000","14,100,000","42,900,000","-23,200,000","-62,400,000","-93,100,000","-75,100,000","-15,400,000","-51,597,000","-12,432,000","-14,495,000","-28,877,000","-11,341,000","-6,768,000","-18,105,000","-15,287,000","-10,062,000","-3,899,000","-5,927,000","-3,444,000","-2,212,000","-44,396,000","914,000","1,117,000","820,000","1,730,000","1,504,000","834,000","601,000","811,000","288,000","5,000","587,000","1,152,000","774,000","643,000","457,000","499,000","754,000","461,000","1,594,000","905,000","848,000","557,000","597,570","-550,697","-1,211,000","-4,650,000","-2,150,835","-288,783","-394,351","-404,031","51,720","52,042","142,827","130,842","88,704","126,086","35,965","98,360"
BasicEPS,,"4.25","1.06","-0.5","1.39","1.08","1.01","0.93","-1.45","0.23","1.04","1.27","1.32","0.4","0.67","0.81","1.14","0.56","1.57","0.49","0.43","0.18","0.25","0.13","0.39","-0.21","-0.58","-0.94","-0.89","-0.2","-0.77","-0.23","-0.28","-0.7","-0.37","-0.28","-1","-0.85","-0.57","-0.22","-0.34","-0.36",,"-5.38","0.12","0.12",,"0.2","0.2","0.12",,"0.12","0.04","0",,"0.16","0.08","0.08",,"0.08","0.12","0.08",,"0.12","0.12","0.08",,"-0.08","-0.2","-0.68",,"-0.04","-0.08","-0.08",,"0.04","0.08","0.08",,"0.08","0.04","0.08"
DilutedEPS,,"4.22","1.05","-0.5","1.38","1.02","0.91","0.83","-1.45","0.2","0.93","1.14","1.19","0.37","0.62","0.74","1.03","0.5","1.42","0.44","0.38","0.16","0.22","0.11","0.35","-0.21","-0.58","-0.94","-0.89","-0.2","-0.77","-0.23","-0.28","-0.7","-0.37","-0.28","-1","-0.85","-0.57","-0.22","-0.34","-0.36",,"-5.38","0.12","0.12",,"0.2","0.2","0.12",,"0.12","0.04","0",,"0.16","0.08","0.08",,"0.08","0.12","0.08",,"0.12","0.12","0.08",,"-0.08","-0.2","-0.68",,"-0.04","-0.08","-0.08",,"0","0.08","0.08",,"0.04","0","0.04"
BasicAverageShares,,"115,000,000","115,000,000","115,000,000","112,000,000","106,000,000","92,000,000","91,000,000","91,000,000","92,000,000","92,000,000","92,000,000","92,000,000","107,000,000","126,000,000","125,200,000","120,700,000","120,200,000","119,900,000","117,500,000","111,800,000","111,400,000","111,000,000","110,300,000","110,000,000","109,600,000","108,900,000","98,600,000","84,300,000","78,800,000","65,900,000","54,470,000","52,565,000","41,313,000","30,423,000","24,222,000","18,180,000","18,032,000","17,702,000","17,663,000","17,637,000","9,501,000",,"8,252,891","8,252,720","8,175,681",,"8,095,375","8,011,029","8,008,804",,"8,008,804","8,008,804","8,008,804",,"7,987,315","7,930,946","7,429,384",,"6,684,386","6,676,525","6,609,241",,"6,571,310","6,571,258","6,571,258",,"6,596,500","6,682,508","6,676,327",,"6,571,924","5,990,206","4,731,687",,"2,478,127","1,731,262","1,625,728",,"1,625,728","1,625,728","1,625,728"
DilutedAverageShares,,"116,000,000","116,000,000","116,000,000","113,000,000","112,000,000","102,000,000","102,000,000","91,000,000","103,000,000","103,000,000","102,000,000","102,000,000","117,000,000","137,000,000","136,600,000","134,100,000","133,400,000","132,900,000","129,800,000","124,700,000","124,400,000","124,200,000","122,900,000","122,300,000","109,600,000","108,900,000","98,600,000","84,300,000","78,800,000","65,900,000","54,470,000","52,565,000","41,313,000","30,423,000","24,222,000","18,180,000","18,032,000","17,702,000","17,663,000","17,637,000","9,501,000",,"8,252,891","8,583,414","8,521,516",,"8,252,185","8,161,349","8,144,338",,"8,034,721","8,036,912","8,037,650",,"8,079,748","8,016,993","7,517,110",,"6,830,410","6,877,432","6,809,259",,"6,678,635","6,610,452","6,585,027",,"6,596,500","6,682,508","6,676,327",,"6,571,924","5,990,206","4,731,687",,"2,778,487","2,031,591","2,226,125",,"2,228,854","2,226,125","1,625,728"
TotalOperatingIncomeAsReported,"1,102,000,000","625,000,000","174,000,000","112,000,000","246,000,000","202,000,000","228,000,000","223,000,000","-141,000,000","81,000,000","202,000,000","229,000,000","258,000,000","132,000,000","126,000,000","209,000,000","228,000,000","141,000,000","137,800,000","186,800,000","185,000,000","113,600,000","86,600,000","168,800,000","170,300,000","62,400,000","-38,000,000","44,100,000","-30,100,000","-4,800,000","5,993,000","-13,638,000","-11,895,000","-21,361,000","-8,524,000","-18,419,000","-14,015,000","-11,367,000","-11,092,000","-9,280,000","-3,368,000","-4,224,000","-2,389,000","470,000","1,643,000","2,000,000","1,361,000","2,920,000","2,641,000",,"1,122,000","1,445,000","631,000","-27,000","582,000","2,026,000","1,416,000","4,426,000","716,000","778,000","1,245,000","-1,480,000","557,000","985,000","940,000","2,426,000","2,743,495","2,064,036","2,233,000","1,971,000","9,755,223","-443,193","-598,099","-552,931","-24,492","73,242","201,627","194,795","227,817","126,086","35,965","123,360"
TotalExpenses,"12,572,000,000","3,282,000,000","3,173,000,000","3,129,000,000","4,790,000,000","4,572,000,000","4,437,000,000","3,998,000,000","3,643,000,000","3,783,000,000","3,934,000,000","3,925,000,000","3,980,000,000","3,988,000,000","4,262,900,000","4,126,100,000","4,135,500,000","4,050,500,000","4,056,100,000","3,700,300,000","3,575,300,000","3,425,900,000","3,590,000,000","3,545,000,000","3,512,500,000","3,483,300,000","3,380,200,000","2,318,000,000","1,246,000,000","707,800,000","824,725,000","676,108,000","592,904,000","303,764,000","265,756,000","212,401,000","151,106,000","125,366,000","119,595,000","80,268,000","57,908,000","48,784,000","46,474,000","46,919,000","42,451,000","39,508,000","40,196,000","41,528,000","37,699,000","30,118,000","30,488,000","24,766,000","21,612,000","20,099,000","20,511,000","30,412,000","29,509,000","41,160,000","13,379,000","12,581,000","12,597,000","12,973,000","10,108,000","9,866,000","10,180,000","14,258,000","13,908,309","14,405,397","15,739,000","13,173,000","12,124,263","26,917,775","14,385,358","7,173,683","4,477,969","3,953,003","3,118,683","2,692,927","3,616,338","2,091,344","1,746,576","2,027,020"
NetIncomeFromContinuingAndDiscontinuedOperation,"709,000,000","488,000,000","122,000,000","-57,000,000","156,000,000","115,000,000","125,000,000","93,000,000","-131,000,000","23,000,000","107,000,000","130,000,000","135,000,000","47,000,000","91,400,000","109,000,000","149,000,000","72,600,000","204,500,000","62,500,000","51,900,000","21,300,000","29,800,000","15,100,000","46,600,000","-22,500,000","-61,800,000","-40,400,000","-74,400,000","-14,700,000","-10,005,000","-11,699,000","-13,762,000","-28,135,000","-10,598,000","-6,025,000","-17,362,000","-14,544,000","-9,319,000","-3,149,000","-5,177,000","-2,694,000","-1,462,000","190,000","914,000","1,117,000","820,000","1,730,000","1,504,000","834,000","601,000","811,000","288,000","5,000","587,000","1,152,000","774,000","643,000","457,000","499,000","754,000","461,000","1,594,000","905,000","848,000","557,000","597,570","-550,697","-1,211,000","-4,650,000","-2,150,835","-288,783","-394,351","-404,031","-122,548","52,042","142,827","130,842","88,704","126,086","35,965","98,360"
NormalizedIncome,"473,172,043.011","136,592,000","137,529,411.765","68,215,000","158,328,000","119,632,000","126,590,062.112","93,000,000","-129,044,000","17,416,000","110,124,087.591","126,000,000","141,072,000","52,138,000","89,551,020.408","123,833,800","141,540,000","88,879,000","220,160,000","76,220,000","70,945,900","33,060,000","3,392,151.163","63,441,500","46,660,400","-20,640,000","-62,100,000","-31,700,000","-74,400,000","-14,700,000","-10,005,000","-11,699,000","-13,762,000","-28,135,000","-10,598,000","-6,025,000","-17,362,000","-14,544,000","-9,319,000","-3,149,000","-5,160,100","-2,707,422.064","-1,465,611.363","190,000","935,450","1,135,850","844,769.475","1,759,239.437","1,524,400","847,000","615,950","813,350","325,350","-31,410.256","292,850","1,164,659.341","781,800","641,185.325","457,632.089","519,635.338","754,000","-938,219.215","1,375,600","931,000","877,000","2,381,000","-11,934,436","2,497,651","-950,000","-1,072,000","-559,476.068","-288,783","-394,351","-404,031","-122,548","52,042","142,827","130,842","88,704","126,086","35,965","98,360"
InterestExpense,"183,000,000","37,000,000","35,000,000","53,000,000","63,000,000","69,000,000","85,000,000","86,000,000","82,000,000","72,000,000","74,000,000","75,000,000","72,000,000","71,000,000","51,700,000","51,000,000","54,900,000","59,400,000","61,900,000","72,500,000","74,300,000","75,600,000","80,300,000","93,000,000","94,700,000","93,100,000","95,800,000","61,500,000","36,300,000","23,100,000","16,697,000","17,842,000","3,403,000","10,058,000","5,584,000","6,415,000","3,106,000","3,064,000","3,177,000","15,000","3,000","12,000","46,000","49,000","47,000","49,000","65,000","32,000","88,000","20,000","31,000","26,000","26,000","22,000","81,000","94,000","99,000","80,000",,,,,,,,,,,,,,,,,,,,,,,,
NetInterestIncome,"-183,000,000","-37,000,000","-35,000,000","-53,000,000","-63,000,000","-69,000,000","-85,000,000","-86,000,000","-82,000,000","-72,000,000","-74,000,000","-75,000,000","-72,000,000","-71,000,000","-51,700,000","-51,000,000","-54,900,000","-59,400,000","-61,900,000","-72,500,000","-74,300,000","-75,600,000","-80,300,000","-93,000,000","-94,700,000","-93,100,000","-95,800,000","-61,500,000","-36,300,000","-23,100,000","-16,697,000","-17,842,000","-3,403,000","-10,058,000","-5,584,000","-6,415,000","-3,106,000","-3,064,000","-3,177,000","-15,000","-3,000","-12,000","-46,000","-49,000","-47,000","-49,000","-65,000","-32,000","-88,000","-20,000","-31,000","-26,000","-26,000","-22,000","-81,000","-94,000","-99,000","-80,000",,,,,,,,,,,,,,,,,,,,,,,,
EBIT,"1,113,000,000","639,000,000","188,000,000","85,000,000","267,000,000","222,000,000","246,000,000","243,000,000","-123,000,000","107,000,000","211,000,000","245,000,000","263,000,000","142,000,000","169,300,000","207,200,000","268,200,000","138,300,000","121,100,000","173,900,000","159,300,000","90,700,000","114,700,000","117,000,000","178,100,000","58,100,000","-36,700,000","28,000,000","-52,000,000","-5,200,000","5,739,000","-13,934,000","-12,130,000","-21,376,000","-8,708,000","-18,654,000","-14,182,000","-11,258,000","-11,136,000","-9,594,000","-3,394,000","-4,203,000","-2,383,000","470,000","1,610,000","1,971,000","1,323,000","2,872,000","2,607,000","1,504,000","1,099,000","1,426,000","612,000","-17,000","513,000","2,005,000","1,404,000","1,143,000","716,000","778,000","1,245,000","-1,480,000","557,000","985,000","940,000","-4,703,000","-4,210,679","-4,893,643","-5,449,000","-2,824,000","1,806,519","-12,556,399","-6,817,268","-552,931","-24,492","73,242","201,627","194,795","227,817","126,086","35,965","123,360"
EBITDA,"1,586,000,000"
ReconciledCostOfRevenue,"11,244,000,000","2,938,000,000","2,852,000,000","2,790,000,000","4,196,000,000","3,984,000,000","3,921,000,000","3,499,000,000","3,011,000,000","3,258,000,000","3,486,000,000","3,469,000,000","3,525,000,000","3,502,000,000","3,777,600,000","3,678,900,000","3,681,200,000","3,600,300,000","3,610,900,000","3,301,400,000","3,163,800,000","3,025,000,000","2,112,200,000","3,495,200,000","3,447,500,000","3,424,400,000","3,283,700,000","2,280,300,000","1,214,700,000","689,200,000","804,093,000","657,017,000","573,893,000","290,498,000","255,376,000","202,880,000","145,908,000","121,104,000","150,014,000","61,064,000","46,023,000","37,787,000","36,914,000","39,169,000","36,591,000","34,301,000","35,134,000","36,309,000","33,101,000","26,043,000","26,452,000","21,482,000","18,606,000","16,856,000","17,927,000","27,136,000","25,985,000","20,580,000","10,800,000","10,310,000","10,328,000","8,473,000","8,005,000","8,005,000","8,257,000","7,129,000","6,954,135","7,447,718","8,057,000","8,378,000","10,516,704","12,113,206","6,219,169","5,470,921",,"2,860,157","2,385,537",,,,,
ReconciledDepreciation,"473,000,000","116,000,000","119,000,000","-40,000,000","205,000,000","192,000,000","194,000,000","193,000,000","196,000,000","183,000,000","193,000,000","186,000,000","180,000,000","180,000,000","188,800,000","179,900,000","176,400,000","170,900,000","169,300,000","167,300,000","164,400,000","157,400,000","158,000,000","161,800,000","161,500,000","162,100,000","173,000,000","102,000,000","56,100,000","33,800,000","34,510,000","27,247,000","25,270,000","11,273,000","9,052,000","8,394,000","1,795,000","1,554,000","1,250,000","722,000","424,000","317,000","296,000","305,000","323,000","316,000","264,000","325,000","316,000","385,000","356,000","278,000","281,000","276,000","267,000","288,000","317,000","242,000","-1,492,000","198,000","220,000","231,000","305,000","236,000","254,000","259,000","259,541","314,459","414,000","447,000","431,422","293,871","289,411","239,296","73,382","69,653","14,610","21,526","34,084","23,930","18,816","24,934"
NetIncomeFromContinuingOperationNetMinorityInterest,"747,000,000","489,000,000","126,000,000","21,000,000","156,000,000","115,000,000","125,000,000","93,000,000","-131,000,000","23,000,000","107,000,000","130,000,000","135,000,000","47,000,000","91,400,000","109,000,000","149,000,000","72,600,000","204,500,000","62,500,000","51,900,000","21,300,000","29,800,000","15,100,000","46,600,000","-22,500,000","-61,800,000","-40,400,000","-74,400,000","-14,700,000","-10,005,000","-11,699,000","-13,762,000","-28,135,000","-10,598,000","-6,025,000","-17,362,000","-14,544,000","-9,319,000","-3,149,000","-5,177,000","-2,694,000","-1,462,000","190,000","914,000","1,117,000","820,000","1,730,000","1,504,000","834,000","601,000","801,000","313,000","-25,000","248,000","1,152,000","774,000","643,000","457,000","499,000","754,000","461,000","1,594,000","905,000","848,000","557,000","597,570","-550,697","-1,211,000","-4,650,000","-2,150,835","-288,783","-394,351","-404,031","-122,548","52,042","142,827","130,842","88,704","126,086","35,965","98,360"
TotalUnusualItemsExcludingGoodwill,"340,000,000","434,000,000","-14,000,000","-71,000,000","-3,000,000","-6,000,000","-2,000,000","0","-3,000,000","8,000,000","-4,000,000","5,000,000","-8,000,000","-7,000,000","2,400,000","-20,100,000","10,000,000","-22,300,000","-26,100,000","-19,600,000","-28,300,000","-19,600,000","28,300,000","-54,500,000","-100,000","-3,100,000","500,000","-14,500,000",,,,,,,,,,,,,"-26,000","21,000","6,000","0","-33,000","-29,000","-38,000","-48,000","-34,000","-20,000","-23,000","-19,000","-19,000","10,000","-69,000","-21,000","-12,000","3,000","-1,000","-33,000","0","2,243,000","364,000","-26,000","-29,000","-1,824,000","12,532,006","-3,048,348","-261,000","-3,578,000","-2,568,000","0","0","0",,,,,,,,
TotalUnusualItems,"340,000,000","434,000,000","-14,000,000","-71,000,000","-3,000,000","-6,000,000","-2,000,000","0","-3,000,000","8,000,000","-4,000,000","5,000,000","-8,000,000","-7,000,000","2,400,000","-20,100,000","10,000,000","-22,300,000","-26,100,000","-19,600,000","-28,300,000","-19,600,000","28,300,000","-54,500,000","-100,000","-3,100,000","500,000","-14,500,000",,,,,,,,,,,,,"-26,000","21,000","6,000","0","-33,000","-29,000","-38,000","-48,000","-34,000","-20,000","-23,000","-19,000","-19,000","10,000","-69,000","-21,000","-12,000","3,000","-1,000","-33,000","0","2,243,000","364,000","-26,000","-29,000","-1,824,000","12,532,006","-3,048,348","-261,000","-3,578,000","-2,568,000","0","0","0",,,,,,,,
NormalizedEBITDA,"1,246,000,000","321,000,000","321,000,000","156,000,000","475,000,000","420,000,000","442,000,000","436,000,000","76,000,000","282,000,000","408,000,000","426,000,000","451,000,000","329,000,000","355,700,000","407,200,000","434,600,000","331,500,000","316,500,000","360,800,000","352,000,000","267,700,000","244,400,000","333,300,000","339,700,000","223,300,000","135,800,000","144,500,000","4,100,000","28,600,000","40,249,000","13,313,000","13,140,000","-10,103,000","344,000","-10,260,000","-12,387,000","-9,704,000","-9,886,000","-8,872,000","-2,944,000","-3,907,000","-2,093,000","775,000","1,966,000","2,316,000","1,625,000","3,245,000","2,957,000","1,909,000","1,478,000","1,723,000","912,000","249,000","849,000","2,314,000","1,733,000","1,382,000","717,000","1,009,000","1,465,000","-3,492,000","498,000","1,247,000","1,223,000","-2,620,000","-16,483,144","-1,530,836","-4,774,000","1,201,000","4,805,941","-12,262,528","-6,527,857","-313,635","48,890","142,895","216,237","216,321","261,901","150,016","54,781","148,294"
TaxRateForCalcs,"0.195","0.188","0.176","0.335","0.224","0.228","0.205","0.376","0.348","0.302","0.219","0.2","0.241","0.266","0.23","0.262","0.254","0.27","0.4","0.3","0.327","0.4","0.067","0.113","0.396","0.4","0.4","0.4","0.108","0.4","0.087","0.35","0.114","0.105","0.258","0.35","0.35","0.35","0.349","0.35","0.35","0.361","0.398","0.35","0.35","0.35","0.348","0.391","0.4","0.35","0.35","0.35","0.35","0.359","0.35","0.397","0.35","0.395","0.368","0.375","0.377","0.376","0.4","0","0","0","0","0","0","0","0.38","0.365","0.353","0.353","0.4","0.289","0.292","0.29","0","0","0","0.203"
TaxEffectOfUnusualItems,"66,172,043.011","81,592,000","-2,470,588.235","-23,785,000","-672,000","-1,368,000","-409,937.888","0","-1,044,000","2,416,000","-875,912.409","1,000,000","-1,928,000","-1,862,000","551,020.408","-5,266,200","2,540,000","-6,021,000","-10,440,000","-5,880,000","-9,254,100","-7,840,000","1,892,151.163","-6,158,500","-39,600","-1,240,000","200,000","-5,800,000","0","0","0","0","0","0","0","0","0","0","0","0","-9,100","7,577.936","2,388.637","0","-11,550","-10,150","-13,230.525","-18,760.563","-13,600","-7,000","-8,050","-6,650","-6,650","3,589.744","-24,150","-8,340.659","-4,200","1,185.325","-367.911","-12,364.662","0","843,780.785","145,600","0","0","0","0","0","0","0","-976,641.068","0","0","0","0","0","0","0","0","0","0","0"