name,ttm,03/31/2022,12/31/2021,09/30/2021,06/30/2021,03/31/2021,12/31/2020,09/30/2020,06/30/2020,03/31/2020,12/31/2019,09/30/2019,06/30/2019,03/31/2019,12/31/2018,09/30/2018,06/30/2018,03/31/2018,12/31/2017,09/30/2017,06/30/2017,03/31/2017,12/31/2016,09/30/2016,06/30/2016,03/31/2016,12/31/2015,09/30/2015,06/30/2015,03/31/2015,12/31/2014,09/30/2014,06/30/2014,03/31/2014,12/31/2013,09/30/2013,06/30/2013,03/31/2013,12/31/2012,09/30/2012,06/30/2012,03/31/2012,12/31/2011,09/30/2011,06/30/2011,03/31/2011,12/31/2010,09/30/2010,06/30/2010,03/31/2010,12/31/2009,09/30/2009,06/30/2009,03/31/2009,12/31/2008,09/30/2008,06/30/2008,03/31/2008,12/31/2007,09/30/2007,06/30/2007,03/31/2007,12/31/2006,09/30/2006,06/30/2006,03/31/2006,12/31/2005,09/30/2005,06/30/2005,03/31/2005,12/31/2004,09/30/2004,06/30/2004,03/31/2004,12/31/2003,09/30/2003,06/30/2003,03/31/2003,12/31/2002,09/30/2002,06/30/2002,03/31/2002,12/31/2001,09/30/2001,06/30/2001,03/31/2001,12/31/2000,09/30/2000,06/30/2000,03/31/2000,12/31/1999,09/30/1999,06/30/1999,03/31/1999,12/31/1998,09/30/1998,06/30/1998,03/31/1998,12/31/1997,09/30/1997,06/30/1997,03/31/1997,12/31/1996,09/30/1996,06/30/1996,03/31/1996,12/31/1995,09/30/1995,06/30/1995,03/31/1995,12/31/1994,09/30/1994,06/30/1994,03/31/1994,12/31/1993,09/30/1993,06/30/1993,03/31/1993,12/31/1992,09/30/1992,06/30/1992,03/31/1992,12/31/1991,09/30/1991,06/30/1991,03/31/1991,12/31/1990,09/30/1990,06/30/1990,03/31/1990,12/31/1989,09/30/1989,06/30/1989,03/31/1989,12/31/1988,09/30/1988,06/30/1988,03/31/1988,12/31/1987,09/30/1987,06/30/1987,03/31/1987,12/31/1986,09/30/1986,06/30/1986,03/31/1986,12/31/1985,09/30/1985
TotalRevenue,"6,996,000,000","1,668,000,000","1,777,000,000","1,758,000,000","1,793,000,000","1,710,000,000","1,930,000,000","1,767,000,000","1,465,000,000","1,860,000,000","2,371,000,000","2,200,000,000","2,289,000,000","2,206,000,000","2,533,000,000","2,352,000,000","2,510,000,000","2,435,000,000","2,747,000,000","2,497,000,000","2,567,000,000","2,454,000,000","-2,107,000,000","4,212,000,000","4,385,000,000","4,281,000,000","4,653,000,000","4,333,000,000","4,590,000,000","4,469,000,000","4,040,000,000","5,120,000,000","5,292,000,000","5,121,000,000","5,569,000,000","5,262,000,000","5,402,000,000","5,356,000,000","6,373,000,000","5,264,000,000","5,398,000,000","5,355,000,000","5,813,000,000","5,427,000,000","5,451,000,000","5,303,000,000","5,316,000,000","5,267,000,000","5,508,000,000","4,721,000,000","4,219,000,000","3,675,000,000","3,731,000,000","3,554,000,000","4,370,000,000","4,370,000,000","4,533,000,000","4,335,000,000","4,060,000,000","4,302,000,000","4,208,000,000","3,836,000,000","4,379,000,000","3,844,000,000","3,977,000,000","3,695,000,000","4,250,000,000","3,759,000,000","3,921,000,000","3,771,000,000","4,326,000,000","3,716,000,000","3,853,000,000","3,827,000,000","4,292,000,000","3,732,000,000","3,920,000,000","3,757,000,000","4,246,000,000","3,793,000,000","3,952,000,000","3,858,000,000","4,767,000,000","3,902,000,000","4,137,000,000","4,202,000,000","5,120,000,000","4,462,000,000","4,688,000,000","4,431,000,000","5,438,000,000","4,628,000,000","4,862,000,000","4,038,000,000","5,796,000,000","4,607,000,000","4,474,000,000","4,038,000,000","5,412,000,000","4,376,000,000","4,356,000,000","4,022,000,000","5,075,000,000","4,158,000,000","4,217,000,000","3,928,000,000","2,926,000,000","4,597,000,000","4,644,000,000","4,444,000,000","5,297,000,000","4,298,000,000","4,288,000,000","3,954,000,000","4,393,000,000","4,416,000,000","4,317,000,000","4,091,000,000","5,109,000,000","4,439,000,000","4,381,000,000","4,160,000,000","4,729,000,000","4,253,000,000","4,369,000,000","4,150,000,000","4,732,000,000","4,408,000,000","4,422,000,000","4,173,000,000","4,535,000,000","4,163,000,000","4,380,000,000","4,139,000,000","4,396,000,000","4,146,000,000","4,069,000,000","3,830,000,000","2,832,000,000","2,579,000,000","2,591,000,000","2,318,000,000","2,723,000,000","2,316,000,000","2,300,000,000","2,133,600,000","2,632,000,000","2,121,000,000"
	OperatingRevenue,"6,996,000,000","1,668,000,000","1,777,000,000","1,758,000,000","1,793,000,000","1,710,000,000","1,930,000,000","1,767,000,000","1,465,000,000","1,860,000,000","2,371,000,000","2,200,000,000","2,289,000,000","2,206,000,000","2,533,000,000","2,352,000,000","2,510,000,000","2,435,000,000","2,747,000,000","2,497,000,000","2,567,000,000","2,454,000,000","-2,107,000,000","4,212,000,000","4,385,000,000","4,281,000,000","4,653,000,000","4,333,000,000","4,590,000,000","4,469,000,000","4,040,000,000","5,120,000,000","5,292,000,000","5,121,000,000","5,569,000,000","5,262,000,000","5,402,000,000","5,356,000,000","6,373,000,000","5,264,000,000","5,398,000,000","5,355,000,000","5,813,000,000","5,427,000,000","5,451,000,000","5,303,000,000","5,814,000,000","5,267,000,000","5,344,000,000","4,548,000,000","4,042,000,000","3,497,000,000","3,553,000,000","3,554,000,000","4,370,000,000","4,370,000,000","4,533,000,000","4,335,000,000","4,060,000,000","4,302,000,000","4,208,000,000","3,836,000,000","3,539,000,000","3,844,000,000","3,977,000,000","3,695,000,000","4,039,000,000","3,543,000,000","3,701,000,000","3,543,000,000","4,094,000,000","3,486,000,000","3,619,000,000","3,589,000,000","3,295,000,000","3,732,000,000","3,920,000,000","3,757,000,000","4,246,000,000","3,793,000,000","3,952,000,000","3,858,000,000","4,767,000,000","3,902,000,000","4,137,000,000","4,202,000,000","5,120,000,000","4,462,000,000","4,688,000,000","4,431,000,000","5,438,000,000","4,628,000,000","4,862,000,000","4,038,000,000","5,796,000,000","4,607,000,000","4,474,000,000","4,038,000,000","5,412,000,000","4,376,000,000","4,356,000,000","4,022,000,000","5,075,000,000","4,158,000,000","4,217,000,000","3,928,000,000","2,926,000,000","4,597,000,000","4,644,000,000","4,444,000,000","5,297,000,000","4,298,000,000","4,288,000,000","3,954,000,000","4,393,000,000","4,416,000,000","4,317,000,000","4,091,000,000","5,109,000,000","4,439,000,000","4,381,000,000","4,160,000,000","4,729,000,000","4,253,000,000","4,369,000,000","4,150,000,000","4,732,000,000","4,408,000,000","4,422,000,000","4,173,000,000","4,535,000,000","4,163,000,000","4,380,000,000","4,139,000,000","4,396,000,000","4,146,000,000","4,069,000,000","3,830,000,000","2,832,000,000","2,579,000,000","2,591,000,000","2,318,000,000","2,723,000,000","2,316,000,000","2,300,000,000","2,133,600,000","2,632,000,000","2,121,000,000"
CostOfRevenue,"4,674,000,000","1,138,000,000","1,193,000,000","1,189,000,000","1,154,000,000","1,099,000,000","1,231,000,000","1,116,000,000","901,000,000","1,148,000,000","1,387,000,000","1,320,000,000","1,392,000,000","1,317,000,000","1,519,000,000","1,410,000,000","1,509,000,000","1,465,000,000","1,659,000,000","1,509,000,000","1,536,000,000","1,500,000,000","-2,414,000,000","2,905,000,000","3,018,000,000","3,001,000,000","3,197,000,000","3,346,000,000","3,164,000,000","3,075,000,000","2,538,000,000","3,545,000,000","3,664,000,000","3,574,000,000","3,860,000,000","3,607,000,000","3,704,000,000","3,749,000,000","3,858,000,000","3,743,000,000","3,768,000,000","3,795,000,000","3,810,000,000","3,755,000,000","3,737,000,000","3,664,000,000","4,154,000,000","3,605,000,000","3,531,000,000","2,953,000,000","2,470,000,000","2,144,000,000","2,165,000,000","2,104,000,000","2,642,000,000","2,581,000,000","2,754,000,000","2,630,000,000","2,826,000,000","2,499,000,000","2,434,000,000","2,202,000,000","2,276,000,000","2,300,000,000","2,344,000,000","2,211,000,000","2,415,000,000","2,125,000,000","2,307,000,000","2,151,000,000","2,508,000,000","2,097,000,000","2,175,000,000","2,214,000,000","2,382,000,000","2,110,000,000","2,165,000,000","2,090,000,000","2,280,000,000","2,092,000,000","2,171,000,000","2,184,000,000","2,141,000,000","2,488,000,000","2,632,000,000","2,789,000,000","2,808,000,000","2,537,000,000","2,499,000,000","2,309,000,000","2,757,000,000","2,278,000,000","2,284,000,000","1,971,000,000","2,632,000,000","2,134,000,000","2,251,000,000","2,026,000,000","2,505,000,000","2,027,000,000","1,968,000,000","1,863,000,000","2,369,000,000","1,933,000,000","1,866,000,000","1,840,000,000","2,246,000,000","1,863,000,000","1,861,000,000","1,771,000,000","2,205,000,000","1,682,000,000","1,637,000,000","1,469,000,000","1,909,000,000","1,629,000,000","1,584,000,000","1,439,000,000","1,861,000,000","1,566,000,000","1,528,000,000","1,432,000,000","1,644,000,000","1,444,000,000","1,511,000,000","1,373,000,000","1,803,000,000","1,453,000,000","1,420,000,000","1,271,000,000","1,514,000,000","1,350,000,000",,,,,,,,,,,,,,,,
GrossProfit,"2,322,000,000","530,000,000","584,000,000","569,000,000","639,000,000","611,000,000","699,000,000","651,000,000","564,000,000","712,000,000","984,000,000","880,000,000","897,000,000","889,000,000","1,014,000,000","942,000,000","1,001,000,000","970,000,000","1,088,000,000","988,000,000","1,031,000,000","954,000,000","307,000,000","1,307,000,000","1,367,000,000","1,280,000,000","1,456,000,000","987,000,000","1,426,000,000","1,394,000,000","1,502,000,000","1,575,000,000","1,628,000,000","1,547,000,000","1,709,000,000","1,655,000,000","1,698,000,000","1,607,000,000","2,515,000,000","1,521,000,000","1,630,000,000","1,560,000,000","2,003,000,000","1,672,000,000","1,714,000,000","1,639,000,000","1,162,000,000","1,662,000,000","1,977,000,000","1,768,000,000","1,749,000,000","1,531,000,000","1,566,000,000","1,450,000,000","1,728,000,000","1,789,000,000","1,779,000,000","1,705,000,000","1,234,000,000","1,803,000,000","1,774,000,000","1,634,000,000","2,103,000,000","1,544,000,000","1,633,000,000","1,484,000,000","1,835,000,000","1,634,000,000","1,614,000,000","1,620,000,000","1,818,000,000","1,619,000,000","1,678,000,000","1,613,000,000","1,910,000,000","1,622,000,000","1,755,000,000","1,667,000,000","1,966,000,000","1,701,000,000","1,781,000,000","1,674,000,000","2,626,000,000","1,414,000,000","1,505,000,000","1,413,000,000","2,312,000,000","1,925,000,000","2,189,000,000","2,122,000,000","2,681,000,000","2,350,000,000","2,578,000,000","2,067,000,000","3,164,000,000","2,473,000,000","2,223,000,000","2,012,000,000","2,907,000,000","2,349,000,000","2,388,000,000","2,159,000,000","2,706,000,000","2,225,000,000","2,351,000,000","2,088,000,000","680,000,000","2,734,000,000","2,783,000,000","2,673,000,000","3,092,000,000","2,616,000,000","2,651,000,000","2,485,000,000","2,484,000,000","2,787,000,000","2,733,000,000","2,652,000,000","3,248,000,000","2,873,000,000","2,853,000,000","2,728,000,000","3,085,000,000","2,809,000,000","2,858,000,000","2,777,000,000","2,929,000,000","2,955,000,000","3,002,000,000","2,902,000,000","3,021,000,000","2,813,000,000",,,,,,,,,,,,,,,,
OperatingExpense,"2,090,000,000","544,000,000","511,000,000","508,000,000","527,000,000","537,000,000","528,000,000","533,000,000","512,000,000","636,000,000","608,000,000","622,000,000","618,000,000","655,000,000","661,000,000","697,000,000","737,000,000","740,000,000","802,000,000","768,000,000","764,000,000","796,000,000","26,000,000","1,030,000,000","1,068,000,000","1,105,000,000","1,105,000,000","1,067,000,000","1,127,000,000","1,133,000,000","1,124,000,000","1,174,000,000","1,198,000,000","1,189,000,000","1,273,000,000","1,246,000,000","1,274,000,000","1,294,000,000","1,336,000,000","1,293,000,000","1,319,000,000","1,323,000,000","1,468,000,000","1,379,000,000","1,381,000,000","1,388,000,000","662,000,000","1,410,000,000","1,482,000,000","1,387,000,000","1,366,000,000","1,239,000,000","1,245,000,000","1,249,000,000","1,274,000,000","1,380,000,000","1,406,000,000","1,358,000,000","1,437,000,000","1,337,000,000","1,314,000,000","1,172,000,000","1,298,000,000","1,215,000,000","1,250,000,000","1,208,000,000","1,278,000,000","1,253,000,000","1,244,000,000","1,160,000,000","1,614,000,000","1,234,000,000","1,237,000,000","1,405,000,000","1,312,000,000","1,235,000,000","1,314,000,000","1,256,000,000","1,353,000,000","1,252,000,000","1,350,000,000","1,399,000,000","1,317,000,000","1,499,000,000","1,512,000,000","1,396,000,000","2,094,000,000","1,939,000,000","1,868,000,000","1,860,000,000","1,849,000,000","1,702,000,000","1,805,000,000","1,645,000,000","2,413,000,000","1,745,000,000","1,749,000,000","1,635,000,000","1,958,000,000","1,740,000,000","1,744,000,000","1,601,000,000","1,835,000,000","1,688,000,000","1,740,000,000","1,570,000,000","1,615,000,000","1,614,000,000","1,633,000,000","1,517,000,000","-185,000,000","2,073,000,000","2,126,000,000","1,998,000,000","3,248,000,000","2,372,000,000","2,339,000,000","2,267,000,000","3,596,000,000","2,470,000,000","2,462,000,000","2,352,000,000","2,746,000,000","2,407,000,000","2,475,000,000","2,400,000,000","2,667,000,000","2,563,000,000","2,519,000,000","2,479,000,000","2,571,000,000","2,603,000,000",,,,,,,,,,,,,,,,
	SellingGeneralAndAdministration,"1,725,000,000","455,000,000","423,000,000","413,000,000","434,000,000","448,000,000","440,000,000","444,000,000","426,000,000","541,000,000","505,000,000","513,000,000","519,000,000","548,000,000","555,000,000","583,000,000","624,000,000","628,000,000","676,000,000","648,000,000","643,000,000","664,000,000","124,000,000","827,000,000","862,000,000","882,000,000","883,000,000","855,000,000","906,000,000","915,000,000","909,000,000","951,000,000","972,000,000","961,000,000","1,037,000,000","1,018,000,000","1,042,000,000","1,057,000,000","1,094,000,000","1,050,000,000","1,076,000,000","1,068,000,000","1,150,000,000","1,109,000,000","1,119,000,000","1,119,000,000","1,196,000,000","1,136,000,000","1,163,000,000","1,099,000,000","1,126,000,000","1,008,000,000","1,018,000,000","1,006,000,000","1,102,000,000","1,138,000,000","1,170,000,000","1,124,000,000","1,186,000,000","1,091,000,000","1,081,000,000","954,000,000","1,020,000,000","985,000,000","1,020,000,000","983,000,000","1,044,000,000","1,011,000,000","1,046,000,000","977,000,000","1,450,000,000","1,036,000,000","1,050,000,000","1,212,000,000","1,112,000,000","1,028,000,000","1,089,000,000","1,020,000,000","1,135,000,000","1,023,000,000","1,110,000,000","1,169,000,000","1,099,000,000","1,215,000,000","1,263,000,000","1,150,000,000","1,702,000,000","1,379,000,000","1,338,000,000","1,350,000,000","1,331,000,000","1,270,000,000","1,315,000,000","1,171,000,000","1,908,000,000","1,278,000,000","1,293,000,000","1,199,000,000","1,473,000,000","1,284,000,000","1,288,000,000","1,180,000,000","1,648,000,000","1,517,000,000","1,533,000,000","1,420,000,000","1,468,000,000","1,440,000,000","1,463,000,000","1,350,000,000","-366,000,000","1,906,000,000","1,958,000,000","1,838,000,000","3,084,000,000","2,208,000,000","2,168,000,000","2,097,000,000","3,396,000,000","2,279,000,000","2,288,000,000","2,178,000,000","2,571,000,000","2,234,000,000","2,306,000,000","2,228,000,000","2,540,000,000","2,375,000,000","2,334,000,000","2,270,000,000","2,383,000,000","2,417,000,000",,,,,,,,,,,,,,,,
		GeneralAndAdministrativeExpense,,,,,,,,,"433,000,000","558,000,000","509,000,000","517,000,000","523,000,000","548,000,000","560,000,000","550,000,000","682,000,000","664,000,000","676,000,000","648,000,000","643,000,000","664,000,000","124,000,000","827,000,000","862,000,000","882,000,000","883,000,000","855,000,000","906,000,000","915,000,000","909,000,000","951,000,000","972,000,000","961,000,000","1,037,000,000","1,018,000,000","1,042,000,000","1,057,000,000","1,094,000,000",,,,,,,,,,,,,,,,,,,,,,,,,,,,,,,,,,,,,,,,,,,,,,,,,,,,,,,,,,,,,,,,,,,,,,,,,,,,,,,,,,,,,,,,,,,,,,,,,,,,,,,,,,,,,
			OtherGandA,,,,,,,,,"433,000,000","558,000,000","509,000,000","517,000,000","523,000,000","548,000,000","560,000,000","550,000,000","682,000,000","664,000,000","676,000,000","648,000,000","643,000,000","664,000,000","124,000,000","827,000,000","862,000,000","882,000,000","883,000,000","855,000,000","906,000,000","915,000,000","909,000,000","951,000,000","972,000,000","961,000,000","1,037,000,000","1,018,000,000","1,042,000,000","1,057,000,000","1,094,000,000",,,,,,,,,,,,,,,,,,,,,,,,,,,,,,,,,,,,,,,,,,,,,,,,,,,,,,,,,,,,,,,,,,,,,,,,,,,,,,,,,,,,,,,,,,,,,,,,,,,,,,,,,,,,,
	ResearchAndDevelopment,"314,000,000","78,000,000","75,000,000","82,000,000","79,000,000","74,000,000","75,000,000","76,000,000","76,000,000","84,000,000","93,000,000","100,000,000","88,000,000","92,000,000","94,000,000","102,000,000","101,000,000","100,000,000","114,000,000","108,000,000","106,000,000","118,000,000","88,000,000","126,000,000","128,000,000","134,000,000","145,000,000","135,000,000","142,000,000","141,000,000","153,000,000","138,000,000","142,000,000","144,000,000","153,000,000","145,000,000","149,000,000","154,000,000","160,000,000","161,000,000","161,000,000","173,000,000","179,000,000","183,000,000","175,000,000","184,000,000","193,000,000","189,000,000","194,000,000","205,000,000","225,000,000","209,000,000","202,000,000","204,000,000","212,000,000","228,000,000","223,000,000","221,000,000","238,000,000","233,000,000","223,000,000","218,000,000","237,000,000","230,000,000","230,000,000","225,000,000","234,000,000","242,000,000","188,000,000","183,000,000","191,000,000","189,000,000","187,000,000","193,000,000","200,000,000","207,000,000","225,000,000","236,000,000","218,000,000","229,000,000","240,000,000","230,000,000","218,000,000","284,000,000","249,000,000","246,000,000","268,000,000","272,000,000","255,000,000","249,000,000","242,000,000","230,000,000","256,000,000","251,000,000","273,000,000","271,000,000","263,000,000","236,000,000","263,000,000","273,000,000","281,000,000","262,000,000",,,,,,,,,,,,,,,,,,,,,,,,,,,,,,,,,,,,,,,,,,,,,,
	DepreciationAmortizationDepletionIncomeStatement,"51,000,000","11,000,000","13,000,000","13,000,000","14,000,000","15,000,000","22,000,000","13,000,000","10,000,000","11,000,000","10,000,000","9,000,000","11,000,000","15,000,000","12,000,000","12,000,000","12,000,000","12,000,000","12,000,000","12,000,000","15,000,000","14,000,000","-186,000,000","77,000,000","78,000,000","89,000,000","77,000,000","77,000,000","79,000,000","77,000,000","62,000,000","85,000,000","84,000,000","84,000,000","83,000,000","83,000,000","83,000,000","83,000,000","82,000,000","82,000,000","82,000,000","82,000,000","139,000,000","87,000,000","87,000,000","85,000,000","85,000,000","85,000,000","85,000,000","57,000,000","16,000,000","15,000,000","15,000,000","14,000,000",,"14,000,000","13,000,000","13,000,000","13,000,000","13,000,000","10,000,000",,,,,,,,"10,000,000",,,"9,000,000",,,,,,,,,,,,,,,"124,000,000","288,000,000","275,000,000","261,000,000","276,000,000","202,000,000","234,000,000","223,000,000","232,000,000","196,000,000","193,000,000","200,000,000","222,000,000","183,000,000","175,000,000","159,000,000","187,000,000","171,000,000","207,000,000","150,000,000","147,000,000","174,000,000","170,000,000","167,000,000","181,000,000","167,000,000","168,000,000","160,000,000","164,000,000","164,000,000","171,000,000","170,000,000","200,000,000","191,000,000","174,000,000","174,000,000","175,000,000","173,000,000","169,000,000","172,000,000","127,000,000","188,000,000","185,000,000","209,000,000","188,000,000","186,000,000",,,,,,,,,,,,,,,,
		DepreciationAndAmortizationInIncomeStatement,"51,000,000","11,000,000","13,000,000","13,000,000","14,000,000","15,000,000","22,000,000","13,000,000","10,000,000","11,000,000","10,000,000","9,000,000","11,000,000","15,000,000","12,000,000","12,000,000","12,000,000","12,000,000","12,000,000","12,000,000","15,000,000","14,000,000","-186,000,000","77,000,000","78,000,000","89,000,000","77,000,000","77,000,000","79,000,000","77,000,000","62,000,000","85,000,000","84,000,000","84,000,000","83,000,000","83,000,000","83,000,000","83,000,000","82,000,000","82,000,000","82,000,000","82,000,000","139,000,000","87,000,000","87,000,000","85,000,000","85,000,000","85,000,000","85,000,000","57,000,000","16,000,000","15,000,000","15,000,000","14,000,000",,"14,000,000","13,000,000","13,000,000","13,000,000","13,000,000","10,000,000",,,,,,,,"10,000,000",,,"9,000,000",,,,,,,,,,,,,,,"124,000,000","288,000,000","275,000,000","261,000,000","276,000,000","202,000,000","234,000,000","223,000,000","232,000,000","196,000,000","193,000,000","200,000,000","222,000,000","183,000,000","175,000,000","159,000,000","187,000,000","171,000,000","207,000,000","150,000,000","147,000,000","174,000,000","170,000,000","167,000,000","181,000,000","167,000,000","168,000,000","160,000,000","164,000,000","164,000,000","171,000,000","170,000,000","200,000,000","191,000,000","174,000,000","174,000,000","175,000,000","173,000,000","169,000,000","172,000,000","127,000,000","188,000,000","185,000,000","209,000,000","188,000,000","186,000,000",,,,,,,,,,,,,,,,
			Amortization,"51,000,000","11,000,000","13,000,000","13,000,000","14,000,000","15,000,000","22,000,000","13,000,000","10,000,000","11,000,000","10,000,000","9,000,000","11,000,000","15,000,000","12,000,000","12,000,000","12,000,000","12,000,000","12,000,000","12,000,000","15,000,000","14,000,000","-186,000,000","77,000,000","78,000,000","89,000,000","77,000,000","77,000,000","79,000,000","77,000,000","62,000,000","85,000,000","84,000,000","84,000,000","83,000,000","83,000,000","83,000,000","83,000,000","82,000,000","82,000,000","82,000,000","82,000,000","139,000,000","87,000,000","87,000,000","85,000,000","85,000,000","85,000,000","85,000,000","57,000,000","16,000,000","15,000,000","15,000,000","14,000,000",,"14,000,000","13,000,000","13,000,000","13,000,000","13,000,000","10,000,000",,,,,,,,"10,000,000",,,"9,000,000",,,,,,,,,,,,,,,,,,,,,,,,,,,,,,,,,,,,,,,,,,,,,,,,,,,,,,,,,,,,,,,,,,,,,,,,,,,,
				AmortizationOfIntangiblesIncomeStatement,"51,000,000","11,000,000","13,000,000","13,000,000","14,000,000","15,000,000","22,000,000","13,000,000","10,000,000","11,000,000","10,000,000","9,000,000","11,000,000","15,000,000","12,000,000","12,000,000","12,000,000","12,000,000","12,000,000","12,000,000","15,000,000","14,000,000","-186,000,000","77,000,000","78,000,000","89,000,000","77,000,000","77,000,000","79,000,000","77,000,000","62,000,000","85,000,000","84,000,000","84,000,000","83,000,000","83,000,000","83,000,000","83,000,000","82,000,000","82,000,000","82,000,000","82,000,000","139,000,000","87,000,000","87,000,000","85,000,000","85,000,000","85,000,000","85,000,000","57,000,000","16,000,000","15,000,000","15,000,000","14,000,000",,"14,000,000","13,000,000","13,000,000","13,000,000","13,000,000","10,000,000",,,,,,,,"10,000,000",,,"9,000,000",,,,,,,,,,,,,,,,,,,,,,,,,,,,,,,,,,,,,,,,,,,,,,,,,,,,,,,,,,,,,,,,,,,,,,,,,,,,
	OtherTaxes,,,"0",,,,"-7,000,000",,,,,,,,,,,,,,,,,,,,,,,,,,,,,,,,,,,,,,,,,,,,,,,,,,,,,,,,,,,,,,,,,,,,,,,,,,,,,,,,,,,,,,,,,,,,,,,,,,,,,,,,,,,,,,,,,,,,,,,,,,,,,,,,,,,,,,,,,,,,,
	OtherOperatingExpenses,,,,,,,,,,,,,,,,,,,,,,,,,,,,,,,,,,,,,,,,,"3,795,000,000","55,000,000",,"86,000,000","104,000,000","12,000,000",,"76,000,000","40,000,000","26,000,000","-1,000,000","7,000,000","10,000,000","25,000,000",,,,,,,,,,,,,,,,,,,,,,,,,,,,,,,,,,,,,,,,,,,,,,,,,,,,,,,,,,,,,,,,,,,,,,,,,,,,,,,,,,,,,,,,,,,,,,
OperatingIncome,"232,000,000","-14,000,000","73,000,000","61,000,000","112,000,000","74,000,000","171,000,000","118,000,000","52,000,000","76,000,000","376,000,000","258,000,000","279,000,000","234,000,000","353,000,000","245,000,000","264,000,000","230,000,000","286,000,000","220,000,000","267,000,000","158,000,000","281,000,000","277,000,000","299,000,000","175,000,000","351,000,000","-80,000,000","299,000,000","261,000,000","378,000,000","401,000,000","430,000,000","358,000,000","436,000,000","409,000,000","424,000,000","313,000,000","1,179,000,000","228,000,000","311,000,000","237,000,000","535,000,000","293,000,000","333,000,000","251,000,000","500,000,000","252,000,000","495,000,000","381,000,000","383,000,000","292,000,000","321,000,000","201,000,000","454,000,000","409,000,000","373,000,000","347,000,000","-203,000,000","466,000,000","460,000,000","462,000,000","805,000,000","329,000,000","383,000,000","276,000,000","557,000,000","381,000,000","370,000,000","460,000,000","204,000,000","385,000,000","441,000,000","208,000,000","598,000,000","387,000,000","441,000,000","411,000,000","613,000,000","449,000,000","431,000,000","275,000,000","1,309,000,000","-85,000,000","-7,000,000","17,000,000","218,000,000","-14,000,000","321,000,000","262,000,000","832,000,000","648,000,000","773,000,000","422,000,000","751,000,000","728,000,000","474,000,000","377,000,000","949,000,000","609,000,000","644,000,000","558,000,000","871,000,000","537,000,000","611,000,000","518,000,000","-935,000,000","1,120,000,000","1,150,000,000","1,156,000,000","3,277,000,000","543,000,000","525,000,000","487,000,000","-764,000,000","415,000,000","394,000,000","385,000,000","-348,000,000","403,000,000","391,000,000","376,000,000","339,000,000","402,000,000","383,000,000","377,000,000","262,000,000","392,000,000","483,000,000","423,000,000","450,000,000","210,000,000","4,380,000,000","4,139,000,000","-10,397,000,000","4,146,000,000","4,069,000,000","3,830,000,000","-6,843,000,000","2,579,000,000","2,591,000,000","2,318,000,000","-6,111,000,000","2,316,000,000","2,300,000,000","2,133,600,000","-5,447,200,000","2,121,000,000"
NetNonOperatingInterestIncomeExpense,"-97,000,000","-28,000,000","-24,000,000","-22,000,000","-23,000,000","-23,000,000","-23,000,000","-29,000,000","-15,000,000","-13,000,000","-18,000,000","-25,000,000","-23,000,000","-23,000,000","-25,000,000","-23,000,000","-23,000,000","-30,000,000","-28,000,000","-27,000,000","-22,000,000","-34,000,000","-30,000,000","-46,000,000","-47,000,000","-53,000,000","-54,000,000","-53,000,000","-54,000,000","-54,000,000","-53,000,000","-55,000,000","-57,000,000","-62,000,000","-58,000,000","-57,000,000","-58,000,000","-59,000,000","-704,000,000","105,000,000","89,000,000","190,000,000","94,000,000","101,000,000","104,000,000","102,000,000","21,000,000","78,000,000","15,000,000","25,000,000","48,000,000","51,000,000","53,000,000","55,000,000",,,,,,,,,,,,,,,,,,,,,,,,,,,,,,,,,,,,,,,,,,,,,,,,,,,,,,,,,,,,,,,,,,,,,,,,,,,,,,,,,,,,,,,,,,,,,,
	InterestIncomeNonOperating,"4,000,000","1,000,000","1,000,000","1,000,000","1,000,000","1,000,000","2,000,000","1,000,000","3,000,000","8,000,000","7,000,000","2,000,000","3,000,000","4,000,000","3,000,000","5,000,000","4,000,000","3,000,000","2,000,000","2,000,000","2,000,000","2,000,000","-2,000,000","3,000,000","2,000,000","2,000,000","2,000,000","2,000,000","2,000,000","2,000,000","3,000,000","2,000,000","3,000,000","2,000,000","2,000,000","3,000,000","4,000,000","2,000,000","-447,000,000","162,000,000","147,000,000","299,000,000","134,000,000","161,000,000","168,000,000","169,000,000","181,000,000","165,000,000","168,000,000","178,000,000","183,000,000","182,000,000","184,000,000","185,000,000",,,,,,,,,,,,,,,,,,,,,,,,,,,,,,,,,,,,,,,,,,,,,,,,,,,,,,,,,,,,,,,,,,,,,,,,,,,,,,,,,,,,,,,,,,,,,,
	InterestExpenseNonOperating,"101,000,000","29,000,000","25,000,000","23,000,000","24,000,000","24,000,000","25,000,000","30,000,000","18,000,000","21,000,000","25,000,000","27,000,000","26,000,000","27,000,000","28,000,000","28,000,000","27,000,000","31,000,000","30,000,000","29,000,000","24,000,000","36,000,000","28,000,000","49,000,000","49,000,000","55,000,000","56,000,000","55,000,000","56,000,000","56,000,000","56,000,000","57,000,000","60,000,000","64,000,000","60,000,000","60,000,000","62,000,000","61,000,000","257,000,000","57,000,000","58,000,000","109,000,000","40,000,000","60,000,000","64,000,000","67,000,000","160,000,000","87,000,000","153,000,000","153,000,000","135,000,000","131,000,000","131,000,000","130,000,000",,,,,,,,,,,,,,,,,,,,,,,,,,,,,,,,,,,,,,,,,,,,,,,,,,,,,,,,,,,,,,,,,,,,,,,,,,,,,,,,,,,,,,,,,,,,,,
	TotalOtherFinanceCost,,,,,,,,,,,,,,,,,,"2,000,000",,,,,,,,,,,,,,,,,,,,,,,,,,,,,,,,,,,,,,,,,,,,,,,,,,,,,,,,,,,,,,,,,,,,,,,,,,,,,,,,,,,,,,,,,,,,,,,,,,,,,,,,,,,,,,,,,,,,,,,,,,,,,,,,,,
OtherIncomeExpense,"-752,000,000","-47,000,000","-760,000,000","45,000,000","10,000,000","2,000,000","-45,000,000","30,000,000","-2,000,000","-68,000,000","-49,000,000","-3,000,000","-56,000,000","-128,000,000","-189,000,000","-30,000,000","-108,000,000","-66,000,000","-32,000,000","-26,000,000","-52,000,000","-140,000,000","38,000,000","-81,000,000","-107,000,000","-138,000,000","13,000,000","-40,000,000","-171,000,000","-6,000,000","-35,000,000","-46,000,000","-49,000,000","-5,000,000","-33,000,000","-17,000,000","-34,000,000","51,000,000","-108,000,000","-16,000,000","-49,000,000","-114,000,000","-182,000,000","-27,000,000","-36,000,000","-3,000,000","-344,000,000","-2,000,000","-26,000,000","-243,000,000","-60,000,000","-7,000,000","1,000,000","2,000,000","-602,000,000","2,000,000","-43,000,000","-795,000,000","46,000,000","27,000,000","17,000,000","-8,000,000","-35,000,000","-209,000,000","-101,000,000","-29,000,000","759,000,000","-200,000,000","-176,000,000","180,000,000","963,000,000","2,000,000","178,000,000","262,000,000","736,000,000","-119,000,000","-188,000,000","-415,000,000","-552,000,000","-139,000,000","-145,000,000","-225,000,000","-329,000,000","-163,000,000","-446,000,000","580,000,000","388,000,000","-172,000,000","-116,000,000","-607,000,000","-268,000,000","5,000,000","24,000,000","215,000,000","290,000,000","-13,000,000","-1,424,000,000","224,000,000","-27,000,000","6,000,000","28,000,000","21,000,000","5,000,000","7,000,000","15,000,000","16,000,000","2,085,000,000","-649,000,000","-655,000,000","-784,000,000","-2,995,000,000","-4,000,000","-12,000,000","-51,000,000","-105,000,000","11,000,000","38,000,000","154,000,000","-48,000,000","79,000,000","92,000,000","71,000,000","104,000,000","49,000,000","80,000,000","47,000,000","198,000,000","109,000,000","23,000,000","68,000,000","204,000,000","321,000,000",,,,,,,,,,,,,,,,
	GainOnSaleOfSecurity,,,"-1,000,000","-3,000,000","-1,000,000","-2,000,000","1,000,000",,"-2,000,000","-2,000,000","-1,000,000","-4,000,000",,"-2,000,000","-3,000,000","-3,000,000","-1,000,000","2,000,000","0",,"-1,000,000","-3,000,000","-14,000,000","-1,000,000","6,000,000","-4,000,000","-2,000,000","-8,000,000","5,000,000","-2,000,000","-3,000,000",,"4,000,000","1,000,000","4,000,000","6,000,000","2,000,000","10,000,000","-2,000,000",,,,,"-10,000,000",,,,,,,,,,,,,,,,,,,,,,,,,,,,,,,,,,,,,,,,,,,,,,,,,,,,,,,,,,,,,,,,,,,,,,,,,,,,,,,,,,,,,,,,,,,,,,,,,,,,,,,,
	EarningsFromEquityInterest,,,,,,,,,,,,,,,,,,,,,,,,,,,,,,,,,,,,,,,,,,,,,,,,,,"-2,000,000",,,,,"21,000,000","35,000,000","29,000,000","28,000,000","37,000,000","27,000,000","27,000,000","6,000,000","29,000,000","29,000,000","17,000,000","39,000,000","18,000,000","23,000,000","20,000,000","37,000,000","32,000,000","62,000,000","27,000,000","30,000,000","15,000,000","13,000,000","16,000,000","14,000,000","11,000,000","17,000,000","15,000,000","11,000,000","21,000,000",,"30,000,000","2,000,000",,,,,,,,,,,,,,,,,,,,,,,,,,,,,,,,,,,,,,,,,,,,,,,,,,,,,,,,,,,,,,
	SpecialIncomeCharges,"-817,000,000","-51,000,000","-784,000,000","29,000,000","-11,000,000","-17,000,000","-56,000,000","15,000,000","-10,000,000","-60,000,000","-53,000,000","3,000,000","-41,000,000","-112,000,000","-116,000,000","6,000,000","-76,000,000","-49,000,000","-31,000,000","-26,000,000","-44,000,000","-136,000,000","39,000,000","-76,000,000","-113,000,000","-125,000,000","27,000,000","-29,000,000","-169,000,000","0","-24,000,000","-39,000,000","-41,000,000","0","-32,000,000","-15,000,000","-29,000,000","40,000,000","-91,000,000","-16,000,000","-49,000,000","-114,000,000","-193,000,000","-17,000,000","-36,000,000","-3,000,000","-333,000,000","-2,000,000","-26,000,000","-243,000,000","-60,000,000","-7,000,000","1,000,000","2,000,000","-623,000,000","-33,000,000","-72,000,000","-823,000,000","9,000,000","0","-10,000,000","-14,000,000","-64,000,000","-238,000,000","-118,000,000","-68,000,000","741,000,000","-223,000,000","-196,000,000","143,000,000","931,000,000","-60,000,000","151,000,000","232,000,000","721,000,000","-132,000,000","-204,000,000","-429,000,000","-563,000,000","-156,000,000","-160,000,000","-236,000,000","-350,000,000","-163,000,000","-476,000,000","578,000,000","327,000,000","-172,000,000","-116,000,000","-607,000,000","-268,000,000","5,000,000","24,000,000","215,000,000","290,000,000","-13,000,000","-1,424,000,000","224,000,000","-27,000,000","6,000,000","28,000,000","21,000,000","5,000,000","7,000,000","15,000,000","16,000,000","2,085,000,000","-649,000,000","-655,000,000","-784,000,000","-2,995,000,000","-4,000,000","-12,000,000","-51,000,000","-105,000,000","11,000,000","38,000,000","154,000,000","-48,000,000","79,000,000","92,000,000","71,000,000","104,000,000","49,000,000","80,000,000","47,000,000","198,000,000","109,000,000","23,000,000","68,000,000","204,000,000","321,000,000",,,,,,,,,,,,,,,,
		RestructuringAndMergernAcquisition,"33,000,000","17,000,000","-4,000,000","10,000,000","10,000,000","17,000,000","35,000,000","10,000,000","10,000,000","58,000,000","57,000,000","31,000,000","41,000,000","112,000,000","72,000,000","-4,000,000","92,000,000","64,000,000","24,000,000","36,000,000","40,000,000","120,000,000","-40,000,000","71,000,000","99,000,000","134,000,000","-5,000,000","20,000,000","157,000,000","14,000,000","35,000,000","28,000,000","38,000,000","27,000,000","56,000,000","35,000,000","33,000,000","-7,000,000","93,000,000","14,000,000","-29,000,000","17,000,000","33,000,000","0","0","0","282,000,000","5,000,000","26,000,000","243,000,000","60,000,000","7,000,000","-1,000,000","-2,000,000","371,000,000","14,000,000","48,000,000","-4,000,000","6,000,000","-4,000,000","-2,000,000","-2,000,000","239,000,000","110,000,000","36,000,000",,"70,000,000","17,000,000","194,000,000","85,000,000","24,000,000","23,000,000","33,000,000","6,000,000","120,000,000","11,000,000","37,000,000","8,000,000","408,000,000","63,000,000","53,000,000","146,000,000","284,000,000","39,000,000","291,000,000","101,000,000",,,,,,,,,,,,,,,,,,,,,,,,,,,,,,,,,,,,,,,,,,,,,,,,,,,,,,,,,,,,,,
		ImpairmentOfCapitalAssets,"784,000,000","1,000,000","781,000,000","0","2,000,000",,,"4,000,000",,,,,,,,,,,,,,,,,,,,,,,,,,,,,,,,,,,,,,,,,,,,,,,,,,,,,,,,,,,,,,,,,,,,,,,,,,,,,,,,,,,,,,,,,,,,,,,,,,,,,,,,,,,,,,,,,,,,,,,,,,,,,,,,,,,,,,,,,,,,
		WriteOff,"3,000,000","0","3,000,000","0",,,,,,,,,,,,,,,,,,,,,,,,,,,,,,,,,,,,"4,000,000",,,,,,,,,,,,,,,,,,,,,,,,,,,,,,,,,,,,,,,,,,,,,,,,,,,,,,,,,,,,,,,,,,,,,,,,,,,,,,,,,,,,,,,,,,,,,,,,,,,,,,,,,,,,
		OtherSpecialCharges,,"33,000,000","2,000,000",,,,"26,000,000","-1,000,000",,"3,000,000","-4,000,000","-16,000,000",,,"43,000,000",,,"1,000,000","7,000,000",,"2,000,000","13,000,000","1,000,000","3,000,000","6,000,000","7,000,000","8,000,000","6,000,000","3,000,000","-1,000,000","-3,000,000","16,000,000","-1,000,000","-1,000,000","3,000,000",,,"-37,000,000","-83,000,000","11,000,000","51,000,000","114,000,000","152,000,000","17,000,000","43,000,000","3,000,000",,"12,000,000",,"1,192,000,000",,,"87,000,000",,"252,000,000","19,000,000","24,000,000","827,000,000","-15,000,000","4,000,000","12,000,000","16,000,000","-175,000,000","128,000,000","82,000,000",,"-811,000,000","206,000,000","2,000,000","-228,000,000","-955,000,000","37,000,000","-184,000,000","-238,000,000","-841,000,000","121,000,000","167,000,000","421,000,000","155,000,000","93,000,000","107,000,000","90,000,000","66,000,000","124,000,000","185,000,000","-679,000,000",,,,,,,,,,,,,,,,,,,,,,,,,,,,,,,,,,,,,,,,,,,,,,,,,,,,,,,,,,,,,,
		GainOnSaleOfBusiness,,,"0","39,000,000","1,000,000","0","1,000,000","28,000,000","0","1,000,000","1,000,000","19,000,000","0","1,000,000","0","3,000,000","16,000,000","16,000,000","1,000,000","13,000,000","1,000,000","0","4,000,000","2,000,000","-4,000,000","20,000,000","34,000,000","0","-6,000,000","16,000,000","11,000,000","9,000,000","0","30,000,000","31,000,000","24,000,000","9,000,000","0","0","-5,000,000","2,000,000",,,"0","7,000,000",,,"15,000,000",,,,,,,,,,,,,,,,,,,,,,,,,,,,,,,,,,,,,,,,,,,,,,,,,,,,,,,,,,,,,,,,,,,,,,,,,,,,,,,,,,,,,,,,,,,,,,,,,,,,
		GainOnSaleOfPPE,,,"-2,000,000",,,,,,,"0","-1,000,000","-1,000,000","0","-1,000,000","-1,000,000","-1,000,000",,"-1,000,000","-1,000,000","-3,000,000","-3,000,000","-3,000,000","-4,000,000","-4,000,000","-4,000,000","-4,000,000","-4,000,000","-3,000,000","-3,000,000","-3,000,000","-3,000,000","-4,000,000","-4,000,000","-4,000,000","-4,000,000","-4,000,000","-5,000,000","-4,000,000","-5,000,000",,,,,,,,,,,,,,,,,,,,,,,,,,,,,,,,,,,,,,,,,,,,,,,,,,,,,,,,,,,,,,,,,,,,,,,,,,,,,,,,,,,,,,,,,,,,,,,,,,,,,,,,,,,,,
	OtherNonOperatingIncomeExpenses,"70,000,000","4,000,000","25,000,000","19,000,000","22,000,000","21,000,000","10,000,000","15,000,000","10,000,000","-6,000,000","5,000,000","-2,000,000","-15,000,000","-14,000,000","-70,000,000","-33,000,000","-31,000,000","-19,000,000","-1,000,000",,"-7,000,000","-1,000,000","-2,000,000","-4,000,000",,"-9,000,000","-12,000,000","-3,000,000","-7,000,000","-4,000,000","-8,000,000","-7,000,000","-12,000,000","-6,000,000","-5,000,000","-8,000,000","-7,000,000","1,000,000","-7,000,000",,,,,,,,,,,,,,,,,,,,,,,,,,,,,,,,,,,,,,,,,,,,,,,,,,,,,,,,,,,,,,,,,,,,,,,,,,,,,,,,,,,,,,,,,,,,,,,,,,,,,,,,,,,,,
PretaxIncome,"-617,000,000","-89,000,000","-711,000,000","84,000,000","99,000,000","53,000,000","103,000,000","119,000,000","35,000,000","-5,000,000","309,000,000","230,000,000","200,000,000","83,000,000","139,000,000","192,000,000","133,000,000","134,000,000","226,000,000","167,000,000","193,000,000","-16,000,000","289,000,000","150,000,000","145,000,000","-16,000,000","310,000,000","-173,000,000","74,000,000","201,000,000","290,000,000","300,000,000","324,000,000","291,000,000","345,000,000","335,000,000","332,000,000","305,000,000","367,000,000","317,000,000","351,000,000","313,000,000","447,000,000","367,000,000","401,000,000","350,000,000","177,000,000","328,000,000","320,000,000","-10,000,000","194,000,000","158,000,000","197,000,000","78,000,000","-79,000,000","238,000,000","245,000,000","-518,000,000","470,000,000","324,000,000","315,000,000","329,000,000","244,000,000","91,000,000","265,000,000","208,000,000","347,000,000","77,000,000","117,000,000","326,000,000","479,000,000","163,000,000","272,000,000","232,000,000","309,000,000","164,000,000","146,000,000","-118,000,000","-28,000,000","186,000,000","160,000,000","-66,000,000","512,000,000","-268,000,000","-459,000,000","590,000,000","-8,000,000","-196,000,000","193,000,000","-356,000,000","419,000,000","496,000,000","644,000,000","496,000,000","887,000,000","554,000,000","-1,097,000,000","448,000,000","775,000,000","473,000,000","512,000,000","420,000,000","685,000,000","388,000,000","457,000,000","376,000,000","763,000,000","380,000,000","386,000,000","260,000,000","523,000,000","314,000,000","284,000,000","224,000,000","-995,000,000","195,000,000","109,000,000","302,000,000","-667,000,000","241,000,000","235,000,000","213,000,000","208,000,000","198,000,000","206,000,000","188,000,000","315,000,000","199,000,000","202,000,000","200,000,000","363,000,000","276,000,000",,,,,,,,,,,,,,,,
TaxProvision,"-62,000,000","-31,000,000","-36,000,000","-4,000,000","9,000,000","14,000,000","28,000,000","29,000,000","8,000,000","-1,000,000","71,000,000","66,000,000","50,000,000","-8,000,000","37,000,000","142,000,000","38,000,000","40,000,000","444,000,000","18,000,000","43,000,000","-24,000,000","63,000,000","5,000,000","9,000,000","-15,000,000","52,000,000","-105,000,000","-9,000,000","39,000,000","57,000,000","71,000,000","81,000,000","49,000,000","73,000,000","85,000,000","68,000,000","52,000,000","71,000,000","63,000,000","66,000,000","77,000,000","102,000,000","81,000,000","108,000,000","95,000,000","488,000,000","98,000,000","-112,000,000","22,000,000","30,000,000","44,000,000","59,000,000","19,000,000","-59,000,000","15,000,000","59,000,000","-246,000,000","125,000,000","97,000,000","76,000,000","102,000,000","59,000,000","-416,000,000","22,000,000","47,000,000","83,000,000","29,000,000","-233,000,000","116,000,000","120,000,000","62,000,000","91,000,000","67,000,000","87,000,000","47,000,000","53,000,000","-53,000,000","-68,000,000","81,000,000","67,000,000","-20,000,000","298,000,000","-56,000,000","-160,000,000","404,000,000","-16,000,000","-29,000,000","48,000,000","-113,000,000","125,000,000","157,000,000","196,000,000","153,000,000","273,000,000","173,000,000","-385,000,000","147,000,000","250,000,000","153,000,000","175,000,000","150,000,000","259,000,000","138,000,000","164,000,000","139,000,000","210,000,000","144,000,000","148,000,000","113,000,000","212,000,000","128,000,000","116,000,000","95,000,000","-355,000,000","45,000,000","-3,000,000","113,000,000","-9,000,000","106,000,000","96,000,000","85,000,000","117,000,000","77,000,000","80,000,000","72,000,000","93,000,000","67,000,000","72,000,000","79,000,000","151,000,000","121,000,000",,,,,,,,,,,,,,,,
EarningsFromEquityInterestNetOfTax,"4,000,000","1,000,000","1,000,000","1,000,000","1,000,000","0","2,000,000","0","0","2,000,000","-129,000,000","58,000,000","34,000,000","45,000,000","39,000,000","43,000,000","19,000,000","-68,000,000","25,000,000","30,000,000","20,000,000","16,000,000","23,000,000","39,000,000","22,000,000","37,000,000","32,000,000","40,000,000","29,000,000","34,000,000","41,000,000","44,000,000","33,000,000","42,000,000","43,000,000","43,000,000","36,000,000","47,000,000","47,000,000","34,000,000","31,000,000","40,000,000","38,000,000","43,000,000","34,000,000","34,000,000","26,000,000","26,000,000","28,000,000","-2,000,000","27,000,000","15,000,000","9,000,000","-10,000,000",,,,,,,,,,,,,,,,,,,,,,,,,,,,,,,,,,,,,,,,,,,,,,,,,,,,,,,,,,,,,,,,,,,,,,,,,,,,,,,,,,,,,,,,,,,,,,
NetIncomeCommonStockholders,"-564,000,000","-60,000,000","-678,000,000","86,000,000","88,000,000","35,000,000","74,000,000","86,000,000","24,000,000","-6,000,000","815,000,000","217,000,000","178,000,000","129,000,000","134,000,000","85,000,000","109,000,000","19,000,000","-193,000,000","175,000,000","163,000,000","12,000,000","-853,000,000","175,000,000","149,000,000","28,000,000","265,000,000","-40,000,000","6,000,000","219,000,000","150,000,000","260,000,000","260,000,000","275,000,000","300,000,000","280,000,000","265,000,000","290,000,000","329,000,000","276,000,000","303,000,000","269,000,000","351,000,000","320,000,000","313,000,000","281,000,000","150,000,000","250,000,000","227,000,000","-42,000,000","180,000,000","123,000,000","140,000,000","42,000,000","1,000,000","258,000,000","215,000,000","-244,000,000","382,000,000","254,000,000","266,000,000","233,000,000","214,000,000","536,000,000","245,000,000","186,000,000","267,000,000","49,000,000","408,000,000","196,000,000","226,000,000","149,000,000","187,000,000","224,000,000","197,000,000","92,000,000","75,000,000","-75,000,000","-71,000,000","42,000,000","93,000,000","-132,000,000","218,000,000","-211,000,000","-281,000,000","201,000,000","8,000,000","-167,000,000","145,000,000","-243,000,000","294,000,000","339,000,000","448,000,000","343,000,000","614,000,000","381,000,000","-712,000,000","111,000,000","468,000,000","320,000,000","337,000,000","270,000,000","426,000,000","250,000,000","293,000,000","237,000,000","-1,094,100,000","234,900,000","236,900,000","145,800,000","311,000,000","186,000,000","168,000,000","129,000,000","-662,000,000","150,000,000","112,000,000","189,000,000","-1,507,000,000","135,000,000","139,000,000","128,000,000","91,000,000","121,000,000","126,000,000","116,000,000","235,000,000","132,000,000","130,000,000","-254,000,000","212,000,000","155,000,000",,,,,,,,,,,,,,,,
	NetIncome,"-550,000,000","-56,000,000","-675,000,000","90,000,000","91,000,000","39,000,000","77,000,000","90,000,000","27,000,000","-2,000,000","818,000,000","221,000,000","181,000,000","133,000,000","137,000,000","89,000,000","112,000,000","23,000,000","-190,000,000","179,000,000","166,000,000","16,000,000","-847,000,000","181,000,000","155,000,000","34,000,000","271,000,000","-34,000,000","12,000,000","225,000,000","156,000,000","266,000,000","266,000,000","281,000,000","306,000,000","286,000,000","271,000,000","296,000,000","335,000,000","282,000,000","309,000,000","269,000,000","375,000,000","320,000,000","319,000,000","281,000,000","171,000,000","250,000,000","227,000,000","-42,000,000","180,000,000","123,000,000","140,000,000","42,000,000","1,000,000","258,000,000","215,000,000","-244,000,000","382,000,000","254,000,000","266,000,000","233,000,000","214,000,000","536,000,000","260,000,000","200,000,000","282,000,000","63,000,000","423,000,000","210,000,000","240,000,000","163,000,000","208,000,000","248,000,000","222,000,000","117,000,000","86,000,000","-65,000,000","-61,000,000","105,000,000","93,000,000","-132,000,000","218,000,000","-211,000,000","-281,000,000","201,000,000","8,000,000","-167,000,000","145,000,000","-243,000,000","294,000,000","339,000,000","448,000,000","343,000,000","614,000,000","381,000,000","-712,000,000","111,000,000","525,000,000","320,000,000","337,000,000","270,000,000","426,000,000","250,000,000","293,000,000","237,000,000","-1,093,000,000","236,000,000","238,000,000","147,000,000","311,000,000","186,000,000","168,000,000","129,000,000","-577,000,000","150,000,000","112,000,000","189,000,000","-1,422,000,000","135,000,000","139,000,000","128,000,000","91,000,000","121,000,000","126,000,000","116,000,000","235,000,000","132,000,000","130,000,000","-254,000,000","212,000,000","155,000,000",,,,,,,,,,,,,,,,
		NetIncomeIncludingNoncontrollingInterests,"-551,000,000","-57,000,000","-674,000,000","89,000,000","91,000,000","39,000,000","77,000,000","90,000,000","27,000,000","-2,000,000","819,000,000","222,000,000","184,000,000","136,000,000","141,000,000","93,000,000","114,000,000","26,000,000","-187,000,000","182,000,000","170,000,000","18,000,000","-844,000,000","184,000,000","158,000,000","36,000,000","276,000,000","-31,000,000","17,000,000","230,000,000","162,000,000","272,000,000","272,000,000","286,000,000","311,000,000","291,000,000","277,000,000","300,000,000","343,000,000","288,000,000","316,000,000","276,000,000","383,000,000","329,000,000","327,000,000","289,000,000","179,000,000","256,000,000","236,000,000","-34,000,000","191,000,000","129,000,000","147,000,000","49,000,000","1,000,000","258,000,000","215,000,000","-244,000,000","412,000,000","254,000,000","266,000,000","233,000,000","236,000,000","536,000,000","260,000,000","200,000,000","282,000,000","63,000,000","423,000,000","210,000,000","240,000,000","163,000,000","208,000,000","248,000,000","162,000,000","132,000,000","109,000,000","-43,000,000","-35,000,000","122,000,000","118,000,000","-108,000,000","229,000,000","-192,000,000","-275,000,000","208,000,000","18,000,000","-157,000,000","157,000,000","-232,000,000","308,000,000","353,000,000","461,000,000","351,000,000","624,000,000","395,000,000","-702,000,000","122,000,000","538,000,000","334,000,000","368,000,000","300,000,000","490,000,000","275,000,000","337,000,000","265,000,000","-1,040,000,000","273,000,000","287,000,000","198,000,000","387,000,000","236,000,000","223,000,000","161,000,000","-597,000,000","187,000,000","233,000,000","213,000,000","-1,374,000,000","167,000,000","180,000,000","156,000,000","128,000,000","166,000,000","173,000,000","150,000,000","318,000,000","167,000,000","170,000,000","-225,000,000","250,000,000","192,000,000","179,000,000","158,000,000","-77,000,000","146,000,000","167,000,000","152,000,000","155,000,000","134,000,000","154,000,000","135,000,000","88,000,000","112,000,000","122,000,000","101,100,000","56,300,000","-15,000,000"
			NetIncomeContinuousOperations,"-551,000,000","-57,000,000","-674,000,000","89,000,000","91,000,000","39,000,000","77,000,000","90,000,000","27,000,000","-2,000,000","109,000,000","222,000,000","184,000,000","136,000,000","141,000,000","93,000,000","114,000,000","26,000,000","-193,000,000","179,000,000","170,000,000","24,000,000","249,000,000","184,000,000","158,000,000","36,000,000","290,000,000","-28,000,000","112,000,000","196,000,000","274,000,000","273,000,000","276,000,000","284,000,000","315,000,000","293,000,000","300,000,000","300,000,000","343,000,000","288,000,000","316,000,000","276,000,000","383,000,000","329,000,000","327,000,000","289,000,000","179,000,000","256,000,000","236,000,000","-34,000,000","191,000,000","129,000,000","147,000,000","49,000,000","1,000,000","258,000,000","215,000,000","-244,000,000","382,000,000","254,000,000","266,000,000","233,000,000","214,000,000","536,000,000","260,000,000","200,000,000","282,000,000","71,000,000","370,000,000","210,000,000","240,000,000","163,000,000","208,000,000","165,000,000","222,000,000","117,000,000","86,000,000","-65,000,000","2,000,000","105,000,000","93,000,000","-46,000,000","214,000,000","-212,000,000","-299,000,000","186,000,000","8,000,000","-167,000,000","145,000,000","-243,000,000","294,000,000","339,000,000","448,000,000","343,000,000","614,000,000","381,000,000","-712,000,000","301,000,000","525,000,000","320,000,000","337,000,000","270,000,000","426,000,000","250,000,000","293,000,000","237,000,000","553,000,000","236,000,000","238,000,000","147,000,000","311,000,000","186,000,000","168,000,000","129,000,000","-640,000,000","150,000,000","112,000,000","189,000,000","-658,000,000","135,000,000","139,000,000","128,000,000","91,000,000","121,000,000","126,000,000","116,000,000","222,000,000","132,000,000","130,000,000","121,000,000","212,000,000","155,000,000","179,000,000","158,000,000","-77,000,000","146,000,000","167,000,000","152,000,000","155,000,000","134,000,000","154,000,000","135,000,000","139,000,000","112,000,000","135,000,000","101,100,000","61,500,000","-15,000,000"
			NetIncomeDiscontinuousOperations,,,,,,,"0","0","0","0","553,000,000",,,,"0","0",,"0","6,000,000","3,000,000","0","-6,000,000",,,"0","0","-14,000,000","-3,000,000","-95,000,000","34,000,000","-112,000,000","-1,000,000","-4,000,000","2,000,000","-4,000,000","-2,000,000","-23,000,000",,,,,,,,,,,,,,,,,,,,,,,,,,,,,,"0",,"53,000,000",,,,,"83,000,000",,,,,,,,,,,,,,,,,,,,,"0",,,"-190,000,000",,,,,,,,,,,,,,,,,,,,,,,,,,,,,"13,000,000",,,"-375,000,000",,,,,,,,,,,,,"-51,000,000",,"-13,000,000",,"-5,200,000",
			NetIncomeExtraordinary,,,,,,,,,,,,,,,,,,,,,,,,,,,,,,,,,,,,,,,,,,,,,,,,,,,,,,,,,,,,,,,,,,,"0","-8,000,000",,,,,,,,,,,,,,"-86,000,000","0",,,"-2,000,000",,,,,,,,,,,,,,,,,,,,,,,,,,,,,,,,,,,,,,,,,,,,,,,,,,,,,,,,,,,,,,
			NetIncomeFromTaxLossCarryforward,,,,,,,,,,,,,,,,,,,,,,,,,,,,,,,,,,,,,,,,,,,,,,,,,,,,,,,,,,,,,,,,,,,,,,,,,,,,,,,,,,,"4,000,000","1,000,000","18,000,000","17,000,000",,,,,,,,,,,,,,,,,,,,,,,,,,,,,,,,,,,,,,,,,,,,,,,,,,,,,,,,,,,,,,
		MinorityInterests,"1,000,000","1,000,000","-1,000,000","1,000,000","0","0","0","0","0","0","-1,000,000","-1,000,000","-3,000,000","-3,000,000","-4,000,000","-4,000,000","-2,000,000","-3,000,000","-3,000,000","-3,000,000","-4,000,000","-2,000,000","-3,000,000","-3,000,000","-3,000,000","-2,000,000","-5,000,000","-3,000,000","-5,000,000","-5,000,000","-6,000,000","-6,000,000","-6,000,000","-5,000,000","-5,000,000","-5,000,000","-6,000,000","-4,000,000","-8,000,000","-6,000,000","-7,000,000","-7,000,000","-8,000,000","-9,000,000","-8,000,000","-8,000,000","-8,000,000","-6,000,000","-9,000,000","-8,000,000","-11,000,000","-6,000,000","-7,000,000","-7,000,000",,,,,,,,,,,,,,,,,,,,,,"-15,000,000","-23,000,000","-22,000,000","-26,000,000","-17,000,000","-25,000,000","-24,000,000","-11,000,000","-19,000,000","-6,000,000","-7,000,000","-10,000,000","-10,000,000","-12,000,000","-11,000,000","-14,000,000","-14,000,000","-13,000,000","-8,000,000","-10,000,000","-14,000,000","-10,000,000","-11,000,000","-13,000,000","-14,000,000","-31,000,000","-30,000,000","-64,000,000","-25,000,000","-44,000,000","-28,000,000","-53,000,000","-37,000,000","-49,000,000","-51,000,000","-76,000,000","-50,000,000","-55,000,000","-32,000,000","20,000,000","-37,000,000","-121,000,000","-24,000,000","-48,000,000","-32,000,000","-41,000,000","-28,000,000","-37,000,000","-45,000,000","-47,000,000","-34,000,000","-83,000,000","-35,000,000","-40,000,000","-29,000,000","-38,000,000","-37,000,000",,,,,,,,,,,,,,,,
	PreferredStockDividends,"14,000,000","4,000,000","3,000,000","4,000,000","3,000,000","4,000,000","3,000,000","4,000,000","3,000,000","4,000,000","3,000,000","4,000,000","3,000,000","4,000,000","3,000,000","4,000,000","3,000,000","4,000,000","3,000,000","4,000,000","3,000,000","4,000,000","6,000,000","6,000,000","6,000,000","6,000,000","6,000,000","6,000,000","6,000,000","6,000,000","6,000,000","6,000,000","6,000,000","6,000,000","6,000,000","6,000,000","6,000,000","6,000,000","6,000,000","6,000,000","6,000,000",,,,"6,000,000",,,,,,,,,,,,,,,,,,"0",,"15,000,000","14,000,000","15,000,000","14,000,000","15,000,000","14,000,000","14,000,000","14,000,000","21,000,000","24,000,000","25,000,000","25,000,000","11,000,000","10,000,000","10,000,000","63,000,000",,,,,,,,,,,,,,,,,,,,,,,,,,,"1,100,000","1,100,000","1,100,000","1,200,000",,,,,,,,,,,,,,,,,,,,,,,,,,,,,,,,,,,,,,
	OtherunderPreferredStockDividend,,,,,,,,,,,,,,,,,,,,,,,,,,,,,,,,,,,,,,,,,,,,,,,,,,,,,"7,000,000",,,,,,,,,,,,,,,,,,,,,,,,,,,,,,,,,,,,,,,,,,,,,,,,,,,,,,,,,,,,,,,,,,,,,,,,,,,,,,,,,,,,,,,,,,,,,,,
AverageDilutionEarnings,,,,,,,"0","0","0",,"3,000,000","4,000,000","3,000,000","4,000,000","3,000,000",,,,,,,,,,,,,,,,,,,,,,,,,"0","0",,,,"0",,,,,,,,,,,,,,,,,,,,,,,,,,,,,,,,,,,,,,,,,,,,,,,,,,,,,,,,,,,,,,,,,,,,,,,,,,,,,,,,,,,,,,,,,,,,,,,,,,,,,,,
DilutedNIAvailtoComStockholders,"-564,000,000","-60,000,000","-678,000,000","86,000,000","88,000,000","35,000,000","74,000,000","86,000,000","24,000,000","-6,000,000","818,000,000","221,000,000","181,000,000","133,000,000","134,000,000","85,000,000","109,000,000","19,000,000","-193,000,000","175,000,000","163,000,000","12,000,000","-853,000,000","175,000,000","149,000,000","28,000,000","265,000,000","-40,000,000","6,000,000","219,000,000","150,000,000","260,000,000","260,000,000","275,000,000","300,000,000","280,000,000","265,000,000","290,000,000","328,000,000","276,000,000","303,000,000","269,000,000","376,000,000","320,000,000","313,000,000","281,000,000","150,000,000","250,000,000","227,000,000","-42,000,000","180,000,000","123,000,000","140,000,000","42,000,000","1,000,000","258,000,000","215,000,000","-244,000,000","382,000,000","254,000,000","266,000,000","233,000,000","214,000,000","536,000,000","245,000,000","186,000,000","267,000,000","49,000,000","408,000,000","196,000,000","226,000,000","149,000,000","187,000,000","224,000,000","197,000,000","92,000,000","75,000,000","-75,000,000","-71,000,000","42,000,000","93,000,000","-132,000,000","218,000,000","-211,000,000","-281,000,000","201,000,000","8,000,000","-167,000,000","145,000,000","-243,000,000","294,000,000","339,000,000","448,000,000","343,000,000","614,000,000","381,000,000","-712,000,000","111,000,000","468,000,000","320,000,000","337,000,000","270,000,000","426,000,000","250,000,000","293,000,000","237,000,000","-1,094,100,000","234,900,000","236,900,000","145,800,000","311,000,000","186,000,000","168,000,000","129,000,000","-662,000,000","150,000,000","112,000,000","189,000,000","-1,507,000,000","135,000,000","139,000,000","128,000,000","91,000,000","121,000,000","126,000,000","116,000,000","235,000,000","132,000,000","130,000,000","-254,000,000","212,000,000","155,000,000",,,,,,,,,,,,,,,,
BasicEPS,,"-0.38","-3.97","0.48","0.47","0.18","0.37","0.41","0.11","-0.03","3.78","0.99","0.79","0.57","0.56","0.34","0.42","0.08","-0.76","0.69","0.64","0.04","0.68","0.68","0.6","0.12","1.12","-0.16","0.04","0.8","0.52","0.92","0.88","0.92","1","0.92","0.88","0.96","1.04","0.84","0.92","0.8",,"0.92","0.88","0.8",,"0.72","0.64","-0.16",,"0.56","0.64","0.2",,"1.2","0.96","-1.08",,"1.08","1.12","1",,"2.2","1.08","0.8",,"0.2","1.72","0.8",,"0.72","0.92","1.12",,"0.48","0.4","-0.4",,"0.24","0.52","-0.24",,"-1.16","-1.6","1.12",,"-1.04","0.84","-1.52",,"2","2.64","2",,"1.12","-2.2","0.3",,"0.94","1.02","0.8",,"0.74","0.86","0.233",,"0.227","0.233","0.14",,"0.18","0.147","0.12",,"0.147","0.107","0.2",,"0.133","0.14","0.127",,"0.12","0.127","0.113",,"0.133","0.133","-0.327",,"0.16","0.187","0.167",,"0.153","0.18","0.153",,"0.14","0.16","0.14",,"0.113","0.12","0.107",,"-0.033"
DilutedEPS,,"-0.38","-3.97","0.48","0.46","0.18","0.36","0.41","0.11","-0.03","3.61","0.96","0.77","0.55","0.56","0.34","0.42","0.08","-0.76","0.68","0.63","0.04","0.68","0.68","0.6","0.12","1.08","-0.16","0.04","0.76","0.52","0.88","0.88","0.92","0.96","0.88","0.84","0.92","1.04","0.84","0.88","0.76",,"0.88","0.88","0.76",,"0.68","0.64","-0.16",,"0.56","0.64","0.2",,"1.16","0.96","-1.08",,"1.08","1.12","0.96",,"2.16","1.04","0.8",,"0.2","1.6","0.8",,"0.68","0.84","1",,"0.44","0.36","-0.4",,"0.2","0.48","-0.24",,"-1.16","-1.6","1",,"-1.04","0.76","-1.52",,"1.88","2.48","1.92",,"1.06","-2.2","0.3",,"0.9","0.94","0.76",,"0.68","0.82","0.22",,"0.213","0.22","0.133",,"0.173","0.147","0.113",,"0.14","0.107","0.187",,"0.127","0.133","0.127",,"0.113","0.12","0.113",,"0.127","0.133","-0.327",,"0.153","0.187","0.167",,"0.153","0.18","0.153",,"0.14","0.16","0.14",,"0.113","0.12","0.107",,"-0.033"
BasicAverageShares,,"156,362,000","171,045,000","182,000,000","193,617,021","216,666,667","200,278,000","211,169,000","212,949,000","212,750,000","215,499,000","220,269,000","223,606,000","228,567,000","236,190,000","251,290,000","254,895,000","254,660,000","254,616,000","254,510,000","254,193,000","254,037,750","253,538,250","253,429,500","253,321,000","253,258,250","253,197,000","261,282,750","271,930,000","277,499,750","282,125,500","287,278,250","290,210,500","294,707,000","303,417,500","309,121,250","307,595,250","306,317,750","312,196,000","323,378,250","333,485,500","334,349,250",,"349,044,000","350,551,500","350,019,250",,"346,777,500","345,820,750","293,933,000",,"217,826,000","217,540,250","216,736,000",,"217,712,250","222,447,750","225,925,926",,"235,185,185","237,500,000","233,000,000",,"243,636,364","226,851,852","232,500,000",,"245,000,000","237,209,302","245,000,000",,"206,944,444","203,260,870","200,000,000",,"191,666,667","187,500,000","187,500,000",,"175,000,000","178,846,154","181,762,157",,"181,896,552","175,625,000","179,464,286",,"160,576,923","172,619,048","159,868,421",,"169,500,000","169,696,970","171,500,000",,"163,959,500","164,108,500","164,117,000",,"162,792,000","162,388,500","161,830,500",,"162,275,500","161,964,000","161,964,000",,"161,254,000","161,254,000","160,468,500",,"158,940,000","158,590,000","158,338,000",,"156,040,500","155,943,000","143,705,500",,"142,497,000","142,106,500","141,781,000",,"138,938,500","138,836,500","138,732,500",,"138,473,000","138,471,500","138,455,000",,"138,303,500","154,447,500","153,815,500",,"154,447,500","154,447,500","154,447,500",,"149,079,500","148,281,000","146,237,000",,"146,210,000","146,141,000","144,603,500",,"144,207,000"
DilutedAverageShares,,"156,362,000","171,045,000","182,000,000","197,826,087","216,666,667","200,278,000","212,707,000","215,567,000","212,750,000","226,678,000","231,067,000","235,279,000","239,718,000","246,120,000","254,053,000","257,947,000","257,470,000","254,616,000","263,385,000","263,210,000","256,142,000","257,002,500","256,324,250","255,505,250","255,130,750","261,542,750","261,282,750","276,317,250","281,654,500","292,707,750","298,101,250","301,931,250","306,181,750","315,138,250","321,394,500","321,803,750","320,113,750","324,054,500","329,717,000","341,549,750","334,349,250",,"349,044,000","350,551,500","358,980,750",,"354,176,250","354,663,000","293,933,000",,"220,693,250","219,731,500","216,736,000",,"217,712,250","222,447,750","225,925,926",,"235,185,185","237,500,000","242,708,333",,"248,148,148","235,576,923","232,500,000",,"245,000,000","255,000,000","245,000,000",,"219,117,647","222,619,048","224,000,000",,"209,090,909","208,333,333","187,500,000",,"210,000,000","193,750,000","181,762,157",,"181,896,552","175,625,000","201,000,000",,"160,576,923","190,789,474","159,868,421",,"180,319,149","180,645,161","178,645,833",,"163,959,500","164,108,500","164,117,000",,"162,792,000","162,388,500","161,830,500",,"162,275,500","161,964,000","161,964,000",,"161,254,000","161,254,000","160,468,500",,"158,940,000","158,590,000","158,338,000",,"156,040,500","155,943,000","143,705,500",,"142,497,000","142,106,500","141,781,000",,"138,938,500","138,836,500","138,732,500",,"138,473,000","138,471,500","138,455,000",,"138,303,500","154,447,500","153,815,500",,"154,447,500","154,447,500","154,447,500",,"149,079,500","148,281,000","146,237,000",,"146,210,000","146,141,000","144,603,500",,"144,207,000"
TotalExpenses,"6,764,000,000","1,682,000,000","1,704,000,000","1,697,000,000","1,681,000,000","1,636,000,000","1,759,000,000","1,649,000,000","1,413,000,000","1,784,000,000","1,995,000,000","1,942,000,000","2,010,000,000","1,972,000,000","2,180,000,000","2,107,000,000","2,246,000,000","2,205,000,000","2,461,000,000","2,277,000,000","2,300,000,000","2,296,000,000","-2,388,000,000","3,935,000,000","4,086,000,000","4,106,000,000","4,302,000,000","4,413,000,000","4,291,000,000","4,208,000,000","3,662,000,000","4,719,000,000","4,862,000,000","4,763,000,000","5,133,000,000","4,853,000,000","4,978,000,000","5,043,000,000","5,194,000,000","5,036,000,000","5,087,000,000","5,118,000,000","5,278,000,000","5,134,000,000","5,118,000,000","5,052,000,000","4,816,000,000","5,015,000,000","5,013,000,000","4,340,000,000","3,836,000,000","3,383,000,000","3,410,000,000","3,353,000,000","3,916,000,000","3,961,000,000","4,160,000,000","3,988,000,000","4,263,000,000","3,836,000,000","3,748,000,000","3,374,000,000","3,574,000,000","3,515,000,000","3,594,000,000","3,419,000,000","3,693,000,000","3,378,000,000","3,551,000,000","3,311,000,000","4,122,000,000","3,331,000,000","3,412,000,000","3,619,000,000","3,694,000,000","3,345,000,000","3,479,000,000","3,346,000,000","3,633,000,000","3,344,000,000","3,521,000,000","3,583,000,000","3,458,000,000","3,987,000,000","4,144,000,000","4,185,000,000","4,902,000,000","4,476,000,000","4,367,000,000","4,169,000,000","4,606,000,000","3,980,000,000","4,089,000,000","3,616,000,000","5,045,000,000","3,879,000,000","4,000,000,000","3,661,000,000","4,463,000,000","3,767,000,000","3,712,000,000","3,464,000,000","4,204,000,000","3,621,000,000","3,606,000,000","3,410,000,000","3,861,000,000","3,477,000,000","3,494,000,000","3,288,000,000","2,020,000,000","3,755,000,000","3,763,000,000","3,467,000,000","5,157,000,000","4,001,000,000","3,923,000,000","3,706,000,000","5,457,000,000","4,036,000,000","3,990,000,000","3,784,000,000","4,390,000,000","3,851,000,000","3,986,000,000","3,773,000,000","4,470,000,000","4,016,000,000","3,939,000,000","3,750,000,000","4,085,000,000","3,953,000,000",,,,,,,,,,,,,,,,
NetIncomeFromContinuingAndDiscontinuedOperation,"-550,000,000","-56,000,000","-675,000,000","90,000,000","91,000,000","39,000,000","77,000,000","90,000,000","27,000,000","-2,000,000","818,000,000","221,000,000","181,000,000","133,000,000","137,000,000","89,000,000","112,000,000","23,000,000","-190,000,000","179,000,000","166,000,000","16,000,000","-847,000,000","181,000,000","155,000,000","34,000,000","271,000,000","-34,000,000","12,000,000","225,000,000","156,000,000","266,000,000","266,000,000","281,000,000","306,000,000","286,000,000","271,000,000","296,000,000","335,000,000","282,000,000","309,000,000","269,000,000","375,000,000","320,000,000","319,000,000","281,000,000","171,000,000","250,000,000","227,000,000","-42,000,000","180,000,000","123,000,000","140,000,000","42,000,000","1,000,000","258,000,000","215,000,000","-244,000,000","382,000,000","254,000,000","266,000,000","233,000,000","214,000,000","536,000,000","260,000,000","200,000,000","282,000,000","71,000,000","423,000,000","210,000,000","157,000,000","163,000,000","208,000,000","248,000,000","222,000,000","117,000,000","86,000,000","-65,000,000","2,000,000","105,000,000","93,000,000","-46,000,000","214,000,000","-212,000,000","-299,000,000","186,000,000","8,000,000","-167,000,000","145,000,000","-243,000,000","294,000,000","339,000,000","448,000,000","343,000,000","614,000,000","381,000,000","-712,000,000","111,000,000","525,000,000","320,000,000","337,000,000","270,000,000","426,000,000","250,000,000","293,000,000","237,000,000","-1,093,000,000","236,000,000","238,000,000","147,000,000","311,000,000","186,000,000","168,000,000","129,000,000","-577,000,000","150,000,000","112,000,000","189,000,000","-658,000,000","135,000,000","139,000,000","128,000,000","91,000,000","121,000,000","126,000,000","116,000,000","235,000,000","132,000,000","130,000,000","-254,000,000","212,000,000","155,000,000",,,,,,,,,,,,,,,,
NormalizedIncome,"189,400,324.149","-22,748,000","70,253,164.557","71,020,000","101,908,000","52,984,000","117,048,543.689","78,660,000","36,252,000","47,600,000","149,592,233.01","221,713,000","211,750,000","216,220,000","224,323,741.007","86,810,000","166,978,000","55,947,000","-177,400,000","199,192,000","200,965,000","105,400,000","226,449,826.99","255,459,000","255,366,000","111,400,000","264,193,548.387","-8,800,000","250,992,000","192,612,000","289,693,103.448","296,757,000","297,750,000","278,168,000","332,075,362.319","294,714,000","315,465,000","254,500,000","402,749,318.801","294,820,189.274","348,786,324.786","354,955,271.565","515,469,798.658","341,040,871.935","345,304,239.401","283,185,714.286","394,600,000","251,402,439.024","243,900,000","115,950,000","230,721,649.485","128,050,632.911","139,299,492.386","40,487,179.487","405,950,000","288,920,168.067","269,661,224.49","290,950,000","375,393,617.021","254,000,000","273,587,301.587","242,659,574.468","262,524,590.164","678,800,000","368,203,773.585","252,634,615.385","-281,757,925.072","210,012,987.013","487,600,000","117,883,435.583","-457,764,091.858","200,177,914.11","107,518,382.353","0","-296,000,000","211,170,731.707","215,945,205.479","192,400,000","339,800,000","198,600,000","189,000,000","118,484,848.485","424,000,000","-83,059,701.493","11,074,074.074","-160,800,000","-188,200,000","-20,448,979.592","232,150,259.067","171,328,651.685","482,047,732.697","335,582,661.29","431,304,347.826","194,320,564.516","413,255,918.828","389,940,433.213","212,237,010.027","150,500,000","543,290,322.581","315,940,803.383","318,570,312.5","256,500,000","422,890,510.949","245,489,690.722","283,382,932.166","226,914,893.617","-958,146,788.991","639,063,157.895","641,860,103.627","617,400,000","2,108,000,000","188,400,000","175,200,000","159,600,000","-572,462,311.558","141,538,461.538","89,200,000","92,622,516.556","-610,647,676.162","87,600,000","83,800,000","85,333,333.333","28,600,000","91,055,555.556","77,067,961.165","87,000,000","82,457,142.857","59,698,492.462","115,198,019.802","79,860,000","89,600,000","-37,600,000",,,,,,,,,,,,,,,,
InterestIncome,"4,000,000","1,000,000","1,000,000","1,000,000","1,000,000","1,000,000","2,000,000","1,000,000","3,000,000","8,000,000","7,000,000","2,000,000","3,000,000","4,000,000","3,000,000","5,000,000","4,000,000","3,000,000","2,000,000","2,000,000","2,000,000","2,000,000","-2,000,000","3,000,000","2,000,000","2,000,000","2,000,000","2,000,000","2,000,000","2,000,000","3,000,000","2,000,000","3,000,000","2,000,000","2,000,000","3,000,000","4,000,000","2,000,000","-447,000,000","162,000,000","147,000,000","299,000,000","134,000,000","161,000,000","168,000,000","169,000,000","181,000,000","165,000,000","168,000,000","178,000,000","183,000,000","182,000,000","184,000,000","185,000,000",,,,,,,,,,,,,,,,,,,,,,,,,,,,,,,,,,,,,,,,,,,,,,,,,,,,,,,,,,,,,,,,,,,,,,,,,,,,,,,,,,,,,,,,,,,,,,
InterestExpense,"101,000,000","29,000,000","25,000,000","23,000,000","24,000,000","24,000,000","25,000,000","30,000,000","18,000,000","21,000,000","25,000,000","27,000,000","26,000,000","27,000,000","28,000,000","28,000,000","27,000,000","31,000,000","30,000,000","29,000,000","24,000,000","36,000,000","28,000,000","49,000,000","49,000,000","55,000,000","56,000,000","55,000,000","56,000,000","56,000,000","56,000,000","57,000,000","60,000,000","64,000,000","60,000,000","60,000,000","62,000,000","61,000,000","257,000,000","57,000,000","58,000,000","109,000,000","40,000,000","60,000,000","64,000,000","67,000,000","160,000,000","87,000,000","153,000,000","153,000,000","135,000,000","131,000,000","131,000,000","130,000,000",,,,,,,,,,,,,,,,,,,,,,,,,,,,,,,,,,,,,,,,,,,,,,,,,,,,,,,,,,,,,,,,,,,,,,,,,,,,,,,,,,,,,,,,,,,,,,
NetInterestIncome,"-97,000,000","-28,000,000","-24,000,000","-22,000,000","-23,000,000","-23,000,000","-23,000,000","-29,000,000","-15,000,000","-13,000,000","-18,000,000","-25,000,000","-23,000,000","-23,000,000","-25,000,000","-23,000,000","-23,000,000","-30,000,000","-28,000,000","-27,000,000","-22,000,000","-34,000,000","-30,000,000","-46,000,000","-47,000,000","-53,000,000","-54,000,000","-53,000,000","-54,000,000","-54,000,000","-53,000,000","-55,000,000","-57,000,000","-62,000,000","-58,000,000","-57,000,000","-58,000,000","-59,000,000","-704,000,000","105,000,000","89,000,000","190,000,000","94,000,000","101,000,000","104,000,000","102,000,000","21,000,000","78,000,000","15,000,000","25,000,000","48,000,000","51,000,000","53,000,000","55,000,000",,,,,,,,,,,,,,,,,,,,,,,,,,,,,,,,,,,,,,,,,,,,,,,,,,,,,,,,,,,,,,,,,,,,,,,,,,,,,,,,,,,,,,,,,,,,,,
EBIT,"-516,000,000","-60,000,000","-686,000,000","107,000,000","123,000,000","77,000,000","128,000,000","149,000,000","53,000,000","16,000,000","334,000,000","257,000,000","226,000,000","110,000,000","167,000,000","220,000,000","160,000,000","165,000,000","256,000,000","196,000,000","217,000,000","20,000,000","317,000,000","199,000,000","194,000,000","39,000,000","366,000,000","-118,000,000","130,000,000","257,000,000","346,000,000","357,000,000","384,000,000","355,000,000","405,000,000","395,000,000","394,000,000","366,000,000","624,000,000","374,000,000","409,000,000","422,000,000","487,000,000","427,000,000","465,000,000","417,000,000","337,000,000","415,000,000","473,000,000","143,000,000","329,000,000","289,000,000","328,000,000","208,000,000","454,000,000","409,000,000","373,000,000","347,000,000","-203,000,000","466,000,000","460,000,000","462,000,000","805,000,000","329,000,000","383,000,000","276,000,000","557,000,000","381,000,000","370,000,000","460,000,000","204,000,000","385,000,000","441,000,000","208,000,000","598,000,000","387,000,000","441,000,000","411,000,000","613,000,000","449,000,000","431,000,000","275,000,000","1,309,000,000","-85,000,000","-7,000,000","17,000,000","218,000,000","-14,000,000","321,000,000","262,000,000","832,000,000","648,000,000","773,000,000","422,000,000","751,000,000","728,000,000","474,000,000","377,000,000","949,000,000","609,000,000","644,000,000","558,000,000","871,000,000","537,000,000","611,000,000","518,000,000","-935,000,000","1,120,000,000","1,150,000,000","1,156,000,000","3,277,000,000","543,000,000","525,000,000","487,000,000","-764,000,000","415,000,000","394,000,000","385,000,000","-348,000,000","403,000,000","391,000,000","376,000,000","339,000,000","402,000,000","383,000,000","377,000,000","262,000,000","392,000,000","483,000,000","423,000,000","450,000,000","210,000,000","4,380,000,000","4,139,000,000","-10,397,000,000","4,146,000,000","4,069,000,000","3,830,000,000","-6,843,000,000","2,579,000,000","2,591,000,000","2,318,000,000","-6,111,000,000","2,316,000,000","2,300,000,000","2,133,600,000","-5,447,200,000","2,121,000,000"
EBITDA,"-203,000,000"
ReconciledCostOfRevenue,"4,412,000,000","1,077,000,000","1,128,000,000","1,123,000,000","1,084,000,000","1,028,000,000","1,157,000,000","1,039,000,000","823,000,000","1,065,000,000","1,299,000,000","1,225,000,000","1,293,000,000","1,214,000,000","1,403,000,000","1,302,000,000","1,382,000,000","1,314,000,000","1,543,000,000","1,390,000,000","1,416,000,000","1,381,000,000","-2,414,000,000","2,707,000,000","2,818,000,000","2,800,000,000","2,994,000,000","3,106,000,000","2,946,000,000","2,856,000,000","2,244,000,000","3,281,000,000","3,372,000,000","3,313,000,000","3,597,000,000","3,350,000,000","3,444,000,000","3,503,000,000","3,604,000,000","3,486,000,000","3,537,000,000","3,564,000,000","3,588,000,000","3,541,000,000","3,526,000,000","3,458,000,000","3,946,000,000","3,406,000,000","3,337,000,000","2,769,000,000","2,301,000,000","1,983,000,000","2,012,000,000","1,949,000,000","2,642,000,000","2,420,000,000","2,589,000,000","2,498,000,000","2,668,000,000","2,341,000,000","2,282,000,000","2,202,000,000","2,276,000,000","2,300,000,000","2,344,000,000","2,211,000,000","2,415,000,000","2,125,000,000","2,152,000,000","2,151,000,000","2,508,000,000","1,938,000,000","2,175,000,000","2,214,000,000","2,382,000,000","2,110,000,000","2,165,000,000","2,090,000,000","2,280,000,000","2,092,000,000","2,171,000,000","2,184,000,000","2,141,000,000","2,488,000,000","2,632,000,000","2,789,000,000","2,808,000,000","2,537,000,000","2,499,000,000","2,309,000,000","2,757,000,000","2,278,000,000","2,284,000,000","1,971,000,000","2,632,000,000","2,134,000,000","2,251,000,000","2,026,000,000","2,505,000,000","2,027,000,000","1,968,000,000","1,863,000,000","2,369,000,000","1,933,000,000","1,866,000,000","1,840,000,000","2,246,000,000","1,863,000,000","1,859,000,000","1,771,000,000","2,205,000,000","1,684,000,000","1,630,000,000","1,469,000,000","1,909,000,000","1,643,000,000","1,584,000,000","1,439,000,000","1,861,000,000","1,566,000,000","1,528,000,000","1,432,000,000","1,644,000,000","1,435,000,000","1,514,000,000","1,373,000,000","1,803,000,000","1,446,000,000","1,445,000,000","1,271,000,000","1,514,000,000","1,350,000,000",,,,,,,,,,,,,,,,
ReconciledDepreciation,"313,000,000","72,000,000","78,000,000","79,000,000","84,000,000","86,000,000","96,000,000","90,000,000","88,000,000","94,000,000","98,000,000","104,000,000","110,000,000","118,000,000","128,000,000","120,000,000","139,000,000","163,000,000","128,000,000","131,000,000","135,000,000","133,000,000","-280,000,000","275,000,000","278,000,000","290,000,000","280,000,000","317,000,000","297,000,000","296,000,000","356,000,000","349,000,000","376,000,000","345,000,000","346,000,000","340,000,000","343,000,000","329,000,000","336,000,000","339,000,000","313,000,000","313,000,000","361,000,000","301,000,000","298,000,000","291,000,000","293,000,000","284,000,000","279,000,000","241,000,000","185,000,000","176,000,000","168,000,000","169,000,000","171,000,000","175,000,000","178,000,000","145,000,000","171,000,000","171,000,000","162,000,000","152,000,000","155,000,000","163,000,000","163,000,000","155,000,000","157,000,000","156,000,000","165,000,000","159,000,000","175,000,000","168,000,000","168,000,000","175,000,000","182,000,000","178,000,000","189,000,000","199,000,000","263,000,000","213,000,000","240,000,000","319,000,000","538,000,000","332,000,000","242,000,000","220,000,000","124,000,000","288,000,000","275,000,000","261,000,000","276,000,000","202,000,000","234,000,000","223,000,000","232,000,000","196,000,000","193,000,000","200,000,000","222,000,000","183,000,000","175,000,000","159,000,000","187,000,000","171,000,000","207,000,000","150,000,000","147,000,000","174,000,000","172,000,000","167,000,000","181,000,000","165,000,000","175,000,000","160,000,000","164,000,000","150,000,000","171,000,000","170,000,000","200,000,000","191,000,000","174,000,000","174,000,000","175,000,000","182,000,000","166,000,000","172,000,000","127,000,000","195,000,000","160,000,000","209,000,000","188,000,000","186,000,000",,,,,,,,,,,,,,,,
NetIncomeFromContinuingOperationNetMinorityInterest,"-550,000,000","-56,000,000","-675,000,000","90,000,000","91,000,000","39,000,000","77,000,000","90,000,000","27,000,000","-2,000,000","108,000,000","221,000,000","181,000,000","133,000,000","137,000,000","89,000,000","112,000,000","23,000,000","-196,000,000","176,000,000","166,000,000","22,000,000","246,000,000","181,000,000","155,000,000","34,000,000","285,000,000","-31,000,000","107,000,000","191,000,000","268,000,000","267,000,000","270,000,000","279,000,000","310,000,000","288,000,000","294,000,000","296,000,000","335,000,000","282,000,000","309,000,000","269,000,000","375,000,000","320,000,000","319,000,000","281,000,000","171,000,000","250,000,000","227,000,000","-42,000,000","180,000,000","123,000,000","140,000,000","42,000,000","1,000,000","258,000,000","215,000,000","-244,000,000","382,000,000","254,000,000","266,000,000","233,000,000","214,000,000","536,000,000","260,000,000","200,000,000","282,000,000","71,000,000","370,000,000","210,000,000","240,000,000","163,000,000","208,000,000","165,000,000","222,000,000","117,000,000","86,000,000","-65,000,000","2,000,000","105,000,000","93,000,000","-46,000,000","214,000,000","-212,000,000","-299,000,000","186,000,000","8,000,000","-167,000,000","145,000,000","-243,000,000","294,000,000","339,000,000","448,000,000","343,000,000","614,000,000","381,000,000","-712,000,000","301,000,000","525,000,000","320,000,000","337,000,000","270,000,000","426,000,000","250,000,000","293,000,000","237,000,000","553,000,000","236,000,000","238,000,000","147,000,000","311,000,000","186,000,000","168,000,000","129,000,000","-640,000,000","150,000,000","112,000,000","189,000,000","-658,000,000","135,000,000","139,000,000","128,000,000","91,000,000","121,000,000","126,000,000","116,000,000","222,000,000","132,000,000","130,000,000","121,000,000","212,000,000","155,000,000",,,,,,,,,,,,,,,,
TotalUnusualItemsExcludingGoodwill,"-822,000,000","-51,000,000","-785,000,000","26,000,000","-12,000,000","-19,000,000","-55,000,000","15,000,000","-12,000,000","-62,000,000","-54,000,000","-1,000,000","-41,000,000","-114,000,000","-119,000,000","3,000,000","-77,000,000","-47,000,000","-31,000,000","-26,000,000","-45,000,000","-139,000,000","25,000,000","-77,000,000","-107,000,000","-129,000,000","25,000,000","-37,000,000","-164,000,000","-2,000,000","-27,000,000","-39,000,000","-37,000,000","1,000,000","-28,000,000","-9,000,000","-27,000,000","50,000,000","-84,000,000","-16,000,000","-49,000,000","-114,000,000","-182,000,000","-27,000,000","-36,000,000","-3,000,000","-344,000,000","-2,000,000","-26,000,000","-243,000,000","-60,000,000","-7,000,000","1,000,000","2,000,000","-623,000,000","-33,000,000","-72,000,000","-823,000,000","9,000,000","0","-10,000,000","-14,000,000","-64,000,000","-238,000,000","-118,000,000","-68,000,000","741,000,000","-223,000,000","-196,000,000","143,000,000","931,000,000","-60,000,000","151,000,000","232,000,000","721,000,000","-132,000,000","-204,000,000","-429,000,000","-563,000,000","-156,000,000","-160,000,000","-236,000,000","-350,000,000","-163,000,000","-476,000,000","578,000,000","327,000,000","-172,000,000","-116,000,000","-607,000,000","-268,000,000","5,000,000","24,000,000","215,000,000","290,000,000","-13,000,000","-1,424,000,000","224,000,000","-27,000,000","6,000,000","28,000,000","21,000,000","5,000,000","7,000,000","15,000,000","16,000,000","2,085,000,000","-649,000,000","-655,000,000","-784,000,000","-2,995,000,000","-4,000,000","-12,000,000","-51,000,000","-105,000,000","11,000,000","38,000,000","154,000,000","-48,000,000","79,000,000","92,000,000","71,000,000","104,000,000","49,000,000","80,000,000","47,000,000","198,000,000","109,000,000","23,000,000","68,000,000","204,000,000","321,000,000",,,,,,,,,,,,,,,,
TotalUnusualItems,"-822,000,000","-51,000,000","-785,000,000","26,000,000","-12,000,000","-19,000,000","-55,000,000","15,000,000","-12,000,000","-62,000,000","-54,000,000","-1,000,000","-41,000,000","-114,000,000","-119,000,000","3,000,000","-77,000,000","-47,000,000","-31,000,000","-26,000,000","-45,000,000","-139,000,000","25,000,000","-77,000,000","-107,000,000","-129,000,000","25,000,000","-37,000,000","-164,000,000","-2,000,000","-27,000,000","-39,000,000","-37,000,000","1,000,000","-28,000,000","-9,000,000","-27,000,000","50,000,000","-84,000,000","-16,000,000","-49,000,000","-114,000,000","-182,000,000","-27,000,000","-36,000,000","-3,000,000","-344,000,000","-2,000,000","-26,000,000","-243,000,000","-60,000,000","-7,000,000","1,000,000","2,000,000","-623,000,000","-33,000,000","-72,000,000","-823,000,000","9,000,000","0","-10,000,000","-14,000,000","-64,000,000","-238,000,000","-118,000,000","-68,000,000","741,000,000","-223,000,000","-196,000,000","143,000,000","931,000,000","-60,000,000","151,000,000","232,000,000","721,000,000","-132,000,000","-204,000,000","-429,000,000","-563,000,000","-156,000,000","-160,000,000","-236,000,000","-350,000,000","-163,000,000","-476,000,000","578,000,000","327,000,000","-172,000,000","-116,000,000","-607,000,000","-268,000,000","5,000,000","24,000,000","215,000,000","290,000,000","-13,000,000","-1,424,000,000","224,000,000","-27,000,000","6,000,000","28,000,000","21,000,000","5,000,000","7,000,000","15,000,000","16,000,000","2,085,000,000","-649,000,000","-655,000,000","-784,000,000","-2,995,000,000","-4,000,000","-12,000,000","-51,000,000","-105,000,000","11,000,000","38,000,000","154,000,000","-48,000,000","79,000,000","92,000,000","71,000,000","104,000,000","49,000,000","80,000,000","47,000,000","198,000,000","109,000,000","23,000,000","68,000,000","204,000,000","321,000,000",,,,,,,,,,,,,,,,
NormalizedEBITDA,"619,000,000","63,000,000","177,000,000","160,000,000","219,000,000","182,000,000","279,000,000","224,000,000","153,000,000","172,000,000","486,000,000","362,000,000","377,000,000","342,000,000","414,000,000","337,000,000","376,000,000","375,000,000","415,000,000","353,000,000","397,000,000","292,000,000","106,000,000","551,000,000","579,000,000","458,000,000","621,000,000","236,000,000","591,000,000","555,000,000","729,000,000","745,000,000","797,000,000","699,000,000","779,000,000","744,000,000","764,000,000","645,000,000","1,044,000,000","729,000,000","771,000,000","849,000,000","1,030,000,000","755,000,000","799,000,000","711,000,000","974,000,000","701,000,000","778,000,000","627,000,000","574,000,000","472,000,000","495,000,000","375,000,000","1,248,000,000","617,000,000","623,000,000","1,315,000,000","-41,000,000","637,000,000","632,000,000","628,000,000","1,024,000,000","730,000,000","664,000,000","499,000,000","-27,000,000","760,000,000","731,000,000","476,000,000","-552,000,000","613,000,000","458,000,000","151,000,000","59,000,000","697,000,000","834,000,000","1,039,000,000","1,439,000,000","818,000,000","831,000,000","830,000,000","2,197,000,000","410,000,000","711,000,000","-341,000,000","15,000,000","446,000,000","712,000,000","1,130,000,000","1,376,000,000","845,000,000","983,000,000","430,000,000","693,000,000","937,000,000","2,091,000,000","353,000,000","1,198,000,000","786,000,000","791,000,000","696,000,000","1,053,000,000","701,000,000","803,000,000","652,000,000","-2,873,000,000","1,943,000,000","1,977,000,000","2,107,000,000","6,453,000,000","714,000,000","712,000,000","698,000,000","-495,000,000","568,000,000","527,000,000","401,000,000","-100,000,000","515,000,000","473,000,000","479,000,000","410,000,000","535,000,000","472,000,000","502,000,000","191,000,000","478,000,000","645,000,000","564,000,000","434,000,000","75,000,000","4,380,000,000","4,139,000,000","-10,397,000,000","4,146,000,000","4,069,000,000","3,830,000,000","-6,843,000,000","2,579,000,000","2,591,000,000","2,318,000,000","-6,111,000,000","2,316,000,000","2,300,000,000","2,133,600,000","-5,447,200,000","2,121,000,000"
TaxRateForCalcs,"0.1","0.348","0.051","0.27","0.091","0.264","0.272","0.244","0.229","0.2","0.23","0.287","0.25","0.27","0.266","0.27","0.286","0.299","0.4","0.108","0.223","0.4","0.218","0.033","0.062","0.4","0.168","0.4","0.122","0.194","0.197","0.237","0.25","0.168","0.212","0.254","0.205","0.17","0.193","0.199","0.188","0.246","0.228","0.221","0.269","0.271","0.35","0.299","0.35","0.35","0.155","0.278","0.299","0.244","0.35","0.063","0.241","0.35","0.266","0.299","0.241","0.31","0.242","0.4","0.083","0.226","0.239","0.377","0.4","0.356","0.251","0.38","0.335","0.289","0.282","0.287","0.363","0.4","0.4","0.4","0.4","0.303","0.4","0.209","0.349","0.4","0.4","0.148","0.249","0.317","0.298","0.317","0.304","0.308","0.308","0.312","0.351","0.328","0.323","0.323","0.342","0.357","0.378","0.356","0.359","0.37","0.275","0.379","0.383","0.4","0.4","0.4","0.4","0.4","0.357","0.231","0.4","0.374","0.013","0.4","0.4","0.399","0.4","0.389","0.388","0.383","0.295","0.337","0.356","0.395","0.4","0.4",,,,,,,,,,,,,,,,
TaxEffectOfUnusualItems,"-82,599,675.851","-17,748,000","-39,746,835.443","7,020,000","-1,092,000","-5,016,000","-14,951,456.311","3,660,000","-2,748,000","-12,400,000","-12,407,766.99","-287,000","-10,250,000","-30,780,000","-31,676,258.993","810,000","-22,022,000","-14,053,000","-12,400,000","-2,808,000","-10,035,000","-55,600,000","5,449,826.99","-2,541,000","-6,634,000","-51,600,000","4,193,548.387","-14,800,000","-20,008,000","-388,000","-5,306,896.552","-9,243,000","-9,250,000","168,000","-5,924,637.681","-2,286,000","-5,535,000","8,500,000","-16,250,681.199","-3,179,810.726","-9,213,675.214","-28,044,728.435","-41,530,201.342","-5,959,128.065","-9,695,760.599","-814,285.714","-120,400,000","-597,560.976","-9,100,000","-85,050,000","-9,278,350.515","-1,949,367.089","299,492.386","487,179.487","-218,050,000","-2,079,831.933","-17,338,775.51","-288,050,000","2,393,617.021","0","-2,412,698.413","-4,340,425.532","-15,475,409.836","-95,200,000","-9,796,226.415","-15,365,384.615","177,242,074.928","-83,987,012.987","-78,400,000","50,883,435.583","233,235,908.142","-22,822,085.89","50,518,382.353","67,000,000","203,000,000","-37,829,268.293","-74,054,794.521","-171,600,000","-225,200,000","-62,400,000","-64,000,000","-71,515,151.515","-140,000,000","-34,059,701.493","-165,925,925.926","231,200,000","130,800,000","-25,448,979.592","-28,849,740.933","-192,671,348.315","-79,952,267.303","1,582,661.29","7,304,347.826","66,320,564.516","89,255,918.828","-4,059,566.787","-499,762,989.973","73,500,000","-8,709,677.419","1,940,803.383","9,570,312.5","7,500,000","1,890,510.949","2,489,690.722","5,382,932.166","5,914,893.617","573,853,211.009","-245,936,842.105","-251,139,896.373","-313,600,000","-1,198,000,000","-1,600,000","-4,800,000","-20,400,000","-37,462,311.558","2,538,461.538","15,200,000","57,622,516.556","-647,676.162","31,600,000","36,800,000","28,333,333.333","41,600,000","19,055,555.556","31,067,961.165","18,000,000","58,457,142.857","36,698,492.462","8,198,019.802","26,860,000","81,600,000","128,400,000",,,,,,,,,,,,,,,,