name,ttm,03/31/2022,12/31/2021,09/30/2021,06/30/2021,03/31/2021,12/31/2020,09/30/2020,06/30/2020,03/31/2020,12/31/2019,09/30/2019,06/30/2019,03/31/2019,12/31/2018,09/30/2018,06/30/2018,03/31/2018,12/31/2017,09/30/2017,06/30/2017,03/31/2017,12/31/2016,09/30/2016,06/30/2016,03/31/2016,12/31/2015,09/30/2015,06/30/2015,03/31/2015,12/31/2014,09/30/2014,06/30/2014,03/31/2014,12/31/2013,09/30/2013,06/30/2013,03/31/2013,12/31/2012,09/30/2012,06/30/2012,03/31/2012,12/31/2011,09/30/2011,06/30/2011,03/31/2011,12/31/2010,09/30/2010,06/30/2010,03/31/2010,12/31/2009,09/30/2009,06/30/2009,03/31/2009,12/31/2008,09/30/2008,06/30/2008,03/31/2008,12/31/2007,09/30/2007,06/30/2007,03/31/2007,12/31/2006,09/30/2006,06/30/2006,03/31/2006,12/31/2005,09/30/2005,06/30/2005,03/31/2005,12/31/2004,09/30/2004,06/30/2004,03/31/2004,12/31/2003,09/30/2003,06/30/2003,03/31/2003,12/31/2002,09/30/2002,06/30/2002,03/31/2002,12/31/2001,09/30/2001,06/30/2001,03/31/2001,12/31/2000,09/30/2000,06/30/2000,03/31/2000,12/31/1999,09/30/1999,06/30/1999,03/31/1999
TotalRevenue,"1,420,133,000","315,068,000","145,242,000","444,252,000","429,044,000","398,185,000","469,240,000","356,976,000","330,984,000","332,393,000","405,588,000","344,141,000","322,432,000","299,893,000","346,059,000","292,724,000","287,889,000","280,623,000","316,380,000","273,616,000","273,174,000","254,669,000","251,837,000","210,116,000","211,800,000","200,502,000","204,823,000","178,701,000","176,038,000","161,253,000","167,144,000","153,018,000","144,744,000","134,124,000","138,035,000","127,788,000","141,361,000","113,617,000","102,033,000","93,246,000","89,465,000","86,652,000","85,072,000","86,027,000","85,676,000","73,384,000","71,025,000","62,778,000","61,311,000","60,280,000","60,915,000","61,801,000","62,464,000","60,391,000","60,636,000","61,552,000","60,677,000","58,648,000","56,830,000","55,746,000","53,980,000","54,141,000","48,904,000","45,891,000","44,266,000","42,018,000","39,143,000","37,689,000","34,885,000","32,224,000","29,799,000","27,771,000","25,831,000","22,942,000","20,474,000","18,903,000","17,037,000","15,208,000","14,024,747","12,503,000","11,306,000","10,379,000","9,580,663","8,597,000","7,863,000","7,212,000","4,794,000","3,266,000","3,008,000","2,865,000","2,600,000","1,900,000","1,600,000","1,400,000"
	OperatingRevenue,"1,420,133,000","315,068,000","145,242,000","444,252,000","429,044,000","398,185,000","469,240,000","356,976,000","330,984,000","332,393,000","405,588,000","344,141,000","322,432,000","299,893,000","346,059,000","292,724,000","287,889,000","280,623,000","316,380,000","273,616,000","273,174,000","254,669,000","251,837,000","210,116,000","211,800,000","200,502,000","204,823,000","178,701,000","176,038,000","161,253,000","167,144,000","153,018,000","144,744,000","134,124,000","138,035,000","127,788,000","141,361,000","113,617,000","102,033,000","93,246,000","89,465,000","86,652,000","85,072,000","86,027,000","85,676,000","73,384,000","71,025,000","62,778,000","61,311,000","60,280,000","60,915,000","61,801,000","62,464,000","60,391,000","60,636,000","61,552,000","60,677,000","58,648,000","56,830,000","55,746,000","53,980,000","54,141,000","48,904,000","45,891,000","44,266,000","42,018,000","39,143,000","37,689,000","34,885,000","32,224,000","29,799,000","27,771,000","25,831,000","22,823,000","20,474,000","18,903,000","17,037,000","15,208,000","14,024,747","12,503,000","11,306,000","10,379,000","9,580,663","8,597,000","7,863,000","7,212,000","4,794,000","3,266,000","3,008,000","2,865,000","2,600,000","1,900,000","1,600,000","1,400,000"
CostOfRevenue,"190,301,000","46,100,000","2,591,000","64,302,000","63,337,000","57,822,000","60,027,000","55,822,000","56,802,000","59,131,000","64,328,000","61,716,000","60,266,000","51,013,000","55,962,000","49,217,000","47,749,000","48,145,000","45,974,000","42,371,000","43,159,000","40,810,000","40,230,000","36,992,000","35,591,000","34,288,000","34,608,000","30,669,000","29,494,000","28,186,000","28,998,000","28,044,000","25,558,000","23,388,000","22,178,000","21,801,000","22,679,000","20,235,000","18,659,000","16,303,000","16,187,000","15,864,000","14,661,000","15,002,000","15,158,000","15,792,000","12,708,000","10,732,000","10,380,000","10,266,000","10,480,000","11,258,000","11,600,000","11,392,000","11,224,000","11,670,000","11,725,000","11,631,000","11,597,000","11,168,000","10,232,000","10,990,000","8,776,000","9,648,000","9,289,000","9,010,000","8,248,000","8,105,000","6,912,000","6,497,000","4,448,000","4,363,000","4,063,000","3,640,000","3,572,000","3,494,000","3,247,000","3,010,000","2,510,434","2,550,000","2,701,000","3,440,000","3,457,846","3,387,000","3,063,000","3,505,000","-48,000","1,709,000","1,676,000","1,362,000","-700,000","1,200,000","1,200,000","600,000"
GrossProfit,"1,229,832,000","268,968,000","142,651,000","379,950,000","365,707,000","340,363,000","409,213,000","301,154,000","274,182,000","273,262,000","341,260,000","282,425,000","262,166,000","248,880,000","290,097,000","243,507,000","240,140,000","232,478,000","270,406,000","231,245,000","230,015,000","213,859,000","211,607,000","173,124,000","176,209,000","166,214,000","170,215,000","148,032,000","146,544,000","133,067,000","138,146,000","124,974,000","119,186,000","110,736,000","115,857,000","105,987,000","118,682,000","93,382,000","83,374,000","76,943,000","73,278,000","70,788,000","70,411,000","71,025,000","70,518,000","57,592,000","58,317,000","52,046,000","50,931,000","50,014,000","50,435,000","50,543,000","50,864,000","48,999,000","49,412,000","49,882,000","48,952,000","47,017,000","45,233,000","44,578,000","43,748,000","43,151,000","40,128,000","36,243,000","34,977,000","33,008,000","30,895,000","29,584,000","27,973,000","25,727,000","25,351,000","23,408,000","21,768,000","19,302,000","16,902,000","15,409,000","13,790,000","12,198,000","11,514,313","9,953,000","8,605,000","6,939,000","6,122,817","5,210,000","4,800,000","3,707,000","4,842,000","1,557,000","1,332,000","1,503,000","3,300,000","700,000","400,000","800,000"
OperatingExpense,"1,026,182,000","238,406,000","211,587,000","283,809,000","271,423,000","261,883,000","280,327,000","223,716,000","201,142,000","218,015,000","231,015,000","223,066,000","205,552,000","198,018,000","203,413,000","186,450,000","185,757,000","186,320,000","194,190,000","168,288,000","171,455,000","165,884,000","143,446,000","111,002,000","117,264,000","112,876,000","117,162,000","92,299,000","96,478,000","92,537,000","84,840,000","78,496,000","74,348,000","69,151,000","65,336,000","66,679,000","66,075,000","60,395,000","41,126,000","34,666,000","33,251,000","33,178,000","31,916,000","34,581,000","32,574,000","34,525,000","31,985,000","24,807,000","25,038,000","25,555,000","26,670,000","23,876,000","23,300,000","22,534,000","23,202,000","24,721,000","24,888,000","24,518,000","24,063,000","23,305,000","21,598,000","21,318,000","23,402,000","20,474,000","17,787,000","16,656,000","14,461,000","13,292,000","12,637,000","12,368,000","12,249,000","11,468,000","10,765,000","9,311,000","8,425,000","7,988,000","7,632,000","7,004,000","6,069,466","6,101,000","5,519,000","5,516,000","7,562,409","6,942,000","6,886,000","7,170,000","10,092,000","8,168,000","7,943,000","7,601,000","8,300,000","4,000,000","3,100,000","3,200,000"
	SellingGeneralAndAdministration,"948,556,000","219,979,000","195,347,000","262,170,000","251,779,000","240,532,000","259,305,000","209,455,000","187,536,000","202,609,000","215,311,000","209,296,000","193,614,000","185,034,000","190,455,000","174,500,000","174,505,000","174,110,000","183,923,000","155,857,000","159,900,000","154,132,000","132,565,000","102,037,000","108,051,000","103,888,000","108,537,000","84,010,000","87,509,000","84,090,000","76,611,000","70,859,000","66,748,000","61,938,000","58,985,000","60,679,000","59,687,000","53,649,000","36,300,000","29,974,000","28,634,000","28,689,000","28,257,000","30,476,000","28,737,000","29,753,000","27,968,000","21,799,000","22,145,000","22,646,000","21,256,000","21,014,000","20,420,000","19,591,000","20,351,000","21,699,000","21,877,000","21,371,000","20,964,000","20,260,000","18,622,000","18,605,000","20,594,000","18,345,000","15,843,000","14,764,000","12,785,000","11,523,000","10,974,000","10,607,000","10,732,000","10,050,000","9,501,000","8,261,000","7,184,000","6,982,000","6,609,000","5,978,000","5,160,836","5,354,000","4,775,000","4,617,000","4,593,313","4,506,000","4,505,000","4,900,000","5,405,000","6,260,000","6,238,000","6,151,000","5,900,000","3,600,000","2,700,000","2,200,000"
		GeneralAndAdministrativeExpense,"445,696,000","102,217,000","97,279,000","122,477,000","117,676,000","119,346,000","133,148,000","114,381,000","94,731,000","103,171,000","109,940,000","110,810,000","105,168,000","98,154,000","102,341,000","93,792,000","91,334,000","87,799,000","91,399,000","76,425,000","79,038,000","76,655,000","68,849,000","55,612,000","59,434,000","55,776,000","66,347,000","45,202,000","47,088,000","46,500,000","39,979,000","33,812,000","31,419,000","28,979,000","27,306,000","25,892,000","24,474,000","24,011,000","17,385,000","14,784,000","14,774,000","13,829,000","14,120,000","15,403,000","14,392,000","14,242,000","13,963,000","10,921,000","11,848,000","11,494,000","11,693,000","11,667,000","11,209,000","10,706,000",,,,,,,,,,,,,,,,,,,,,,,,,,,,,,,,,,,,,,,,
			OtherGandA,"445,696,000","102,217,000","97,279,000","122,477,000","117,676,000","119,346,000","133,148,000","114,381,000","94,731,000","103,171,000","109,940,000","110,810,000","105,168,000","98,154,000","102,341,000","93,792,000","91,334,000","87,799,000","91,399,000","76,425,000","79,038,000","76,655,000","68,849,000","55,612,000","59,434,000","55,776,000","66,347,000","45,202,000","47,088,000","46,500,000","39,979,000","33,812,000","31,419,000","28,979,000","27,306,000","25,892,000","24,474,000","24,011,000","17,385,000","14,784,000","14,774,000","13,829,000","14,120,000","15,403,000","14,392,000","14,242,000","13,963,000","10,921,000","11,848,000","11,494,000","11,693,000","11,667,000","11,209,000","10,706,000",,,,,,,,,,,,,,,,,,,,,,,,,,,,,,,,,,,,,,,,
		SellingAndMarketingExpense,"502,860,000","117,762,000","98,068,000","139,693,000","134,103,000","121,186,000","126,157,000","95,074,000","92,805,000","99,438,000","105,371,000","98,486,000","88,446,000","86,880,000","88,114,000","80,708,000","83,171,000","86,311,000","92,524,000","79,432,000","80,862,000","77,477,000","63,716,000","46,425,000","48,617,000","48,112,000","42,190,000","38,808,000","40,421,000","37,590,000","36,632,000","37,047,000","35,329,000","32,959,000","31,679,000","34,787,000","35,213,000","29,638,000","18,915,000","15,190,000","13,860,000","14,860,000","14,137,000","15,073,000","14,345,000","15,511,000","14,005,000","10,878,000","10,297,000","11,152,000","9,563,000","9,347,000","9,211,000","8,885,000",,,,,,,,,,,,,,,,,,,,,,,,,,,,,,,,,,,,,,,,
	ResearchAndDevelopment,"77,626,000","18,427,000","16,240,000","21,639,000","19,644,000","21,351,000","21,022,000","14,261,000","13,606,000","15,406,000","15,704,000","13,770,000","11,938,000","12,984,000","12,958,000","11,950,000","11,252,000","12,210,000","10,267,000","12,431,000","11,555,000","11,752,000","10,881,000","8,965,000","9,213,000","8,988,000","8,625,000","8,289,000","8,969,000","8,447,000","8,229,000","7,637,000","7,600,000","7,213,000","6,351,000","6,000,000","6,388,000","6,746,000","4,826,000","4,692,000","4,617,000","4,489,000","3,659,000","4,105,000","3,837,000","4,772,000","4,017,000","3,008,000","2,893,000","2,909,000","2,972,000","2,862,000","2,880,000","2,943,000","2,851,000","3,022,000","3,011,000","3,147,000","3,099,000","3,045,000","2,976,000","2,713,000","2,808,000","2,129,000","1,944,000","1,892,000","1,676,000","1,769,000","1,663,000","1,761,000","1,517,000","1,418,000","1,264,000","1,050,000","1,140,000","1,006,000","1,023,000","1,026,000","908,130","747,000","744,000","787,000","644,958","709,000","647,000","534,000","642,000","767,000","564,000","789,000","500,000","400,000","400,000","500,000"
	DepreciationAmortizationDepletionIncomeStatement,,,,,,,,,,,,,,,,,,,,,,,,,,,,,,,,,,,,,,,,,,,,,,,,,,,,,,,,,,,,,,,,,,,,,,,,,,,,,,,"500",,,"112,000","1,727,314","1,727,000","1,734,000","1,736,000","4,045,000","1,141,000","1,141,000","661,000",,,,"500,000"
		DepreciationAndAmortizationInIncomeStatement,,,,,,,,,,,,,,,,,,,,,,,,,,,,,,,,,,,,,,,,,,,,,,,,,,,,,,,,,,,,,,,,,,,,,,,,,,,,,,,"500",,,"112,000","1,727,314","1,727,000","1,734,000","1,736,000","4,045,000","1,141,000","1,141,000","661,000",,,,"500,000"
			Amortization,,,,,,,,,,,,,,,,,,,,,,,,,,,,,,,,,,,,,,,,,,,,,,,,,,,,,,,,,,,,,,,,,,,,,,,,,,,,,,,"500",,,"112,000","1,727,314","1,727,000","1,734,000","1,736,000",,,,,,,,
				AmortizationOfIntangiblesIncomeStatement,,,,,,,,,,,,,,,,,,,,,,,,,,,,,,,,,,,,,,,,,,,,,,,,,,,,,,,,,,,,,,,,,,,,,,,,,,,,,,,"500",,,"112,000","1,727,314","1,727,000","1,734,000","1,736,000",,,,,,,,
	OtherOperatingExpenses,,,,,,,,,,,,,,,,,,,,,,,,,,,,,,,,,,,,,,,,,,,,,,,,,"11,848,000",,,,,,,,,,,,,,,,,,,,,,,,,,,,,,,,,,,,,,,,,,,,,
OperatingIncome,"203,650,000","30,562,000","-68,936,000","96,141,000","94,284,000","78,480,000","128,886,000","77,438,000","73,040,000","55,247,000","110,245,000","59,359,000","56,614,000","50,862,000","86,684,000","57,057,000","54,383,000","46,158,000","76,216,000","62,957,000","58,560,000","47,975,000","68,161,000","62,122,000","58,945,000","53,338,000","53,053,000","55,733,000","50,066,000","40,530,000","53,306,000","46,478,000","44,838,000","41,585,000","50,521,000","39,308,000","52,607,000","32,987,000","42,248,000","42,277,000","40,027,000","37,610,000","38,495,000","36,444,000","37,944,000","23,067,000","26,332,000","27,239,000","25,893,000","24,459,000","23,765,000","26,667,000","27,564,000","26,465,000","26,210,000","25,161,000","24,064,000","22,499,000","21,170,000","21,273,000","22,150,000","21,833,000","16,726,000","15,769,000","17,190,000","16,352,000","16,434,000","16,292,000","15,336,000","13,359,000","13,102,000","11,940,000","11,003,000","9,991,000","8,477,000","7,421,000","6,158,000","5,194,000","5,444,847","3,852,000","3,086,000","1,423,000","-1,439,592","-1,732,000","-2,086,000","-3,463,000","-5,250,000","-6,611,000","-6,611,000","-6,098,000","-5,000,000","-3,300,000","-2,700,000","-2,400,000"
NetNonOperatingInterestIncomeExpense,"-62,056,000","-11,510,000","-9,191,000","-19,862,000","-21,403,000","-21,704,000","-66,096,000","-22,712,000","-22,196,000","-20,971,000","-18,921,000","-17,271,000","-17,335,000","-16,019,000","-15,559,000","-15,175,000","-15,502,000","-15,751,000","-16,371,000","-25,326,000","-13,670,000","-12,410,000","-10,399,000","-10,436,000","-10,301,000","-10,233,000","-11,005,000","-10,259,000","-10,881,000","-10,313,000","-10,451,000","-10,123,000","-5,682,000","-4,948,000","-7,145,000","-4,576,000","-4,817,000","-4,716,000","-4,583,000","-2,747,000","809,000","-719,000","904,000","290,000","299,000","-327,000","4,964,000","491,000","1,067,000","192,000","2,184,000","20,000","315,000","142,000",,,,,,,,,,,,,,,,,,,,,,,,,,,,,,,,,,,,,,,,
	InterestIncomeNonOperating,,,,,,,,,,,,,,,,,,,,,,,,,,,,,,,,,,,,"-4,576,000","-4,817,000","-4,716,000",,,,,,,,,"5,068,000","491,000","1,067,000","192,000","2,623,000","20,000","315,000",,,,,,,,,,,,,,,,,,,,,,,,,,,,,,,,,,,,,,,,,
	InterestExpenseNonOperating,"62,056,000","11,510,000","9,191,000","19,862,000","21,403,000","21,704,000","66,096,000","22,712,000","22,196,000","20,971,000","18,921,000","17,271,000","17,335,000","16,019,000","15,559,000","15,175,000","15,502,000","15,751,000","16,371,000","25,326,000","13,670,000","12,410,000","10,399,000","10,436,000","10,301,000","10,233,000","11,005,000","10,259,000","10,881,000","10,313,000","10,451,000","10,123,000","5,682,000","4,948,000","7,145,000","4,576,000","4,817,000","4,716,000","4,583,000",,,,,,,,,,,,,,,,,,,,,,,,,,,,,,,,,,,,,,,,,,,,,,,,,,,,,,,
	TotalOtherFinanceCost,,,,,,,,,,,"18,921,000","17,271,000","17,335,000","16,019,000","15,559,000","15,175,000","15,502,000","15,751,000","16,371,000","25,326,000","13,670,000","12,410,000","10,399,000","10,436,000","10,301,000","10,233,000","11,005,000","10,259,000","10,881,000","10,313,000","10,451,000","10,123,000","5,682,000","4,948,000","6,546,000","4,576,000",,,,"2,747,000","-809,000","719,000",,"-290,000","-299,000","327,000",,,,,,,,"-142,000",,,,,,,,,,,,,,,,,,,,,,,,,,,,,,,,,,,,,,,,
OtherIncomeExpense,"232,533,000","11,350,000","293,142,000","-22,940,000","-49,260,000","2,601,000","15,219,000","31,196,000","9,056,000","-27,708,000","-5,234,000","-864,000","377,000","-2,215,000","1,444,000","-1,239,000","-394,000","-4,519,000","22,695,000","3,890,000","-4,227,000","-323,000","438,000","9,718,000","213,000","-126,000","385,000","-1,086,000","-88,000","784,000","-89,000","-251,000","185,000","319,000","-12,071,000",,,,,,,,,,,,,,,,"-150,000",,"-9,193,000",,,,,,,,,,,,,,"461,000","9,347,000",,,,,,"305,000",,"126,000","69,000","74,000",,"62,000","232,000","93,000","-1,672,824","275,000","377,000","423,000",,"703,000","676,000","798,000",,,,"100,000"
	GainOnSaleOfSecurity,,"8,951,000","298,490,000",,"-16,677,000",,"0","-156,000","-3,000","-20,832,000",,,,,,,,,,,,,,,,,,,,,,,,,,,,,,,,,,,,,,,,,,,,,,,,,,,,,,,,,,,,,,,,,,,,,,,,,,,,,,,,,,,,
	SpecialIncomeCharges,"-61,680,000","0","-5,274,000","-24,600,000","-31,806,000","1,979,000","0","17,122,000",,,,,,,,,,,,,,,,,,,,,,,,,,,,,,,,,,,,,,,"0","0","0",,"-150,000","0","-9,193,000",,,,,,,,,,,,,,"461,000","9,347,000",,,,,,"305,000",,"126,000","69,000","74,000",,"62,000","232,000","93,000","-1,672,824","275,000","377,000","423,000",,"703,000","676,000","798,000",,,,"100,000"
		ImpairmentOfCapitalAssets,,,"0","0","32,629,000",,,,,,,,,,,,,,,,,,,,,,,,,,,,,,,,,,,,,,,,,,"0","0","0",,"150,000","0","9,193,000",,,,,,,,,,,,,,,,,,,,,,,,,,,,,,,,,,,,,,,,,
		OtherSpecialCharges,,,"4,527,000",,,,,,,,,,,,,,,,,,,,,,,,,,,,,,,,,,,,,,,,,,,,,,,,,,,,,,,,,,,,,,,,,,,,,,,,,,,,,,,,,,,,,,,,,,,
		GainOnSaleOfBusiness,"-23,777,000","0","0","-24,600,000","823,000","1,979,000","0","17,122,000",,,,,,,,,,,,,,,,,,,,,,,,,,,,,,,,,,,,,,,,,,,,,,,,,,,,,,,,,,,,,,,,,,,,,,,,,,,,,,,,,,,,,,
	OtherNonOperatingIncomeExpenses,"3,449,000","2,399,000","-74,000","1,660,000","-777,000","622,000","15,219,000","14,230,000","9,059,000","-6,876,000","-5,234,000","-864,000","377,000","-2,215,000","1,444,000","-1,239,000","-394,000","-4,519,000","22,695,000","3,890,000","-4,227,000","-323,000","438,000","9,718,000","213,000","-126,000","385,000","-1,086,000","-88,000","784,000","-89,000","-251,000","185,000","319,000","-12,071,000",,,,,,,,,,,,,,,,,,,,,,,,,,,,,,,,,,,,,,,,,,,,,,,,,,,,,,,,,,,
PretaxIncome,"374,127,000","30,402,000","215,015,000","53,339,000","23,621,000","59,377,000","78,009,000","85,922,000","59,900,000","6,568,000","86,090,000","41,224,000","39,656,000","32,628,000","72,569,000","40,643,000","38,487,000","25,888,000","82,540,000","41,521,000","40,663,000","35,242,000","58,200,000","61,404,000","48,857,000","42,979,000","42,433,000","44,388,000","39,097,000","31,001,000","42,766,000","36,104,000","39,341,000","36,956,000","31,904,000","34,732,000","47,790,000","28,271,000","37,665,000","39,530,000","40,836,000","36,891,000","39,399,000","36,734,000","38,243,000","22,740,000","31,296,000","27,730,000","26,960,000","24,651,000","25,799,000","26,687,000","18,686,000","26,607,000","26,883,000","26,816,000","24,627,000","23,827,000","23,484,000","23,871,000","24,548,000","23,558,000","19,999,000","17,355,000","18,270,000","17,608,000","18,043,000","26,500,000","16,069,000","13,956,000","13,242,000","12,445,000","11,355,000","10,177,000","8,627,000","7,547,000","6,227,000","5,268,000","5,495,753","3,914,000","3,318,000","1,516,000",,,,,,,,,,,,
TaxProvision,"-2,235,000","5,080,000","-30,922,000","8,847,000","2,152,000","5,725,000","19,382,000","24,330,000","15,978,000","8,703,000","-37,227,000","6,998,000","11,148,000","-295,000","21,395,000","9,310,000","7,037,000","7,017,000","32,669,000","9,163,000","9,287,000","9,422,000","15,042,000","15,835,000","15,087,000","13,036,000","6,966,000","7,013,000","181,000","9,124,000","10,012,000","7,345,000","4,292,000","8,191,000","10,747,000","7,105,000","11,823,000","5,500,000","7,379,000","7,880,000","9,648,000","8,352,000","9,580,000","11,236,000","9,729,000","-8,195,000","4,429,000","7,896,000","8,250,000","7,015,000","8,095,000","7,353,000","7,549,000","7,955,000","6,607,000","8,054,000","7,897,000","7,033,000","6,628,000","5,783,000","7,470,000","7,119,000","5,168,000","4,565,000","5,071,000","5,297,000","6,893,000","8,311,000","4,339,000","3,768,000","3,652,000","4,316,000","3,866,000","3,778,000","-8,999,000","347,000","280,000","235,000",,,,,,,,,,,,,,,,
EarningsFromEquityInterestNetOfTax,"10,790,000","-785,000","19,249,000","-1,923,000","-5,752,000","24,270,000","-539,000","-709,000","-5,821,000","-4,269,000","-294,000","-3,481,000","4,081,000","-474,000","-559,000","-610,000","-2,971,000",,,,,,,,,,,,,,,,,,,,,,,,,,,,,,,,,,,,,,,,,,,,,,,,,,,,,,,,,,,,,,,,,,,,,,,,,,,,,
NetIncomeCommonStockholders,"443,036,000","24,526,000","360,322,000","42,541,000","15,702,000","77,834,000","57,933,000","60,794,000","37,923,000","-6,404,000","120,888,000","30,234,000","32,188,000","32,025,000","49,795,000","30,297,000","28,055,000","18,654,000","49,207,000","31,938,000","30,975,000","25,511,000","42,526,000","44,851,000","33,276,000","29,531,000","34,928,000","36,764,000","38,279,000","21,517,000","31,137,000","28,221,000","34,348,000","28,130,000","20,104,000","27,390,000","35,475,000","22,510,000","28,128,000","31,650,000","31,188,000","28,539,000","29,819,000","25,498,000","28,514,000","30,935,000","26,867,000","19,834,000","18,710,000","17,636,000","17,704,000","19,334,000","11,137,000","18,652,000","20,276,000","18,762,000","16,730,000","16,794,000","16,856,000","18,088,000","17,078,000","16,439,000","14,831,000","12,790,000","13,199,000","12,311,000","11,150,000","18,189,000","11,730,000","10,188,000","9,590,000","8,129,000","7,489,000","6,399,000","17,626,000","7,200,000","5,947,000","5,033,000","5,344,116","3,914,000","3,318,000","1,516,000","-1,628,806","-1,457,000","-1,709,000","-3,040,000","-5,077,000","-5,908,000","-5,935,000","-5,300,000","-4,400,000","-7,300,000","-3,400,000","-3,100,000"
	NetIncome,"443,329,000","24,537,000","360,505,000","42,569,000","15,717,000","77,922,000","58,088,000","60,883,000","38,101,000","-6,404,000","123,023,000","30,745,000","32,589,000","32,449,000","50,615,000","30,723,000","28,479,000","18,871,000","49,871,000","32,358,000","31,376,000","25,820,000","43,158,000","45,569,000","33,770,000","29,943,000","35,467,000","37,375,000","38,916,000","21,877,000","32,754,000","28,759,000","35,049,000","28,765,000","20,754,000","27,806,000","36,040,000","22,922,000","30,203,000","31,650,000","31,188,000","28,539,000","29,819,000","25,498,000","28,514,000","30,935,000","26,867,000","19,834,000","18,710,000","17,636,000","17,704,000","19,334,000","11,137,000","18,652,000","20,276,000","18,762,000","16,730,000","16,794,000","16,856,000","18,088,000","17,078,000","16,439,000","14,831,000","12,790,000","13,199,000","12,311,000","11,150,000","18,189,000","11,730,000","10,188,000","9,590,000","8,129,000","7,489,000","6,399,000","17,626,000","7,200,000","5,947,000","5,033,000","5,344,116","3,914,000","3,318,000","1,516,000","-1,628,806","-1,457,000","-1,709,000","-3,040,000","-5,077,000","-5,908,000","-5,935,000","-5,300,000","-4,400,000","-7,100,000","-3,100,000","-2,800,000"
		NetIncomeIncludingNoncontrollingInterests,"443,329,000","24,537,000","360,505,000","42,569,000","15,717,000","77,922,000","58,088,000","60,883,000","38,101,000","-6,404,000","123,023,000","30,745,000","32,589,000","32,449,000","50,615,000","30,723,000","28,479,000","18,871,000","49,871,000","32,358,000","31,376,000","25,820,000","43,158,000","45,569,000","33,770,000","29,943,000","35,467,000","37,375,000","38,916,000","21,877,000","32,754,000","28,759,000","35,049,000","28,765,000","21,157,000","27,627,000","35,967,000","22,771,000","30,286,000","31,650,000","31,188,000","28,539,000","29,819,000","25,498,000","28,514,000","30,935,000","26,867,000","19,834,000","18,710,000","17,636,000","17,704,000","19,334,000","11,137,000","18,652,000","20,276,000","18,762,000","16,730,000","16,794,000","16,856,000","18,088,000","17,078,000","16,439,000","14,831,000","12,790,000","13,199,000","12,311,000","11,150,000","18,189,000","11,730,000","10,188,000","9,590,000","8,129,000","7,489,000","6,399,000","17,626,000","7,200,000","5,947,000","5,033,000","5,344,116","3,914,000","3,318,000","1,516,000","-1,628,806","-1,457,000","-1,709,000","-3,040,000","-5,077,000","-5,908,000","-5,935,000","-5,300,000","-4,400,000","-7,100,000","-3,100,000","-2,800,000"
			NetIncomeContinuousOperations,"387,152,000","24,537,000","265,186,000","42,569,000","15,717,000","77,922,000","58,088,000","60,883,000","38,101,000","-6,404,000","123,023,000","30,745,000","32,589,000","32,449,000","50,615,000","30,723,000","28,479,000","18,871,000","49,871,000","32,358,000","31,376,000","25,820,000","43,158,000","45,569,000","33,770,000","29,943,000","35,467,000","37,375,000","38,916,000","21,877,000","32,754,000","28,759,000","35,049,000","28,765,000","21,157,000","27,627,000","35,967,000","22,771,000","30,286,000","31,650,000","31,188,000","28,539,000","29,819,000","25,498,000","28,514,000","30,935,000","26,867,000","19,834,000","18,710,000","17,636,000","17,704,000","19,334,000","11,137,000","18,652,000","20,276,000","18,762,000","16,730,000","16,794,000","16,856,000","18,088,000","17,078,000","16,439,000","14,831,000","12,790,000","13,199,000","12,311,000","11,150,000","18,189,000","11,730,000","10,188,000","9,590,000","8,129,000","7,489,000","6,399,000","17,626,000","7,200,000","5,947,000","5,033,000","5,344,398","3,914,000","3,318,000","1,516,000","-1,628,806","-1,457,000","-1,709,000","-3,040,000","-5,077,000","-5,908,000","-5,935,000","-5,300,000","-4,400,000","-2,700,000","-3,100,000","-2,800,000"
			NetIncomeDiscontinuousOperations,"56,177,000","0","-11,093,000",,,,,,,,,,,,,,,,,,,,,,,,,,,,,,,,,,,,,,,,,,,,,,,,,,,,,,,,,,,,,,,,,,,,,,,,,,,,,,,,,,,,,,,,,,,
			NetIncomeExtraordinary,,,,,,,,,,,,,,,,,,,,,,,,,,,,,,,,,,,,,,,,,,,,,,,,,,,,,,,,,,,,,,,,,,,,,,,,,,,,,,,"-282",,,,,,,,,,,,,,,
			NetIncomeFromTaxLossCarryforward,,,,,,,,,,,,,,,,,,,,,,,,,,,,,,,,,,,,,,,,,,,,,,,,,,,,,,,,,,,,,,,,,,,,,,,,,,,,,,,,,,,,,,,,,,,"0","-4,400,000",,
		MinorityInterests,,,,,,,,,,,,,,,,,,,,,,,,,,,,,,,"0","0","0","0","-403,000","179,000","73,000","151,000","-83,000",,,,,,,,,,,,,,,,,,,,,,,,,,,,,,,,,,,,,,,,,,,,,,,,,,,,,,,
	PreferredStockDividends,,,,,,,,,,,,,,,,,,,,,,,,,,,,,,,,,,,,,,,,,,,,,,,,,,,,,,,,,,,,,,,,,,,,,,,,,,,,,,,,,,,,,,,,,,,"0","200,000","300,000","300,000"
	OtherunderPreferredStockDividend,"293,000","11,000","183,000","28,000","15,000","88,000","155,000","89,000","178,000","0","2,135,000","511,000","401,000","424,000","820,000","426,000","424,000","217,000","664,000","420,000","401,000","309,000","632,000","718,000","494,000","412,000","539,000","611,000","637,000","360,000","1,617,000","538,000","701,000","635,000","650,000","416,000","565,000","412,000",,,,,,,,,,,,,,,,,,,,,,,,,,,,,,,,,,,,,,,,,,,,,,,,,,,,,,,,
AverageDilutionEarnings,,"2,186,000",,,,,,,,,,,,,,,,,,,,,,,,,,,,,,,,,,,,,,,,,,,,,,,,,,,,,,,,,,,,,,,,,,,,,,,,,,,,,,,,,,,,,,,,,,,,
DilutedNIAvailtoComStockholders,"445,222,000","26,712,000","360,322,000","42,541,000","15,702,000","77,834,000","57,933,000","60,794,000","37,923,000","-6,404,000","120,888,000","30,234,000","32,188,000","32,025,000","49,795,000","30,297,000","28,055,000","18,654,000","49,207,000","31,938,000","30,975,000","25,511,000","42,526,000","44,851,000","33,276,000","29,531,000","34,928,000","36,764,000","38,279,000","21,517,000","31,137,000","28,221,000","34,348,000","28,130,000","20,104,000","27,390,000","35,475,000","22,510,000","28,128,000","31,650,000","31,188,000","28,539,000","29,819,000","25,498,000","28,514,000","30,935,000","26,867,000","19,834,000","18,710,000","17,636,000","17,704,000","19,334,000","11,137,000","18,652,000","20,276,000","18,762,000","16,730,000","16,794,000","16,856,000","18,088,000","17,078,000","16,439,000","14,831,000","12,790,000","13,199,000","12,311,000","11,150,000","18,189,000","11,730,000","10,188,000","9,590,000","8,129,000","7,489,000","6,399,000","17,626,000","7,200,000","5,947,000","5,033,000","5,344,116","3,914,000","3,318,000","1,516,000","-1,628,806","-1,457,000","-1,709,000","-3,040,000","-5,077,000","-5,908,000","-5,935,000","-5,300,000","-4,400,000","-7,300,000","-3,400,000","-3,100,000"
BasicEPS,,"0.52","7.51","0.91","0.35","1.75","1.3","1.31","0.81","-0.13","2.45","0.63","0.67","0.67","1.04","0.63","0.59","0.39","1.03","0.67","0.65","0.54","0.9","0.95","0.69","0.62","0.73","0.77","0.81","0.45","0.66","0.6","0.73","0.61","0.45","0.6","0.78","0.5","0.66","0.69","0.68","0.61",,"0.55","0.63","0.69",,"0.44","0.42","0.4",,"0.44","0.25","0.43",,"0.43","0.38","0.36",,"0.37","0.35","0.34",,"0.26","0.27","0.25",,"0.375","0.245","0.215",,"0.175","0.16","0.14",,"0.16","0.133","0.113",,"0.09","0.078","0.04",,"-0.033","-0.038","-0.065",,"-0.16","-0.16","-0.15",,"-0.23","-0.14","-0.13"
DilutedEPS,,"0.51","7.39","0.88","0.33","1.67","1.27","1.31","0.8","-0.13","2.45","0.62","0.66","0.66","1.03","0.61","0.57","0.38","1.02","0.66","0.63","0.52","0.89","0.94","0.69","0.61","0.72","0.77","0.8","0.45","0.66","0.6","0.73","0.6","0.44","0.59","0.77","0.49","0.65","0.69","0.67","0.6",,"0.54","0.61","0.66",,"0.43","0.41","0.39",,"0.43","0.25","0.42",,"0.42","0.37","0.35",,"0.35","0.33","0.32",,"0.25","0.26","0.24",,"0.355","0.23","0.2",,"0.16","0.145","0.125",,"0.14","0.118","0.103",,"0.08","0.07","0.04",,"-0.033","-0.038","-0.065",,"-0.16","-0.16","-0.15",,"-0.23","-0.14","-0.13"
BasicAverageShares,,"47,054,411","47,778,545","46,738,073","44,613,533","44,399,149","44,504,222","46,279,515","46,850,944","47,620,774","47,626,833","47,673,211","47,727,786","47,560,749","47,967,014","48,009,953","47,951,326","47,873,007","47,721,700","47,609,819","47,547,118","47,463,231","47,348,372","47,310,011","48,055,783","47,966,718","47,849,748","47,696,224","47,537,597","47,422,396","47,146,503","46,845,477","46,745,596","46,365,158","45,867,769","45,729,171","45,428,230","45,160,140","45,071,204","45,002,565","45,373,930","46,400,441",,"45,993,328","45,399,940","45,093,127",,"44,716,366","44,493,676","44,250,521",,"44,126,038","43,762,333","43,627,071",,"43,479,943","44,142,748","47,259,118",,"49,215,250","49,108,309","48,822,735",,"49,218,918","49,349,536","49,249,778",,"48,739,730","47,648,030","47,333,820",,"46,696,538","46,423,908","46,242,108",,"45,714,114","45,239,708","44,582,680",,"43,313,892","43,028,848","42,904,820",,"44,956,792","45,933,168","46,054,976",,"36,023,000","36,016,213","34,687,901",,"31,739,130","24,285,714","23,846,154"
DilutedAverageShares,,"52,405,317","48,514,588","48,582,585","47,528,902","46,731,872","45,642,292","46,309,072","47,437,555","47,620,774","49,425,395","49,064,272","49,102,879","48,509,181","48,505,023","49,279,217","49,218,521","48,706,717","48,437,580","48,521,082","48,948,315","48,766,031","47,862,218","47,494,744","48,265,298","48,238,098","48,772,061","47,953,871","47,853,574","47,766,088","47,468,841","47,163,912","47,067,767","46,765,732","46,382,363","46,291,631","46,018,245","45,668,167","45,423,502","45,340,111","45,569,564","46,794,603",,"46,455,584","46,723,792","46,558,543",,"45,939,172","45,808,173","45,421,180",,"45,296,147","45,044,005","44,728,911",,"45,077,671","45,688,869","48,330,042",,"51,075,957","51,007,561","50,680,093",,"51,107,362","51,186,073","51,037,378",,"51,007,272","50,861,880","50,764,176",,"51,144,864","51,169,234","51,128,676",,"50,986,610","50,406,340","49,394,516",,"48,958,948","47,257,376","44,811,156",,"44,956,792","45,933,168","46,054,976",,"36,023,000","36,016,213","34,687,901",,"31,739,130","24,285,714","23,846,154"
TotalOperatingIncomeAsReported,"171,021,000","30,562,000","-68,936,000","96,141,000","94,284,000","78,480,000","128,886,000","77,438,000","73,040,000","55,247,000","110,245,000","59,359,000","56,614,000","50,862,000","86,684,000","57,057,000","54,383,000","46,158,000","76,216,000","62,957,000","58,560,000","47,975,000","68,161,000","62,122,000","58,945,000","53,338,000","53,053,000","55,733,000","50,066,000","40,530,000","53,306,000","46,478,000","44,838,000","41,585,000","50,521,000","39,308,000","52,607,000","32,987,000","42,248,000","42,277,000","40,027,000","37,610,000","38,495,000","36,444,000","37,944,000","23,067,000","26,332,000","27,239,000","25,893,000","24,459,000","23,765,000","26,667,000","27,564,000","26,465,000","26,210,000","25,161,000","24,064,000","22,499,000","21,170,000","21,273,000","22,150,000","21,833,000","16,726,000","15,769,000","17,190,000","16,352,000","16,434,000","16,292,000","15,336,000","13,359,000","13,102,000","11,940,000","11,003,000","9,991,000","8,477,000","7,421,000","6,158,000","5,194,000","5,444,847","3,852,000","3,086,000","1,423,000","-1,439,592","-1,732,000","-2,086,000","-3,463,000","-5,250,000","-6,611,000","-6,611,000","-6,098,000","-5,000,000","-3,300,000","-2,700,000","-2,400,000"
TotalExpenses,"1,216,483,000","284,506,000","214,178,000","348,111,000","334,760,000","319,705,000","340,354,000","279,538,000","257,944,000","277,146,000","295,343,000","284,782,000","265,818,000","249,031,000","259,375,000","235,667,000","233,506,000","234,465,000","240,164,000","210,659,000","214,614,000","206,694,000","183,676,000","147,994,000","152,855,000","147,164,000","151,770,000","122,968,000","125,972,000","120,723,000","113,838,000","106,540,000","99,906,000","92,539,000","87,514,000","88,480,000","88,754,000","80,630,000","59,785,000","50,969,000","49,438,000","49,042,000","46,577,000","49,583,000","47,732,000","50,317,000","44,693,000","35,539,000","35,418,000","35,821,000","37,150,000","35,134,000","34,900,000","33,926,000","34,426,000","36,391,000","36,613,000","36,149,000","35,660,000","34,473,000","31,830,000","32,308,000","32,178,000","30,122,000","27,076,000","25,666,000","22,709,000","21,397,000","19,549,000","18,865,000","16,697,000","15,831,000","14,828,000","12,951,000","11,997,000","11,482,000","10,879,000","10,014,000","8,579,900","8,651,000","8,220,000","8,956,000","11,020,255","10,329,000","9,949,000","10,675,000","10,044,000","9,877,000","9,619,000","8,963,000","7,600,000","5,200,000","4,300,000","3,800,000"
NetIncomeFromContinuingAndDiscontinuedOperation,"443,329,000","24,537,000","360,505,000","42,569,000","15,717,000","77,922,000","58,088,000","60,883,000","38,101,000","-6,404,000","123,023,000","30,745,000","32,589,000","32,449,000","50,615,000","30,723,000","28,479,000","18,871,000","49,871,000","32,358,000","31,376,000","25,820,000","43,158,000","45,569,000","33,770,000","29,943,000","35,467,000","37,375,000","38,916,000","21,877,000","32,754,000","28,759,000","35,049,000","28,765,000","20,754,000","27,806,000","36,040,000","22,922,000","30,203,000","31,650,000","31,188,000","28,539,000","29,819,000","25,498,000","28,514,000","30,935,000","26,867,000","19,834,000","18,710,000","17,636,000","17,704,000","19,334,000","11,137,000","18,652,000","20,276,000","18,762,000","16,730,000","16,794,000","16,856,000","18,088,000","17,078,000","16,439,000","14,831,000","12,790,000","13,199,000","12,311,000","11,150,000","18,189,000","11,730,000","10,188,000","9,590,000","8,129,000","7,489,000","6,399,000","17,626,000","7,200,000","5,947,000","5,033,000","5,344,398","3,914,000","3,318,000","1,516,000","-1,628,806","-1,457,000","-1,709,000","-3,040,000","-5,077,000","-5,908,000","-5,935,000","-5,300,000","-4,400,000","-2,700,000","-3,100,000","-2,800,000"
NormalizedIncome,"249,701,600","17,080,817","51,138,320","63,085,400","59,788,047","76,132,984","58,088,000","48,718,378","38,103,199","8,803,360","123,023,000","30,745,000","32,589,000","32,449,000","50,615,000","30,723,000","28,479,000","18,871,000","49,871,000","32,358,000","31,376,000","25,820,000","43,158,000","45,569,000","33,770,000","29,943,000","35,467,000","37,375,000","38,916,000","21,877,000","32,754,000","28,759,000","35,049,000","28,765,000","20,754,000","27,806,000","36,040,000","22,922,000","30,203,000","31,650,000","31,188,000","28,539,000","29,819,000","25,498,000","28,514,000","30,935,000","26,867,000","19,834,000","18,710,000","17,636,000","17,806,934.222","19,334,000","16,652,800","18,652,000","20,276,000","18,762,000","16,730,000","16,794,000","16,856,000","18,088,000","17,078,000","16,439,000","14,831,000","12,790,000","13,199,000","12,311,000","10,865,116.666","11,773,430.83","11,730,000","10,188,000","9,590,000","8,129,000","7,489,000","6,207,224.919","17,626,000","7,079,793.295","5,881,102.618","4,962,301.063","5,344,398","3,876,800","3,178,800","1,460,200","-625,111.6","-1,622,000","-1,935,200","-3,293,800","-5,077,000","-6,329,800","-6,340,600","-5,778,800","-4,400,000","-2,700,000","-3,100,000","-2,860,000"
InterestIncome,,,,,,,,,,,,,,,,,,,,,,,,,,,,,,,,,,,,"-4,576,000","-4,817,000","-4,716,000",,,,,,,,,"5,068,000","491,000","1,067,000","192,000","2,623,000","20,000","315,000",,,,,,,,,,,,,,,,,,,,,,,,,,,,,,,,,,,,,,,,,
InterestExpense,"62,056,000","11,510,000","9,191,000","19,862,000","21,403,000","21,704,000","66,096,000","22,712,000","22,196,000","20,971,000","18,921,000","17,271,000","17,335,000","16,019,000","15,559,000","15,175,000","15,502,000","15,751,000","16,371,000","25,326,000","13,670,000","12,410,000","10,399,000","10,436,000","10,301,000","10,233,000","11,005,000","10,259,000","10,881,000","10,313,000","10,451,000","10,123,000","5,682,000","4,948,000","7,145,000","4,576,000","4,817,000","4,716,000","4,583,000",,,,,,,,,,,,,,,,,,,,,,,,,,,,,,,,,,,,,,,,,,,,,,,,,,,,,,,
NetInterestIncome,"-62,056,000","-11,510,000","-9,191,000","-19,862,000","-21,403,000","-21,704,000","-66,096,000","-22,712,000","-22,196,000","-20,971,000","-18,921,000","-17,271,000","-17,335,000","-16,019,000","-15,559,000","-15,175,000","-15,502,000","-15,751,000","-16,371,000","-25,326,000","-13,670,000","-12,410,000","-10,399,000","-10,436,000","-10,301,000","-10,233,000","-11,005,000","-10,259,000","-10,881,000","-10,313,000","-10,451,000","-10,123,000","-5,682,000","-4,948,000","-7,145,000","-4,576,000","-4,817,000","-4,716,000","-4,583,000","-2,747,000","809,000","-719,000","904,000","290,000","299,000","-327,000","4,964,000","491,000","1,067,000","192,000","2,184,000","20,000","315,000","142,000",,,,,,,,,,,,,,,,,,,,,,,,,,,,,,,,,,,,,,,,
EBIT,"436,183,000","41,912,000","224,206,000","73,201,000","45,024,000","81,081,000","144,105,000","108,634,000","82,096,000","27,539,000","105,011,000","58,495,000","56,991,000","48,647,000","88,128,000","55,818,000","53,989,000","41,639,000","98,911,000","66,847,000","54,333,000","47,652,000","68,599,000","71,840,000","59,158,000","53,212,000","53,438,000","54,647,000","49,978,000","41,314,000","53,217,000","46,227,000","45,023,000","41,904,000","39,049,000","39,308,000","52,607,000","32,987,000","44,053,000","42,277,000","40,027,000","37,610,000","39,808,000","36,444,000","37,944,000","23,067,000","33,150,000","27,239,000","25,893,000","24,459,000","17,522,000","26,667,000","27,564,000","26,465,000","26,210,000","25,161,000","24,064,000","22,499,000","21,170,000","21,273,000","22,150,000","21,833,000","16,726,000","15,769,000","17,190,000","16,352,000","16,434,000","16,292,000","15,336,000","13,359,000","13,102,000","11,940,000","11,003,000","9,991,000","8,477,000","7,421,000","6,158,000","5,194,000","5,444,847","3,852,000","3,086,000","1,423,000","-1,439,592","-1,732,000","-2,086,000","-3,463,000","-5,250,000","-6,611,000","-6,611,000","-6,098,000","-5,000,000","-3,300,000","-2,700,000","-2,400,000"
EBITDA,"688,065,000"
ReconciledCostOfRevenue,"190,301,000","46,100,000","2,591,000","64,302,000","63,337,000","57,822,000","60,027,000","55,822,000","56,802,000","59,131,000","64,328,000","61,716,000","60,266,000","51,013,000","55,962,000","49,217,000","47,749,000","48,145,000","45,974,000","42,371,000","43,159,000","40,810,000","40,230,000","36,992,000","35,591,000","34,288,000","34,608,000","30,669,000","29,494,000","28,186,000","28,998,000","28,044,000","25,558,000","23,388,000","22,178,000","21,801,000","22,679,000","20,235,000","18,659,000","16,303,000","16,187,000","15,864,000","14,661,000","15,002,000","15,158,000","15,792,000","12,708,000","10,732,000","10,380,000","10,266,000","10,480,000","11,258,000","11,600,000","11,392,000","11,224,000","11,670,000","11,725,000","11,631,000","11,597,000","11,168,000","10,232,000","10,990,000","8,776,000","9,648,000","9,289,000","9,010,000","8,248,000","8,105,000","6,912,000","6,497,000","4,448,000","4,363,000","4,063,000","3,640,000","3,572,000","3,494,000","3,247,000","3,010,000","1,637,502","2,550,000","2,701,000","3,440,000","3,457,846","3,387,000","3,063,000","3,505,000","-48,000","1,709,000","1,677,000","1,362,000","-700,000","1,200,000","1,200,000","600,000"
ReconciledDepreciation,"251,882,000","59,071,000","61,860,000","66,217,000","64,734,000","65,492,000","65,057,000","59,612,000","45,254,000","58,814,000","68,568,000","69,633,000","61,245,000","54,005,000","54,324,000","46,375,000","43,857,000","42,618,000","43,444,000","39,372,000","39,902,000","39,323,000","33,522,000","30,336,000","31,059,000","27,174,000","29,578,000","20,454,000","21,894,000","21,287,000","19,646,000","14,852,000","15,318,000","13,137,000","11,364,000","10,183,000","9,479,000","8,762,000","6,609,000","5,358,000","5,271,000","4,926,000","4,864,000","4,811,000","4,972,000","5,109,000","3,537,000","3,076,000","3,929,000","3,968,000","3,717,000","3,627,000","3,708,000","3,655,000","3,499,000","3,338,000","3,232,000","3,108,000","2,946,000","2,618,000","2,406,000","2,164,000","2,232,000","2,036,000","1,971,000","1,989,000","1,922,000","1,794,000","1,704,000","1,689,000","1,094,000","1,290,000","1,137,000","1,028,000","924,000","1,052,000","1,015,000","919,000","873,432",,,"112,000","1,727,314","1,727,000","1,734,000","1,736,000","4,045,000","1,141,000","1,140,000","661,000",,,,"500,000"
NetIncomeFromContinuingOperationNetMinorityInterest,"387,152,000","24,537,000","265,186,000","42,569,000","15,717,000","77,922,000","58,088,000","60,883,000","38,101,000","-6,404,000","123,023,000","30,745,000","32,589,000","32,449,000","50,615,000","30,723,000","28,479,000","18,871,000","49,871,000","32,358,000","31,376,000","25,820,000","43,158,000","45,569,000","33,770,000","29,943,000","35,467,000","37,375,000","38,916,000","21,877,000","32,754,000","28,759,000","35,049,000","28,765,000","20,754,000","27,806,000","36,040,000","22,922,000","30,203,000","31,650,000","31,188,000","28,539,000","29,819,000","25,498,000","28,514,000","30,935,000","26,867,000","19,834,000","18,710,000","17,636,000","17,704,000","19,334,000","11,137,000","18,652,000","20,276,000","18,762,000","16,730,000","16,794,000","16,856,000","18,088,000","17,078,000","16,439,000","14,831,000","12,790,000","13,199,000","12,311,000","11,150,000","18,189,000","11,730,000","10,188,000","9,590,000","8,129,000","7,489,000","6,399,000","17,626,000","7,200,000","5,947,000","5,033,000","5,344,398","3,914,000","3,318,000","1,516,000","-1,628,806","-1,457,000","-1,709,000","-3,040,000","-5,077,000","-5,908,000","-5,935,000","-5,300,000","-4,400,000","-2,700,000","-3,100,000","-2,800,000"
TotalUnusualItemsExcludingGoodwill,"229,084,000","8,951,000","293,216,000","-24,600,000","-48,483,000","1,979,000","0","16,966,000","-3,000","-20,832,000",,,,,,,,,,,,,,,,,,,,,,,,,,,,,,,,,,,,,"0","0","0",,"-150,000","0","-9,193,000",,,,,,,,,,,,,,"461,000","9,347,000",,,,,,"305,000",,"126,000","69,000","74,000",,"62,000","232,000","93,000","-1,672,824","275,000","377,000","423,000",,"703,000","676,000","798,000",,,,"100,000"
TotalUnusualItems,"229,084,000","8,951,000","293,216,000","-24,600,000","-48,483,000","1,979,000","0","16,966,000","-3,000","-20,832,000",,,,,,,,,,,,,,,,,,,,,,,,,,,,,,,,,,,,,"0","0","0",,"-150,000","0","-9,193,000",,,,,,,,,,,,,,"461,000","9,347,000",,,,,,"305,000",,"126,000","69,000","74,000",,"62,000","232,000","93,000","-1,672,824","275,000","377,000","423,000",,"703,000","676,000","798,000",,,,"100,000"
NormalizedEBITDA,"458,981,000","92,032,000","-7,150,000","164,018,000","158,241,000","144,594,000","209,162,000","151,280,000","127,353,000","107,185,000","173,579,000","128,128,000","118,236,000","102,652,000","142,452,000","102,193,000","97,846,000","84,257,000","142,355,000","106,219,000","94,235,000","86,975,000","102,121,000","102,176,000","90,217,000","80,386,000","83,016,000","75,101,000","71,872,000","62,601,000","72,863,000","61,079,000","60,341,000","55,041,000","50,413,000","49,491,000","62,086,000","41,749,000","50,662,000","47,635,000","45,298,000","42,536,000","44,672,000","41,255,000","42,916,000","28,176,000","36,687,000","30,315,000","29,822,000","28,427,000","21,389,000","30,294,000","40,465,000","30,120,000","29,709,000","28,499,000","27,296,000","25,607,000","24,116,000","23,891,000","24,556,000","23,997,000","18,958,000","17,805,000","19,161,000","18,341,000","17,895,000","8,739,000","17,040,000","15,048,000","14,196,000","13,230,000","12,140,000","10,714,000","9,401,000","8,347,000","7,104,000","6,039,000","6,318,279","3,790,000","2,854,000","1,442,000","1,960,546","-280,000","-729,000","-2,150,000","-1,205,000","-6,173,000","-6,146,000","-6,235,000","-5,000,000","-3,300,000","-2,700,000","-2,000,000"
TaxRateForCalcs,"0.4","0.167","0.27","0.166","0.091","0.096","0.248","0.283","0.267","0.27","0.27","0.17","0.281","0.27","0.295","0.229","0.183","0.271","0.396","0.221","0.228","0.267","0.258","0.258","0.309","0.303","0.164","0.158","0.005","0.294","0.234","0.203","0.109","0.222","0.337","0.205","0.247","0.195","0.196","0.199","0.236","0.226","0.243","0.306","0.254","0.35","0.142","0.285","0.306","0.285","0.314","0.276","0.4","0.299","0.246","0.3","0.321","0.295","0.282","0.242","0.304","0.302","0.258","0.263","0.278","0.301","0.382","0.314","0.27","0.27","0.276","0.347","0.34","0.371","0.4","0.046","0.045","0.045","0.4","0.4","0.4","0.4","0.4","0.4","0.4","0.4","0.4","0.4","0.4","0.4","0.4","0.4","0.4","0.4"
TaxEffectOfUnusualItems,"91,633,600","1,494,817","79,168,320","-4,083,600","-4,411,953","189,984","0","4,801,378","-801","-5,624,640","0","0","0","0","0","0","0","0","0","0","0","0","0","0","0","0","0","0","0","0","0","0","0","0","0","0","0","0","0","0","0","0","0","0","0","0","0","0","0","0","-47,065.778","0","-3,677,200","0","0","0","0","0","0","0","0","0","0","0","0","0","176,116.666","2,931,430.83","0","0","0","0","0","113,224.919","0","5,793.295","3,102.618","3,301.063","0","24,800","92,800","37,200","-669,129.6","110,000","150,800","169,200","0","281,200","270,400","319,200","0","0","0","40,000"